Quarters,Year,Quarter,FillingDate,Date,NetIncome,Revenue,OperatingIncome,EPSDiluted,GrossProfit,GrossProfitRatio,TotalAssets,CommonStockEquity,CurrentAssets,CurrentLiability,TotalLiability,Inventory,RetainedEarnings,MarketCap,EnterpriseValue,bookValuePerShare,currentRatio,debtToAssets,debtToEquity,roic,shareholdersEquityPerShare,roe,priceToSalesRatio,peRatio,pbRatio,payoutRatio,inventoryTurnover,dividendYield,assetTurnover,quickRatio,returnOnAssets,priceToFreeCashFlowsRatio,grossProfitMargin,epsdilutedGrowth,fiveYNetIncomeGrowthPerShare,fiveYRevenueGrowthPerShare,fiveYShareholdersEquityGrowthPerShare,grossProfitGrowth,netIncomeGrowth,operatingIncomeGrowth,threeYNetIncomeGrowthPerShare,threeYRevenueGrowthPerShare,threeYShareholdersEquityGrowthPerShare,Industry,Sector,Symbol
2023Q1,2023,Q1,2023-05-09,2023-03-31,-13500000.0,537900000.0,36200000.0,-0.31,151500000.0,0.2816508645,9297400000.0,2706900000.0,2232300000.0,1781200000.0,6590500000.0,601800000.0,894100000.0,4692468000.0,8577168000.0,72.33832175307322,1.2532562317538738,0.466721879235055,1.6030514610809412,0.0034527647022458514,72.33832175307322,-0.0049872547933059955,8.723680981595091,-86.89755555555556,1.7335210018840743,-0.5111111111111111,0.6420737786640079,0.0014704415672094088,0.057854884161163335,0.513137210869077,-0.0014520188439778863,-38.305861224489796,0.28165086447295035,-1.7560975609756098,-2.9226533846919405,0.588562476364785,1.7102757883484767,0.21882542236524538,-1.7714285714285714,-0.39767054908485855,-2.5182035401012355,0.6013136131293735,1.1382875540099406,Specialty Industrial Machinery,Industrials,GTLS
2022Q4,2022,Q4,2023-02-24,2022-12-31,17500000.0,441400000.0,60100000.0,0.41,124300000.0,0.2816039873,5901900000.0,2684300000.0,3690900000.0,1081600000.0,3217600000.0,357900000.0,902200000.0,4311906600.0,5950406600.0,71.73436664885088,3.412444526627219,0.3900608278689913,0.8576165108221883,0.00714418850577336,71.73436664885088,0.006519390530119584,9.768705482555506,61.598665714285715,1.6063430317028649,0.0,0.8860016764459346,0.0,0.074789474575984,0.8709319526627219,0.002965146817126688,958.2014666666666,0.2816039873130947,-0.5816326530612246,-0.45923180014580717,0.1866730774633631,1.7524106275886686,0.18833652007648183,-0.5752427184466019,0.4412470023980815,0.3490607920553094,0.23229228584843947,1.0902071481177875,Specialty Industrial Machinery,Industrials,GTLS
2022Q3,2022,Q3,2022-10-28,2022-09-30,41200000.0,412100000.0,41700000.0,0.98,104600000.0,0.2538218879,3069200000.0,1617400000.0,929500000.0,754900000.0,1443300000.0,357500000.0,942600000.0,6612634500.0,7382334500.0,45.09060496236409,1.2312889124387336,0.27994265606672747,0.531222950414245,0.01736235916805337,45.09060496236409,0.025472981328057375,16.0461890317884,40.12520934466019,4.08843483368369,0.0,0.8601398601398601,0.0,0.1342695164863808,0.6428666048483243,0.013423693470611234,340.85744845360824,0.2538218878912885,2.161290322580645,15.773481107650793,0.4689800994465251,0.900175739089249,0.10337552742616034,2.169230769230769,0.40878378378378377,1.1964521318069261,0.14822873668235217,0.34538175507229013,Specialty Industrial Machinery,Industrials,GTLS
2022Q2,2022,Q2,2022-07-29,2022-06-30,13000000.0,404800000.0,29600000.0,0.31,94800000.0,0.2341897233,3167600000.0,1605400000.0,1012400000.0,775200000.0,1553600000.0,363000000.0,901400000.0,6002246800.0,6797946800.0,44.768544339096486,1.305985552115583,0.2984594014395757,0.5888875046717329,0.009148022253763991,44.768544339096486,0.008097670362526474,14.827684782608696,115.42782307692306,3.738785847763797,0.0,0.8539944903581267,0.0,0.1277939133729006,0.7211042311661506,0.004104053542113903,342.98553142857145,0.2341897233201581,0.19230769230769226,3.0025800017996285,0.4560789399207324,0.9146417179784928,0.13261648745519714,0.22641509433962265,0.472636815920398,-0.18256568755035008,0.18389055341545008,0.21755141526967325,Specialty Industrial Machinery,Industrials,GTLS
2022Q1,2022,Q1,2022-04-29,2022-03-31,10600000.0,354100000.0,20100000.0,0.26,83700000.0,0.2363739057,3085900000.0,1620700000.0,910800000.0,721600000.0,1456500000.0,350600000.0,888400000.0,6154519100.0,6953619100.0,45.233044934412504,1.2621951219512195,0.2912602482258012,0.5545751835626581,0.006594488188976377,45.233044934412504,0.006540383784784352,17.380737362327025,145.15375235849058,3.7974449929043006,0.0,0.7712492869366799,0.0,0.1147477235166402,0.6633869179600886,0.0034349784503710425,-176.85399712643678,0.2363739056763626,-0.10344827586206887,4.076470717260898,0.48647234915072035,0.9793027550689697,0.01824817518248175,-0.12396694214876033,-0.009852216748768473,9.377461469283965,0.07846304210100721,0.6066687990317313,Specialty Industrial Machinery,Industrials,GTLS
2021Q4,2021,Q4,2022-02-24,2021-12-31,12100000.0,378900000.0,20300000.0,0.29,82200000.0,0.2169437846,3043800000.0,1616600000.0,853500000.0,693900000.0,1418600000.0,321500000.0,878200000.0,5685818500.0,6447518500.0,45.34642356241234,1.2300043233895375,0.29039358696366385,0.5467648150439194,0.0061895094077367985,45.34642356241234,0.0074848447358653964,15.006119028767484,117.47558884297521,3.517146170976123,0.0,0.9228615863141524,0.0,0.12448255470136015,0.6513906903011961,0.003975294040344307,1386.785,0.21694378463974665,-0.19444444444444448,3.677828032697122,0.5169164589930824,0.9898018333281723,0.09746328437917223,-0.18791946308724833,0.48175182481751827,-0.41647426906893953,0.14636496676437447,0.6041713886578657,Specialty Industrial Machinery,Industrials,GTLS
2021Q3,2021,Q3,2021-10-21,2021-09-30,14900000.0,328300000.0,13700000.0,0.36,74900000.0,0.2281449893,2981800000.0,1582400000.0,859500000.0,719500000.0,1391300000.0,341100000.0,866100000.0,6807338200.000001,7526638200.000001,44.42448062886019,1.1945795691452397,0.2757394862163794,0.5195904954499494,0.004165361661638621,44.42448062886019,0.009416076845298282,20.7351148339933,114.21708389261745,4.301907355915066,0.0,0.7428906479038405,0.0,0.1101012811053726,0.6037526059763725,0.004996981688912737,-294.6899653679654,0.2281449893390192,1.2499999999999998,-0.14849665679790655,0.3823064458846881,0.9130042407719031,-0.09975961538461539,1.2923076923076924,-0.46484375,-0.41531607407519816,0.050680379596698036,0.6473370386155971,Specialty Industrial Machinery,Industrials,GTLS
2021Q2,2021,Q2,2021-07-22,2021-06-30,6500000.0,322000000.0,25600000.0,0.16,83200000.0,0.2583850932,2830000000.0,1576400000.0,875300000.0,675800000.0,1246200000.0,310100000.0,851200000.0,5210455200.0,5745955200.0,44.26846391463072,1.2952056821544835,0.2591166077738516,0.4651738137528546,0.009196524466041063,44.26846391463072,0.004123318954580056,16.181537888198758,200.4021230769231,3.3052874904846483,0.0,0.7700741696227024,0.0,0.1137809187279152,0.7191476768274637,0.0022968197879858657,-100.58793822393822,0.25838509316770186,-0.7460317460317459,-0.7361024869117611,0.11914362329186805,0.9531754378098942,-0.00834326579261025,-0.74609375,-0.11418685121107267,-0.5406994929258476,-0.12515661705923098,0.6784380229790773,Specialty Industrial Machinery,Industrials,GTLS
2021Q1,2021,Q1,2021-04-22,2021-03-31,25600000.0,288500000.0,28900000.0,0.63,83900000.0,0.2908145581,2652300000.0,1559000000.0,713800000.0,660300000.0,1086300000.0,279900000.0,844700000.0,5060542500.0,5531742500.0,43.85372714486638,1.0810237770710283,0.22097801907778156,0.37594611930724825,0.0118881905817426,43.85372714486638,0.01642078255291854,17.540875216637783,49.419360351562496,3.2460182809493263,0.0,0.7309753483386924,0.0,0.1087735173245862,0.5692866878691504,0.009652000150812502,-1581.41953125,0.2908145580589255,-0.35714285714285715,5.7115580987611505,0.2803120576154566,0.9820043755182639,-0.04550625711035267,-0.3245382585751979,-0.24935064935064935,2.837703089383578,-0.10316458210449517,0.6430529770276605,Specialty Industrial Machinery,Industrials,GTLS
2020Q4,2020,Q4,2021-03-01,2020-12-31,37900000.0,312400000.0,38500000.0,0.98,87900000.0,0.2813700384,2570500000.0,1572700000.0,703000000.0,634800000.0,991200000.0,248400000.0,808400000.0,4162698600.0,4508798600.0,44.50198075834748,1.1074354127284185,0.18331063995331648,0.29961213200228903,0.016036881695589072,44.50198075834748,0.02409868379220449,13.324899487836108,27.458434036939316,2.6468484771412224,0.0,0.9037842190016103,0.0,0.12153277572456721,0.638468809073724,0.014744213188095701,84.60769512195122,0.2813700384122919,1.2272727272727273,1.1415665720236117,0.03438174020196721,1.0248443716875513,0.1183206106870229,1.3987341772151898,0.3701067615658363,0.24007954541323262,-0.11070259745312262,0.7075180350809466,Specialty Industrial Machinery,Industrials,GTLS
2020Q3,2020,Q3,2020-10-22,2020-09-30,15800000.0,273200000.0,28100000.0,0.44,78600000.0,0.2877013177,2452900000.0,1286200000.0,728500000.0,352900000.0,1160800000.0,237600000.0,550600000.0,2475612100.0,3092512100.0,36.50865739426625,2.0643241711533014,0.300705287618737,0.5734722438190017,0.009821827561643594,36.50865739426625,0.012284248172912455,9.061537701317716,39.171077531645565,1.9247489503965167,0.0,0.819023569023569,0.0,0.1113783684618207,1.0807594219325587,0.006441355130661666,94.12973764258555,0.287701317715959,-0.22807017543859642,1.8734844491302058,-0.10430907435032992,0.2313733533839757,-0.14935064935064934,-0.21393034825870647,-0.15868263473053892,5.5494044158061575,-0.00845432088184808,0.5385214969994239,Specialty Industrial Machinery,Industrials,GTLS
2020Q2,2020,Q2,2020-07-23,2020-06-30,20100000.0,310400000.0,33400000.0,0.57,92400000.0,0.2976804124,2452600000.0,1240700000.0,684300000.0,359600000.0,1206200000.0,248600000.0,528900000.0,1705878200.0,2362378200.0,35.267197271176805,1.902947719688543,0.31762211530620565,0.6278713629402757,0.013739476489510868,35.267197271176805,0.016200531957765777,5.49574162371134,21.21739054726368,1.3749320544853711,0.0,0.8769106999195495,0.0,0.12655956943651636,1.0912124582869855,0.008195384489929056,38.682045351473924,0.297680412371134,1.3749999999999998,0.015517726585061453,-0.004398371008106373,0.18959850274376225,0.010940919037199124,1.3647058823529412,0.48444444444444446,5.30822501678652,0.13810040878397797,0.5082922209870345,Specialty Industrial Machinery,Industrials,GTLS
2020Q1,2020,Q1,2020-04-23,2020-03-31,8500000.0,321100000.0,22500000.0,0.24,91400000.0,0.2846465276,2423000000.0,1210100000.0,651100000.0,358100000.0,1208100000.0,235400000.0,508800000.0,1036614600.0,1733714600.0,33.83002516074923,1.818207204691427,0.3245563351217499,0.6498636476324271,0.009243283214197684,33.83002516074923,0.007024212874969011,3.2283232637807537,30.488664705882353,0.8566354846706884,0.0,0.975785896346644,0.0,0.1325216673545192,1.0413292376431165,0.0035080478745356997,68.19832894736842,0.2846465275615073,-0.2941176470588236,0.3800255817470685,0.11579556910782213,0.16830071747123765,0.06651108518086347,-0.31451612903225806,0.40625,3.4711193086210983,0.3502030411528593,0.48033063221400846,Specialty Industrial Machinery,Industrials,GTLS
2019Q4,2019,Q4,2020-02-14,2019-12-31,12400000.0,342400000.0,16000000.0,0.34,85700000.0,0.2502920561,2481400000.0,1227600000.0,673600000.0,378300000.0,1249000000.0,219400000.0,500300000.0,2414117300.0,3106517300.0,34.319261951355884,1.7805974094633887,0.32699282663012813,0.6609644835451287,0.010486291271420872,34.319261951355884,0.010101010101010102,7.050576226635514,48.67171975806451,1.9665341316389702,0.0,1.1700091157702825,0.0,0.1379866204561941,1.077716098334655,0.00499717901184815,34.93657452966715,0.25029205607476634,-0.3333333333333333,-0.6080706742303322,-0.10560080955195882,0.18831184129864256,-0.15316205533596838,-0.33689839572192515,-0.46488294314381273,3.735014244205033,0.36619096328288114,0.5059297952194427,Specialty Industrial Machinery,Industrials,GTLS
2019Q3,2019,Q3,2019-10-17,2019-09-30,18700000.0,357800000.0,29900000.0,0.51,101200000.0,0.2828395752,2497800000.0,1198500000.0,683900000.0,374400000.0,1294700000.0,234900000.0,487900000.0,2229993600.0,2993193600.0,33.51510067114094,1.826655982905983,0.3378573144367043,0.7041301627033792,0.010720484921088541,33.51510067114094,0.015602836879432624,6.232514253773058,29.812748663101605,1.8606538172715894,0.0,1.092379736057897,0.0,0.14324605652974617,1.0331196581196582,0.0074865881976139,50.56674829931973,0.28283957518166575,0.24390243902439035,-0.30440680933000747,0.03501553561279743,0.18096612645197196,0.2222222222222222,0.2986111111111111,0.18181818181818182,0.06448145707936438,0.5006181388073352,0.44322519489711554,Specialty Industrial Machinery,Industrials,GTLS
2019Q2,2019,Q2,2019-07-18,2019-06-30,14400000.0,309600000.0,25300000.0,0.41,82800000.0,0.2674418605,1983900000.0,1193900000.0,710700000.0,354900000.0,785200000.0,228800000.0,469200000.0,2456030800.0,2616730800.0,36.769325531259625,2.0025359256128485,0.15585462976964565,0.2589831644191306,0.012602331250458456,36.769325531259625,0.012061311667643857,7.9329160206718345,42.63942361111111,2.0571495100092134,0.0,0.9912587412587412,0.0,0.15605625283532437,1.193293885601578,0.007258430364433691,104.06910169491526,0.26744186046511625,12.666666666666668,-0.3284615566287071,-0.05557915996741545,0.32022037117665947,0.23397913561847988,15.0,4.5,-0.35882863541996396,0.18010483543443745,0.6223048450695632,Specialty Industrial Machinery,Industrials,GTLS
2019Q1,2019,Q1,2019-04-18,2019-03-31,900000.0,289300000.0,4600000.0,0.03,67100000.0,0.2319391635,1913300000.0,888800000.0,645200000.0,579200000.0,1019800000.0,234700000.0,454800000.0,2864030400.0,3324930400.0,28.153310104529616,1.113950276243094,0.27847175037892646,0.5994599459945995,-0.0032357906584130555,28.153310104529616,0.0010126012601260127,9.899863117870723,795.564,3.2223564356435643,0.0,0.9467405198125266,0.0,0.1512047248209899,0.5973756906077348,0.0004703914702346731,-73.24885933503836,0.23193916349809887,-0.9464285714285714,-0.9278897963325168,0.04448450273050117,0.036399459481952987,-0.09201623815967523,-0.9505494505494505,-0.8250950570342205,1.1865228823965879,0.4457176226286817,0.2724114333126261,Specialty Industrial Machinery,Industrials,GTLS
2018Q4,2018,Q4,2019-02-22,2018-12-31,18200000.0,290100000.0,26300000.0,0.56,73900000.0,0.2547397449,1897700000.0,884500000.0,661700000.0,366600000.0,1008700000.0,233100000.0,453900000.0,2034788700.0,2461088700.0,28.26781719399169,1.8049645390070923,0.2868735838119829,0.6154889768230639,0.01529611659637918,28.26781719399169,0.020576596947427927,7.0140941054808685,27.95039423076923,2.3004959864330132,0.0,0.9274989274989275,0.0,0.1528692627918006,1.0021822149481725,0.009590556990040576,140.33025517241379,0.25473974491554635,-0.16417910447761191,-0.23905340464085256,-0.07380373135751751,0.05727157837188452,-0.10206561360874848,-0.18018018018018017,-0.16507936507936508,1.076781019778987,0.0848720764390854,0.2861883801522751,Specialty Industrial Machinery,Industrials,GTLS
2018Q3,2018,Q3,2018-10-18,2018-09-30,22200000.0,272200000.0,31500000.0,0.67,82300000.0,0.3023512123,1738500000.0,836800000.0,667800000.0,316200000.0,897500000.0,188200000.0,406900000.0,2425615100.0,2778615100.0,26.967450854012245,2.111954459203036,0.293471383376474,0.6097036328871893,0.019636512011424884,26.967450854012245,0.02652963671128107,8.91115025716385,27.315485360360363,2.8986796128107075,0.0,1.0090329436769394,0.0,0.15657175726200748,1.166034155597723,0.01276962899050906,218.52388288288287,0.3023512123438648,0.7631578947368421,-0.1139355569241414,-0.11989772486952974,0.05225387758826015,-0.02603550295857988,0.8048780487804879,0.3404255319148936,3.5839049767506106,0.013203001812777308,-0.09043490611797093,Specialty Industrial Machinery,Industrials,GTLS
2018Q2,2018,Q2,2018-07-19,2018-06-30,12300000.0,319900000.0,23500000.0,0.38,84500000.0,0.2641450453,1749300000.0,816300000.0,661000000.0,393000000.0,929200000.0,233500000.0,384700000.0,1908996000.0,2271196000.0,26.37479806138934,1.6819338422391859,0.2919453495683988,0.6256278329045694,0.012817096678837741,26.37479806138934,0.015067989709665565,5.9674773366677085,38.80073170731707,2.338596104373392,0.0,1.0081370449678801,0.0,0.18287314925970388,1.0027989821882952,0.007031383982164294,170.44607142857143,0.2641450453266646,1.1111111111111112,-0.3989294022617125,0.048240315290553955,0.07316790786189462,0.0959792477302205,1.1206896551724137,0.3905325443786982,-0.2936308159661655,0.1663081429151139,-0.11035118433864431,Specialty Industrial Machinery,Industrials,GTLS
2018Q1,2018,Q1,2018-04-19,2018-03-31,5800000.0,279700000.0,16900000.0,0.18,77100000.0,0.2756524848,1752100000.0,825000000.0,650000000.0,382000000.0,923500000.0,223100000.0,372400000.0,1824617300.0,2194017300.0,26.690391459074732,1.7015706806282722,0.29233491239084525,0.6208484848484849,0.009258325275306263,26.690391459074732,0.00703030303030303,6.523479799785484,78.6472974137931,2.2116573333333336,0.0,0.9081129538323621,0.0,0.15963700702014724,1.0151832460732984,0.0033103133382797784,111.2571524390244,0.27565248480514837,-0.7857142857142857,-0.637218303666583,-0.0068180475147691984,0.11345276635124757,-0.06909916327590163,-0.7821105225590743,-0.19650073693719394,0.08972305685476743,0.12475188156937157,-0.0782624800585691,Specialty Industrial Machinery,Industrials,GTLS
2017Q4,2017,Q4,2018-02-22,2017-12-31,26619000.0,305961000.0,21033000.0,0.84,82823000.0,0.2706978994,1724700000.0,802200000.0,634000000.0,387600000.0,919500000.0,208900000.0,364300000.0,1442350800.0,1817850800.0,26.062378167641327,1.6357069143446852,0.288803849944918,0.6209174769384194,0.04983632549563239,26.062378167641327,0.03318249813014211,4.714165530900997,13.54625267665953,1.7979940164547492,0.0,1.0681570129248443,0.0,0.17739954774743433,0.9863261093911249,0.015433988519742564,81.62709677419355,0.2706978994054798,11.481426448736999,0.24614982516234926,-0.021408879984041868,0.11938924202461913,0.17642964688503168,11.63960113960114,1.0769230769230769,-0.022249298691945328,-0.07121747026215976,-0.09758453917486307,Specialty Industrial Machinery,Industrials,GTLS
2017Q3,2017,Q3,2017-10-26,2017-09-30,2106000.0,240531000.0,10127000.0,0.0673,70402000.0,0.292694081,1693023000.0,729807000.0,622201000.0,550455000.0,960615000.0,213590000.0,337709000.0,1206518650.0,1630202650.0,23.729702487400424,1.1303394464579302,0.3238833731142459,0.7513520697937948,0.0041580387517529864,23.729702487400424,0.0028856944370223908,5.0160630022741355,143.22396130104462,1.6532023534989386,0.0,0.7965213727234421,0.0,0.14207190333504033,0.6573125868599613,0.00124392875938484,87.59391970378975,0.29269408101242667,-0.25222222222222224,-0.8896481221722532,-0.08213177311827151,0.04803859079733462,0.11369137071897492,-0.24326266618756737,0.019325616507297434,-0.9089135322171972,-0.19097979519868044,-0.16384035055178034,Specialty Industrial Machinery,Industrials,GTLS
2017Q2,2017,Q2,2017-07-27,2017-06-30,2783000.0,238213000.0,9935000.0,0.09,63215000.0,0.2653717471,1239309000.0,718465000.0,635684000.0,240852000.0,518884000.0,184291000.0,336199000.0,1067148709.9999999,1077257710.0,23.382204575780257,2.6393137694517796,0.19731640777239576,0.34035895972663943,0.006210527667271589,23.382204575780257,0.003873535941207992,4.479808868533623,95.86316115702478,1.4853176007181979,0.0,0.9495743145351645,0.0,0.1922143710729124,1.7342974108581204,0.0022456062208859938,-85.65971343714881,0.2653717471338676,1.9355509355509355,-0.8495334401830026,-0.03724231363008999,0.07226059455854845,0.13573481854114267,1.942750677506775,135.25675675675674,-0.8628538179139682,-0.23212205031677155,-0.16045066484232356,Specialty Industrial Machinery,Industrials,GTLS
2017Q1,2017,Q1,2017-04-27,2017-03-31,-2952000.0,204095000.0,-74000.0,-0.0962,55660000.0,0.2727161371,1232627000.0,701542000.0,633036000.0,252127000.0,529704000.0,185275000.0,333416000.0,1072588119.9999999,1071039119.9999999,22.853019740699718,2.5107822644936877,0.19655175491044735,0.3453463940861702,-4.9077957577605505e-05,22.853019740699718,-0.004207873512918685,5.255337563389597,-90.8357147696477,1.5289007928249485,0.0,0.8011604371879638,0.0,0.1655772589761542,1.6225116707056364,-0.0023948850706661464,-149.2608015585861,0.2727161370930204,0.26000000000000006,-1.2020691833284747,-0.08957441715974004,0.06754445649017642,-0.02518477004448492,0.23878287777204746,-1.0317324185248713,-1.2432400399272403,-0.24220727355899221,-0.15871855853351655,Specialty Industrial Machinery,Industrials,GTLS
2016Q4,2016,Q4,2017-02-23,2016-12-31,-3878000.0,214372000.0,2332000.0,-0.13,57098000.0,0.266350083,1233082000.0,697265000.0,652977000.0,261534000.0,534405000.0,169683000.0,336328000.0,1102067920.0,1060306920.0,22.789416917244083,2.4967193558007756,0.19479483116289104,0.3444859558417531,0.003210241750231037,22.789416917244083,-0.0055617304755007065,5.140913552143004,-71.04615265600826,1.5805582095759865,0.0,0.9268695155083302,0.0,0.17385056306068858,1.7261885643931574,-0.003144965217236161,55.5253889560661,0.26635008303323193,-1.2708333333333333,-1.4457363231882006,-0.055959006590948414,0.1037056797225777,-0.1798974476825187,-1.2581031613976705,-0.8837719298245614,-1.1658179363404517,-0.30005443053573655,-0.14763129289689642,Specialty Industrial Machinery,Industrials,GTLS
2016Q3,2016,Q3,2016-10-27,2016-09-30,15025000.0,203930000.0,20064000.0,0.48,69623000.0,0.3414063649,1217865000.0,710256000.0,627742000.0,224600000.0,505534000.0,182227000.0,339618000.0,1004105550.0,975647550.0,23.22236390387445,2.79493321460374,0.19609562636252786,0.3362421436777725,0.01872657041233815,23.22236390387445,0.021154344349079767,4.92377556024126,16.707247088186357,1.4137234321146177,0.0,0.7370312851553282,0.0,0.16744877305776912,1.8675556544968834,0.012337163807154322,18.00440290478752,0.34140636492914234,-0.2941176470588236,-0.17971244502628242,-0.07585473003732769,0.13188956643468955,-0.19928465457556555,-0.2896988606817,-0.4257420074987836,-0.39158472913122855,-0.3310411050523749,-0.0938771856153416,Specialty Industrial Machinery,Industrials,GTLS
2016Q2,2016,Q2,2016-07-28,2016-06-30,21153000.0,247095000.0,34939000.0,0.68,86951000.0,0.3518929966,1209456000.0,693137000.0,608860000.0,234948000.0,512880000.0,191681000.0,324593000.0,737943660.0,762643660.0,22.664868223137795,2.5914670480276487,0.19666527761241417,0.3431615972022847,0.02403972771763898,22.664868223137795,0.030517776428036592,2.986477508650519,8.721501205502765,1.06464329562554,0.0,0.8354714343101298,0.0,0.20430259554708893,1.6457726816146552,0.017489681311267213,16.596429920834833,0.3518929966207329,5.533333333333334,0.9071362188591834,0.1756217856772271,0.22961185034949183,0.6498927914081327,5.527611301369863,124.02464788732394,0.0461335050029429,-0.18058229124670205,-0.07778595474451733,Specialty Industrial Machinery,Industrials,GTLS
2016Q1,2016,Q1,2016-04-28,2016-03-31,-4672000.0,193757000.0,-284000.0,-0.15,52701000.0,0.2719953344,1177062000.0,676346000.0,565317000.0,228123000.0,495569000.0,203866000.0,303440000.0,663936960.0,728852960.0,22.12594870452761,2.478123643823727,0.19027884682370172,0.33114707560922957,-0.0003215004587065017,22.12594870452761,-0.006907707002037419,3.426647604989755,-35.52744863013699,0.9816528226676878,0.0,0.6919054673167669,0.0,0.16461070020100896,1.458309771482928,-0.003969204680806958,20.151666616080373,0.2719953343621134,0.9802110817941952,-1.583916171656391,0.11910199404073801,0.23521865973978776,-0.2758066289232122,0.9797874917800159,-1.019396257341893,-1.2954963958009231,-0.30429402261327876,-0.07696375188136247,Specialty Industrial Machinery,Industrials,GTLS
2015Q4,2015,Q4,2016-02-26,2015-12-31,-231144000.0,260756000.0,14642000.0,-7.58,72772000.0,0.2790808265,1201976000.0,670592000.0,587230000.0,262039000.0,526240000.0,199302000.0,308091000.0,547995520.0,646081520.0,21.977975878342946,2.2410022935517233,0.18452448301796376,0.330743581790418,0.015556398049855305,21.977975878342946,-0.3446864859706051,2.101564374357637,-0.5926992697193092,0.8171817140675702,0.0,0.9432118092141574,0.0,0.21693943972259014,1.3986658474501887,-0.19230334049931114,15.256,0.27908082651981164,-51.53333333333334,-23.23345320727435,0.5478144423455841,0.26664264664152443,0.06564746884564132,-49.55966386554622,-0.061951438272791336,-11.915888451733952,-0.15866791981874157,-0.056037419093279486,Specialty Industrial Machinery,Industrials,GTLS
2015Q3,2015,Q3,2015-10-29,2015-09-30,4760000.0,264047000.0,15609000.0,0.15,68289000.0,0.2586244116,1439154000.0,904227000.0,572657000.0,238587000.0,528642000.0,220844000.0,538214000.0,585866580.0,722282580.0,29.648731064332086,2.4002020227422283,0.15214007673952892,0.24214384219891685,0.005725904310917167,29.648731064332086,0.0052641648612571845,2.218796577881968,30.770303571428574,0.647919803323723,0.0,0.8864085055514299,0.0,0.1834737630580188,1.3045220401782158,0.0033074987110482965,16.79133816743573,0.25862441156309296,-0.7321428571428571,-0.3188607466375032,0.7846420279208443,0.7331517035960002,-0.08802083333333334,-0.722562219502244,-0.3788451589796649,-0.7484799069797239,0.01609634339467046,0.30945654881641926,Specialty Industrial Machinery,Industrials,GTLS
2015Q2,2015,Q2,2015-07-30,2015-06-30,17157000.0,270252000.0,25129000.0,0.56,74880000.0,0.2770747303,1466053000.0,904064000.0,611600000.0,262712000.0,554829000.0,231555000.0,533454000.0,1090196250.0,1233607250.0,29.646302672569274,2.3280246048905266,0.15435731177522233,0.2503097125867195,0.015855926550567407,29.646302672569274,0.01897763875123885,4.033998823320457,15.885589700996679,1.2058839307836613,0.0,0.8437390684718533,0.0,0.1843398567446061,1.272351472334724,0.011702851124754698,-80.30320050088392,0.27707473025176504,2.2941176470588234,5.689019178551811,0.8165851955356634,0.8002074583081846,0.03250003447182273,2.2704918032786887,0.717517599617251,-0.06532708196119962,0.10055556812114552,0.35951945964406734,Specialty Industrial Machinery,Industrials,GTLS
2015Q1,2015,Q1,2015-04-30,2015-03-31,5246000.0,245105000.0,14631000.0,0.17,72523000.0,0.2958854369,1453892000.0,882192000.0,610659000.0,274588000.0,564499000.0,231235000.0,516297000.0,1068594950.0000001,1197009950.0,28.956607365587868,2.223910003350474,0.1456655652551909,0.2400633875618913,0.009228093455609128,28.956607365587868,0.0059465513176270015,4.359743579282349,50.92427325581395,1.211295216914232,0.0,0.7463489523644777,0.0,0.16858542450195751,1.2095503080979504,0.0036082460045175294,-80.17669192677072,0.29588543685359336,-0.8068181818181818,2.5468556059270475,0.964744654186104,0.7396494185219085,-0.25152228208144983,-0.8053215571306639,-0.6483946938383158,-0.6381682577447985,0.10168871855010654,0.3526643753272956,Specialty Industrial Machinery,Industrials,GTLS
2014Q4,2014,Q4,2015-02-24,2014-12-31,26947000.0,326061000.0,41612000.0,0.88,96894000.0,0.2971652544,1462063000.0,879879000.0,604604000.0,287759000.0,574983000.0,215725000.0,511051000.0,1041937200.0000001,1147283200.0,28.880686667104314,2.1010776378844795,0.1429500643953099,0.23753493378066756,0.028002382185292166,28.880686667104314,0.030625801956859978,3.195528444064148,9.666541730062717,1.1841823705304935,0.0,1.0623108123768688,0.0,0.2230143297518643,1.184720547402514,0.018430806333242823,31.230321014297278,0.2971652543542466,0.1891891891891892,0.6242695423538108,1.367894643629602,0.7312828753951853,0.06204991614876196,0.17924817294647938,0.03114855656052534,2.110497513002523,0.4420186063875533,0.398709674079098,Specialty Industrial Machinery,Industrials,GTLS
2014Q3,2014,Q3,2014-10-30,2014-09-30,22851000.0,293841000.0,40355000.0,0.74,91233000.0,0.3104842415,1495605000.0,862620000.0,653240000.0,281128000.0,626068000.0,227527000.0,484104000.0,1858107480.0,1992648480.0,28.379392025266483,2.3236390540963545,0.18384733937102377,0.31875333286962976,0.023274251732083497,28.379392025266483,0.026490227446616124,6.323513328636916,20.328513850597346,2.1540278222160394,0.0,0.8904789321706874,0.0,0.1964696560923506,1.3496983580433113,0.015278766786684987,284.0708576670234,0.3104842414775338,0.1384615384615384,1.6528196501619938,1.2124428426722411,0.7902388804380349,-0.010284114947765809,0.13862175494543824,0.18537774644577606,0.2553039671096375,0.3398727915498554,0.38325012337782005,Specialty Industrial Machinery,Industrials,GTLS
2014Q2,2014,Q2,2014-07-31,2014-06-30,20069000.0,306810000.0,34044000.0,0.65,92181000.0,0.3004497898,1487993000.0,846361000.0,653361000.0,294234000.0,635089000.0,226956000.0,461253000.0,2514081970.0,2644530970.0,27.850899996709337,2.2205489508350498,0.1835512667062278,0.322702723778624,0.021223442214786167,27.850899996709337,0.023712103936736215,8.194263452951338,31.317977602272162,2.970460559973817,0.0,0.9456855073230054,0.0,0.20619048611115778,1.3011548631361434,0.013487294631090335,403.28552614693615,0.3004497897721717,0.7105263157894737,0.05573157207951549,0.8473835689860925,0.7748692016991824,0.1887266912542233,0.672834875385513,0.5372527770251965,0.820895205562889,0.46900290115569326,0.5109638556773982,Specialty Industrial Machinery,Industrials,GTLS
2014Q1,2014,Q1,2014-04-29,2014-03-31,11997000.0,266240000.0,22146000.0,0.38,77546000.0,0.2912635216,1464953000.0,824335000.0,642673000.0,291942000.0,633187000.0,223995000.0,441184000.0,2410989700.0,2537310700.0,27.16453568839386,2.2013721903665795,0.18208092682836924,0.32358203885556236,0.01426820374081838,27.16453568839386,0.014553549224526436,9.05570049579327,50.2415124614487,2.924769298889408,0.0,0.8424027322038439,0.0,0.18173961895023252,1.2733933452535093,0.008189341228012093,230.84926273458444,0.2912635216346154,-0.5,-0.4227526279768995,0.3836128052893028,0.8394592929327045,-0.17347743599582188,-0.48279875840662184,-0.4433020788818783,0.5103788628521568,0.5489990230338978,0.5165063344201528,Specialty Industrial Machinery,Industrials,GTLS
2013Q4,2013,Q4,2014-02-25,2013-12-31,23196000.0,303767000.0,39781000.0,0.76,93822000.0,0.3088617263,1461630000.0,811348000.0,649443000.0,499304000.0,643047000.0,213004000.0,429187000.0,2902291440.0,3030101440.0,26.736571541554078,1.300696569624918,0.18141048008045813,0.32680797882043217,0.026803429673061135,26.736571541554078,0.02858945853074143,9.554334210101821,31.28008535954475,3.5771228128990273,0.0,0.9856387673470921,0.0,0.20782756237898783,0.8183431336420297,0.015869953408181276,157.27167226617536,0.3088617262572959,0.027027027027027053,0.002191707329257226,0.5173169878132854,0.880812836657942,0.05840148908567883,-0.051094293311515646,0.10853814858161957,1.2433994985642904,0.8129857837486419,0.5408917512229001,Specialty Industrial Machinery,Industrials,GTLS
2013Q3,2013,Q3,2013-10-31,2013-09-30,24445000.0,301757000.0,35886000.0,0.74,88645000.0,0.2937628622,1461244000.0,775896000.0,665101000.0,521388000.0,680811000.0,210984000.0,405991000.0,3725036000.0,3870299000.0,25.628274153592074,1.2756354193038582,0.20331375184431896,0.3829005433717921,0.026124072687165385,25.628274153592074,0.031505511047872393,12.34448910878621,38.09609327060749,4.800947549671606,0.0,1.0100860728775642,0.0,0.2065069214997632,0.7783780984602637,0.01672889674825012,-297.2419406319821,0.2937628621705545,0.15624999999999997,0.12328883900972773,0.49834252971338006,0.8446055979221232,-0.012927866734962028,0.22225,0.08814700263804238,2.5237590648711277,1.0545392404338296,0.49813113124961544,Specialty Industrial Machinery,Industrials,GTLS
2013Q2,2013,Q2,2013-07-30,2013-06-30,20000000.0,298266000.0,32979000.0,0.64,89806000.0,0.3010936547,1390682000.0,743417000.0,606262000.0,482787000.0,643144000.0,211693000.0,381546000.0,2910861270.0,3047035270.0,24.576581044001454,1.2557546081398214,0.1883651330785902,0.35236751379104864,0.02364382434723153,24.576581044001454,0.02690280152323662,9.759279535716441,36.385765875000004,3.9155161504243248,0.0,0.9847278842474716,0.0,0.21447462468055242,0.7190935132884688,0.014381432994746462,172.5261539829303,0.30109365465725224,0.2549019607843137,-0.15556087549522574,0.41324565975376587,0.8127156005270583,0.13034612964128384,0.28741551335693594,0.20576944170231437,6.86083537760666,1.0211950207858802,0.4923596032790786,Specialty Industrial Machinery,Industrials,GTLS
2013Q1,2013,Q1,2013-04-25,2013-03-31,15535000.0,273648000.0,27351000.0,0.51,79450000.0,0.2903364907,1357341000.0,719964000.0,583827000.0,280252000.0,633480000.0,208844000.0,361546000.0,2361051350.0,2509247350.0,23.970834026968536,2.083221529195153,0.2022071093409836,0.38121906095304764,0.019527438232800724,23.970834026968536,0.021577467762277,8.628059952932235,37.99567669777921,3.279401956208922,0.0,0.9298710999597786,0.0,0.20160593395469525,1.1789782053294893,0.011445171110281057,-66.10626469929443,0.29033649067415074,-0.26086956521739124,-0.002949024900352864,0.5112114762442485,0.9023520207698328,-0.0703796875914117,-0.2516859344894027,-0.16706763711666717,9.654038977647467,1.2250205423784586,0.4401150987756398,Specialty Industrial Machinery,Industrials,GTLS
2012Q4,2012,Q4,2013-02-28,2012-12-31,20760000.0,303858000.0,32837000.0,0.69,85465000.0,0.2812662494,1327841000.0,696478000.0,556424000.0,273775000.0,628058000.0,196501000.0,346011000.0,1994937737.3999999,2109210737.3999999,23.282677007421274,2.032413478221167,0.19262170696642142,0.36723485881822543,0.025264581718199217,23.282677007421274,0.02980711522833456,6.565361903915644,24.02381668352601,2.8643226884409843,0.0,1.1114091022437544,0.0,0.2288361332418565,1.2133576842297507,0.015634402010481677,34.1400167265633,0.28126624936648037,0.13114754098360648,0.19421303183879224,0.5709641240704992,1.0054885372271367,0.09553658411526432,0.12119248217757615,0.02513111888111888,0.2744299698817104,1.2473729142638446,0.39570434944742233,Specialty Industrial Machinery,Industrials,GTLS
2012Q3,2012,Q3,2012-11-01,2012-09-30,18516000.0,254249000.0,32032000.0,0.61,78012000.0,0.3068330652,1323236000.0,675615000.0,571871000.0,294346000.0,644254000.0,204779000.0,325251000.0,2211368290.0,2383140290.0,22.642012131773853,1.9428529689549034,0.2097486767288677,0.4108064504192476,0.02329931566820424,22.642012131773853,0.02740614107146822,8.697647935685096,29.857532539425364,3.2731189952857767,0.0,0.8606204737790496,0.0,0.1921418401554976,1.061359760282117,0.013992968752361635,305.0583928817768,0.30683306522346204,0.0338983050847458,0.41765939339005725,0.4405580409082153,1.049175190185037,0.05238165899985161,0.03233719892952721,-0.031768582051204544,1.1896860874016777,0.9500739967552535,0.4283114456279691,Specialty Industrial Machinery,Industrials,GTLS
2012Q2,2012,Q2,2012-08-02,2012-06-30,17936000.0,239939000.0,33083000.0,0.59,74129000.0,0.308949358,1211859000.0,649767000.0,637163000.0,241547000.0,559235000.0,175064000.0,306735000.0,2048841720.0000002,2051877720.0000002,21.806457025875087,2.637842738680257,0.21268563421982262,0.3966729612307181,0.024425184213510812,21.806457025875087,0.027603741033324254,8.53901083191978,28.557673394290813,3.153194483561031,0.0,0.947139331901476,0.0,0.19799250572880178,1.7706409104646301,0.014800401696897081,-329.92620289855074,0.3089493579618153,0.2553191489361702,0.8615387099169025,0.2553386473678301,1.0243954739558054,0.09728081471942211,0.2735922743733579,0.3864884120531411,-0.03772934933524218,0.47343939946119085,0.3896717512890206,Specialty Industrial Machinery,Industrials,GTLS
2012Q1,2012,Q1,2012-04-26,2012-03-31,14083000.0,216106000.0,23861000.0,0.47,67557000.0,0.3126104782,1184387000.0,633500000.0,605757000.0,255150000.0,548283000.0,167855000.0,288799000.0,2170054690.0,2162632690.0,21.407089514412192,2.3741211052322164,0.1984976194436447,0.37110970797158643,0.019506544234018534,21.407089514412192,0.022230465666929756,10.04162165789011,38.522592664915145,3.4255006945540645,0.0,0.8849840636263442,0.0,0.18246232017068745,1.5540231236527533,0.011890539156542583,-139.85014435780113,0.312610478191258,0.6785714285714283,0.6975029968427334,0.22636906839934393,1.414962438490017,0.055594618665916654,0.6735591206179441,-0.051441065394553766,-0.3051405884560345,0.15165010718161756,0.4495911210715788,Specialty Industrial Machinery,Industrials,GTLS
2011Q4,2011,Q4,2012-02-29,2011-12-31,8415000.0,219635000.0,25155000.0,0.28,63999000.0,0.2913879846,1174475000.0,611039000.0,597629000.0,265493000.0,560924000.0,149822000.0,274716000.0,1600093510.0,1577376510.0,20.648092454296624,2.2510160343210557,0.1996483535196577,0.3837430998676026,0.022381796542048405,20.648092454296624,0.013771625051756107,7.28523919229631,47.53694325609032,2.6186438345179277,0.0,1.038806049845817,0.0,0.18700696055684454,1.5966183665859364,0.007164903467506758,42.787825168467215,0.2913879846108316,-0.5254237288135593,-0.1542923932626101,0.3157913222447366,1.405971580182451,-0.039501133106211825,-0.5202394526795895,-0.13387046792686705,-0.6271756370712342,0.12499278157149983,0.4525122370376947,Specialty Industrial Machinery,Industrials,GTLS
2011Q3,2011,Q3,2011-10-27,2011-09-30,17540000.0,211311000.0,29043000.0,0.59,66631000.0,0.3153219662,1280767000.0,600886000.0,697817000.0,385910000.0,677262000.0,135732000.0,266301000.0,1235367840.0,1245678840.0,20.516457252116908,1.8082376719960613,0.30634455759712736,0.6529624587692174,0.020784376641438344,20.516457252116908,0.02919022909503633,5.846206965089371,17.60786545039909,2.0559105054868976,0.0,1.0659240267586125,0.0,0.1649878549338014,1.3752869840118163,0.013694918747906529,26.2319582112371,0.31532196620147557,0.6857142857142857,0.7490374162681991,0.022694541023164275,1.0699372427582179,0.06900369003690036,0.656123123406666,0.2791455626513984,-0.16684572488501476,0.0846017347149085,0.4766804689999168,Specialty Industrial Machinery,Industrials,GTLS
2011Q2,2011,Q2,2011-07-27,2011-06-30,10591000.0,200698000.0,22705000.0,0.35,62330000.0,0.3105661242,1008562000.0,538267000.0,454424000.0,191384000.0,467645000.0,123238000.0,248761000.0,1576323960.0,1645623960.0,18.432538867200876,2.3744095640178906,0.21979313121057506,0.41183093148939093,0.019971347009133264,18.432538867200876,0.019676108696984954,7.854208611944315,37.20904447172127,2.9285168141461395,0.0,1.1227705740112628,0.0,0.198994211560618,1.5547903691008653,0.010501089670243376,-615.751546875,0.3105661242264497,0.3999999999999999,-0.3481587623397288,-0.4931781664906263,0.028967446827873895,0.18755477651183172,0.40650730411686586,0.6366323073596194,-0.5367944605403023,-0.014956566363836458,0.3595443036634937,Specialty Industrial Machinery,Industrials,GTLS
2011Q1,2011,Q1,2011-05-05,2011-03-31,7530000.0,162941000.0,13873000.0,0.25,52486000.0,0.3221165944,960446000.0,515309000.0,409281000.0,164308000.0,443079000.0,119493000.0,238170000.0,1583390720.0,1659694720.0,17.912576473859843,2.4909377510529005,0.2324961528289982,0.433332233669507,0.012866439698847742,17.912576473859843,0.014612591668299991,9.717570899896282,52.56941301460823,3.0727014664987418,0.0,0.9243637702626932,0.0,0.16965139112454006,1.5919431798816857,0.007840107616669756,-69.9007028076991,0.3221165943501022,-0.26470588235294124,-0.3195719627452827,-0.6272768549335225,0.14736526444777495,0.03631014670168026,-0.23178943072842276,-0.27423489406225476,-0.49543276265841235,-0.06053347888122632,0.4215619704305655,Specialty Industrial Machinery,Industrials,GTLS
2010Q4,2010,Q4,2011-02-28,2010-12-31,9802000.0,158838000.0,19115000.0,0.34,50647000.0,0.3188594669,954839000.0,499164000.0,406096000.0,171183000.0,453465000.0,104435000.0,230640000.0,971783040.0,1031596040.0,17.351362625139043,2.3722916411092223,0.23556327297062646,0.45060340889968026,0.01838074876744342,17.351362625139043,0.019636832784415543,6.118076530804971,24.785325443786984,1.94682116498786,0.0,1.0359649542777805,0.0,0.1663505575285467,1.4793700309026012,0.010265604986809295,-265.1522619372442,0.31885946687820294,0.4782608695652174,1.082375293981011,1.1536614520867685,-0.19873188324381555,0.1833134739842527,0.49079847908745244,0.44384016919706926,-0.4136809913588155,-0.14608464798181398,0.4945858175542262,Specialty Industrial Machinery,Industrials,GTLS
2010Q3,2010,Q3,2010-10-28,2010-09-30,6575000.0,139205000.0,13239000.0,0.23,42801000.0,0.3074674042,936482000.0,490869000.0,423034000.0,164646000.0,443652000.0,95913000.0,220838000.0,584216538.4399999,602120538.4399999,17.10682971537686,2.569354858302054,0.24191602187762284,0.4615284322293728,0.013765370491164396,17.10682971537686,0.013394612411865488,4.196807143708918,22.213556594676806,1.1901679234989375,0.0,1.0051192226288408,0.0,0.1486467438776186,1.855046584794043,0.007020957156677865,31.54687285706571,0.30746740418806795,1.8750000000000002,-0.8296988644551947,-0.7536443857432529,0.0,0.1390818363273453,1.740725302209254,0.4292345892259527,-0.47650965535123563,-0.17980988068518663,0.5482233129924615,Specialty Industrial Machinery,Industrials,GTLS
2010Q2,2010,Q2,2010-07-29,2010-06-30,2399000.0,139144000.0,9263000.0,0.08,37575000.0,0.2700439832,895780000.0,469708000.0,391353000.0,140898000.0,424252000.0,80500000.0,214263000.0,444372760.0,483857760.0,16.468270107285605,2.7775624920155004,0.2547221415972672,0.4857805274766451,0.009952724304489602,16.468270107285605,0.005107428444906197,3.1936178347611106,46.30812421842435,0.9460617234537202,0.0,1.2617267080745342,0.0,0.15533278260287123,2.060838336952973,0.002678112929513943,480.4029837837838,0.27004398321163686,0.6,-0.9471845899779627,-0.7377818958172173,-0.3043641568349935,0.09624810362936165,0.7333815028901735,0.21833486781533606,-0.7398826686550307,-0.23946867912740877,0.5288265961550812,Specialty Industrial Machinery,Industrials,GTLS
2010Q1,2010,Q1,2010-04-29,2010-03-31,1384000.0,116734000.0,7603000.0,0.05,34276000.0,0.2936248222,917767000.0,474518000.0,409424000.0,136324000.0,441518000.0,85802000.0,211864000.0,570160000.0,599858000.0,16.645082082222533,3.003315630409906,0.2649637653129825,0.5124673879599931,0.007607496046246833,16.645082082222533,0.002916643836482494,4.884266794592835,102.9913294797688,1.2015561053532215,0.0,0.9610265494976807,0.0,0.12719350336196442,2.214430327748599,0.00150800802382304,97.36338797814207,0.2936248222454469,-0.9074074074074074,-0.9530047002448416,-0.7423995133232408,-0.25910004904298867,-0.21954551664465594,-0.9108477196598814,-0.49174410054148004,-0.8268295822912433,-0.31233966482324127,0.877754002340583,Specialty Industrial Machinery,Industrials,GTLS
2009Q4,2009,Q4,2010-02-26,2009-12-31,15524000.0,128851000.0,14959000.0,0.54,43918000.0,0.3408432996,926503000.0,475561000.0,414404000.0,143937000.0,449257000.0,85570000.0,210480000.0,470952160.0,502959160.0,16.68166830363407,2.879065146557174,0.2624654210509842,0.5113434448998131,0.018307427888235764,16.68166830363407,0.03264355151074205,3.6550136203832335,7.584259211543417,0.9903086249713495,0.0,0.9925558022671497,0.0,0.1390724045146103,2.1323843070232114,0.01675547731631738,71.81338212869777,0.3408432996251484,0.9285714285714285,-0.6067269175823462,-0.7175804943238202,-0.22708077852930356,0.11540610555188703,0.8821532492725509,-0.06295414683036833,0.6195411776741648,-0.19869932815431834,0.9437931100614683,Specialty Industrial Machinery,Industrials,GTLS
2009Q3,2009,Q3,2009-10-29,2009-09-30,8248000.0,127172000.0,15964000.0,0.28,39374000.0,0.3096121788,915096000.0,461381000.0,409004000.0,145363000.0,452093000.0,82019000.0,194956000.0,628376950.0,682384950.0,15.852293420374506,2.813673355668224,0.26573714670373383,0.5270589816225636,0.015878139083531025,15.852293420374506,0.017876765623205115,4.941158037932878,19.0463430528613,1.3619480429406499,0.0,1.0704592838244797,0.0,0.13897121176357452,2.112814127391427,0.009013261996555553,47.06943445692884,0.3096121787814928,-0.540983606557377,-0.7807469538715727,-0.693545579636245,-0.2066819015092136,-0.295924753679166,-0.536003600360036,-0.455692318183368,-0.17236227983663024,-0.3806481400764922,0.5993625083871896,Specialty Industrial Machinery,Industrials,GTLS
2009Q2,2009,Q2,2009-07-30,2009-06-30,17776000.0,155301000.0,29329000.0,0.61,55923000.0,0.3600942685,916857000.0,445914000.0,408514000.0,161651000.0,469293000.0,86821000.0,186707000.0,516621060.0,584755060.0,15.691804201710244,2.5271356193280585,0.2652267474644356,0.5453405813677077,0.029142947575774368,15.691804201710244,0.03986418905887682,3.3265790947901173,7.265710227272727,1.1585665845880595,0.0,1.1446309072689786,0.0,0.16938410242818672,1.8677830635133714,0.019387974351507378,17.341514551374576,0.360094268549462,-0.10294117647058831,-0.20692711855626073,-0.6081161894396677,-0.15512103203012248,-0.10760220853413334,-0.08663035659233378,-0.13943252838825151,0.12427686718302482,-0.596985295152897,-0.1240297485937897,Specialty Industrial Machinery,Industrials,GTLS
2009Q1,2009,Q1,2009-04-30,2009-03-31,19462000.0,180192000.0,34081000.0,0.68,62666000.0,0.3477734861,914496000.0,419653000.0,416837000.0,183617000.0,493180000.0,92097000.0,168931000.0,223925960.0,320089960.0,14.767674279480593,2.2701438319981264,0.2659114966057807,0.5794668452268898,0.034553504872370196,14.767674279480593,0.04637641098717273,1.242707556384301,2.876451032781831,0.5335979011230707,0.0,1.2761110568205263,0.0,0.19703968087339913,1.6450600979212164,0.021281667716425222,9.315886341889588,0.3477734860593145,-0.1052631578947368,-0.09408141784730203,-0.5080756737469094,-0.16752614723205173,0.09395293624746875,-0.10205776506413214,-0.044225699702731505,0.7803530600055774,-0.5827244548742259,-0.05407708769972719,Specialty Industrial Machinery,Industrials,GTLS
2008Q4,2008,Q4,2009-02-25,2008-12-31,21674000.0,187474000.0,35658000.0,0.76,57284000.0,0.3055570372,909427000.0,403960000.0,405025000.0,194161000.0,505467000.0,95390000.0,149469000.0,302072710.0,423082710.0,14.215434423056621,2.086026544980712,0.26739364456960263,0.6019779186058025,0.04332573980532362,14.215434423056621,0.053653827111595206,1.611277883866563,3.484275053058965,0.7477787652242797,0.0,1.3648181151064054,0.0,0.20614518812395058,1.4659586631712858,0.023832589091812757,47.948049206349204,0.3055570372424976,0.0857142857142858,1.8223547567388152,-0.486613446099091,-0.16467278864591792,-0.1342119581645608,0.06234682874228017,-0.02717302340808643,1.1843965499410904,1.183604369015188,-0.34354582892925156,Specialty Industrial Machinery,Industrials,GTLS
2008Q3,2008,Q3,2008-10-31,2008-09-30,20402000.0,188808000.0,36654000.0,0.7,66164000.0,0.3504300665,923433000.0,394343000.0,415682000.0,213813000.0,529090000.0,106147000.0,127795000.0,810618480.0,904909480.0,13.893633513018356,1.944138101986315,0.2633380006995635,0.6166585941680213,0.0402456095209812,13.893633513018356,0.05173668608292781,4.293348163213423,9.933076169003037,2.0556177743740855,0.0,1.1554165449800748,0.0,0.20446312834823965,1.340601366614752,0.022093644043476895,14.29586582720491,0.350430066522605,-0.0789473684210527,0.026040991977127222,1.8012212638759504,3.1166836872101458,0.0338125,-0.08065969718817592,0.0522780122297821,-0.46576503807970504,-0.6621952146759872,0.0,Specialty Industrial Machinery,Industrials,GTLS
2008Q2,2008,Q2,2008-07-31,2008-06-30,22192000.0,197752000.0,34833000.0,0.76,64000000.0,0.3236376876,893803000.0,384271000.0,376325000.0,186068000.0,509532000.0,111074000.0,107393000.0,1378603520.0,1527368520.0,13.557880252619695,2.0225132747167702,0.27970369309568216,0.6505825315987935,0.03881635794882989,13.557880252619695,0.05775091016496171,6.971375864719446,15.53041095890411,3.5875814724504322,0.0,1.20417019284441,0.0,0.22124785886822934,1.2778822795967066,0.024828737428717513,131.10827579648122,0.323637687608722,0.49019607843137253,7.689909709494267,1.5740330667844142,4.805337903372153,0.2321672667064554,0.5141921397379913,0.32909798534798534,-0.5083443773078224,-0.624981033639618,-0.4273018720473354,Specialty Industrial Machinery,Industrials,GTLS
2008Q1,2008,Q1,2008-05-01,2008-03-31,14656000.0,170329000.0,26208000.0,0.51,51941000.0,0.3049451356,861539000.0,355993000.0,362375000.0,183555000.0,505546000.0,105594000.0,85201000.0,956047680.0000001,1098110680.0,12.600630043890698,1.9742039170820735,0.29017839006707763,0.7022609995140354,0.029839096777660643,12.600630043890698,0.04116934883551081,5.612947178695349,16.30812772925764,2.6855799973594987,0.0,1.1211621872454873,0.0,0.19770318000694106,1.2480836806406799,0.01701141793929236,92.58644973852412,0.3049451355905336,-0.12068965517241372,1.7423932522727188,1.354353626090302,4.499243095198084,-0.020609420371836936,-0.10732123279327567,-0.02886575017601067,-0.49782933083472125,-0.6207239135008792,-0.4391252542084491,Specialty Industrial Machinery,Industrials,GTLS
2007Q4,2007,Q4,2008-02-28,2007-12-31,16418000.0,182675000.0,26987000.0,0.58,53034000.0,0.2903188723,825754000.0,327991000.0,329047000.0,174694000.0,497763000.0,87073000.0,70545000.0,872986800.0,1030117800.0,11.609478974939828,1.8835621143256207,0.3027536045844162,0.7622160364156334,0.03583301442462012,11.609478974939828,0.05005625154348747,4.778906801697003,13.29313558289682,2.6616181541566686,0.0,1.4888771490588357,0.0,0.2212220588698329,1.2900042359783392,0.01988243472026778,35.06534383033419,0.29031887231421927,0.38095238095238093,1.1436147484483243,1.2249776550335496,4.679409836734608,0.16840713813615335,0.35551519154557465,0.24881999074502545,-0.5803102216954578,-0.5959793493744052,-0.46209280225071264,Specialty Industrial Machinery,Industrials,GTLS
2007Q3,2007,Q3,2007-11-13,2007-09-30,12112000.0,163670000.0,21610000.0,0.42,45390000.0,0.2773263274,772722000.0,305746000.0,277675000.0,146323000.0,466976000.0,84021000.0,54127000.0,890729489.9999999,1078303490.0,11.049329623071085,1.8976852579567123,0.32353161939222647,0.8176721854088034,0.0286645863118128,11.049329623071085,0.03961458203868571,5.442228203091586,18.385268535336856,2.9132989147854755,0.0,1.4077433022696706,0.0,0.2118096805837028,1.1480013395023339,0.015674459896314587,21.83267537624393,0.2773263273660414,0.31249999999999994,16.735807654925964,1.0024847995316764,4.314040269821115,-0.1144796909750673,0.4337121212121212,0.09146926612455175,-0.6613464792979639,-0.5851546557851334,-0.44704321742452424,Specialty Industrial Machinery,Industrials,GTLS
2007Q2,2007,Q2,2007-08-13,2007-06-30,8448000.0,167587000.0,19799000.0,0.32,51258000.0,0.3058590463,739816000.0,281425000.0,246258000.0,135987000.0,458391000.0,82864000.0,42015000.0,743545960.0,979269960.0,10.771836484727856,1.8108936883672704,0.3379218616520865,0.8883361463977969,0.024547927890723388,10.771836484727856,0.030018655059074355,4.436775883570921,22.003609138257577,2.642075011104202,0.0,1.4038545085923924,0.0,0.22652524411475286,0.9504658533536294,0.011419055548947305,419.6083295711061,0.30585904634607697,0.14285714285714277,21.473695399858883,1.0213422930092007,4.176680832266506,0.28598309039363756,0.17692950682641403,0.13878983089842403,-0.590043036126008,-0.5400308532671275,-0.42002219914487327,Specialty Industrial Machinery,Industrials,GTLS
2007Q1,2007,Q1,2007-05-14,2007-03-31,7178000.0,152463000.0,17386000.0,0.28,39859000.0,0.2614339217,736316000.0,226963000.0,242460000.0,145815000.0,509353000.0,79629000.0,33567000.0,464968640.0,742609640.0,8.864357131698172,1.6627918938380826,0.3938526393559287,1.2777413058516145,0.022165417212565076,8.864357131698172,0.03162630032207893,3.049714619284679,16.194226804123712,2.048653921564308,0.0,1.4141079255045272,0.0,0.20706191363490675,0.9303912491856119,0.009748531880333988,-116.6211788312014,0.26143392167279933,-0.1764705882352941,3.044113307009688,1.1853729999476603,3.859370609666392,-0.059463413483093044,-0.16622139621326518,-0.08916596814752724,-0.6291694011308502,-0.5380471363371514,-0.5003041512102363,Specialty Industrial Machinery,Industrials,GTLS
