Quarters,Year,Quarter,FillingDate,Date,NetIncome,Revenue,OperatingIncome,EPSDiluted,GrossProfit,GrossProfitRatio,TotalAssets,CommonStockEquity,CurrentAssets,CurrentLiability,TotalLiability,Inventory,RetainedEarnings,MarketCap,EnterpriseValue,bookValuePerShare,currentRatio,debtToAssets,debtToEquity,roic,shareholdersEquityPerShare,roe,priceToSalesRatio,peRatio,pbRatio,payoutRatio,inventoryTurnover,dividendYield,assetTurnover,quickRatio,returnOnAssets,priceToFreeCashFlowsRatio,grossProfitMargin,epsdilutedGrowth,fiveYNetIncomeGrowthPerShare,fiveYRevenueGrowthPerShare,fiveYShareholdersEquityGrowthPerShare,grossProfitGrowth,netIncomeGrowth,operatingIncomeGrowth,threeYNetIncomeGrowthPerShare,threeYRevenueGrowthPerShare,threeYShareholdersEquityGrowthPerShare,Industry,Sector,Symbol
2023Q1,2023,Q1,2023-05-08,2023-03-31,-52073000.0,346030000.0,-100407000.0,-0.22,344797000.0,0.9964367251,5666730000.0,2583819000.0,380117000.0,0.0,0.0,0.0,0.0,3192320820.0,2812203820.0,10.829581414063515,0.0,0.0,0.0,-0.03888306793602298,10.829581414063515,-0.020153501464305355,9.225560847325376,-15.326180650241009,1.2355048167073623,0.0,0.0,0.0,0.061063435173371594,0.0,-0.00918925023779146,528.3549851042701,0.9964367251394388,-1.2972972972972974,-1.2196003754853,0.2487308389157203,-0.20823328907786476,-0.4661849697558952,-1.2964470530636412,-1.3565209672265028,-6.328423865835105,-0.22096855327845863,-0.029098944623829677,,Industrials,DHCNL
2022Q4,2022,Q4,2023-03-01,2022-12-31,175657000.0,647618000.0,281630000.0,0.74,645911000.0,0.9973641869,6002093000.0,2638611000.0,813542000.0,0.0,3363482000.0,0.0,164152000.0,2747760420.0,4407395420.0,11.071993252599512,0.0,0.38614863181893383,0.8783788137016029,0.05680407097679299,11.071993252599512,0.06657176825231154,4.242872217881529,3.910690180294551,1.0413662415566372,0.0,0.0,0.0,0.10789869467200858,0.0,0.029265957725080234,96.57869389476645,0.9973641869126553,3.114285714285714,1.6922776698615467,1.31610661784514,-0.1533800421803327,1.0020115859914267,3.1006828591588036,9.153026662420752,4.387695062771122,1.5218368134498355,-0.038650970524723424,,Industrials,DHCNL
2022Q3,2022,Q3,2022-11-02,2022-09-30,-83619000.0,322920000.0,-34543000.0,-0.35,322631000.0,0.9991050415,6072486000.0,2706055000.0,850516000.0,700000000.0,3366431000.0,0.0,-10949000.0,2719505040.0,5044958040.0,11.353568791326822,1.2150228571428572,0.4967476252724173,1.114719767336584,-0.006037235709276828,11.353568791326822,-0.030900702313884972,8.421606094388704,-8.130643274853801,1.0049703498265925,0.0,0.0,0.0,0.05317756187498827,1.2150228571428572,-0.013770142903581828,-73.60357908411822,0.9991050414963458,0.27083333333333337,-3.4202835191800847,0.20611837622356896,-0.13371245993429595,0.03268687243733576,0.26564325045886866,0.34537977562158884,-1.8360911045828325,0.25823963077845496,-0.044640444895328465,,Industrials,DHCNL
2022Q2,2022,Q2,2022-08-03,2022-06-30,-113867000.0,313028000.0,-52768000.0,-0.48,312419000.0,0.9980544871,6145864000.0,2789625000.0,863919000.0,700000000.0,3356239000.0,0.0,70543000.0,4066022790.0,6376148790.0,11.711419539288908,1.23417,0.49062035866722725,1.0808929515615897,-0.00914161540834359,11.711419539288908,-0.04081803109736972,12.989326162515813,-8.927131631640423,1.4575517462024465,0.0,0.0,0.0,0.05093311534391259,1.23417,-0.018527419415724136,-127.63758130336514,0.9980544871385307,0.0,-8.074156230910539,0.1772028049353655,-0.12043484801103913,0.0,0.0,0.0,-2.050556901738718,0.19162483198956592,-0.03669082307949585,,Industrials,DHCNL
2021Q4,2021,Q4,2022-02-24,2021-12-31,301863000.0,699455000.0,41008000.0,1.27,204792000.0,0.2927879563,6623514000.0,2662390000.0,849975000.0,69713000.0,3961124000.0,0.0,179926000.0,5383542600.0,4818407600.0,11.201385032227664,12.192489205743549,0.010525077775935855,0.026184368180469427,0.015041773409324607,11.201385032227664,0.11338045891097848,7.696767626223274,4.458597608849048,2.022071371962785,0.0,0.0,0.0,0.10560179989051129,12.192489205743549,0.04557444884996091,-107.40234613466335,0.29278795633743415,4.430056361074497,6.028691503953316,1.5463544730858296,-0.16903526422129272,1.019585219372208,4.430105449752284,-0.4251993888678637,3.5445896160520407,1.4505329065560684,-0.11996242269905154,,Industrials,DHCNL
2021Q3,2021,Q3,2021-11-03,2021-09-30,-88004000.0,337416000.0,71343000.0,-0.37025630669292003,101403000.0,0.3005281314460488,7066048000.0,2409657000.0,794739000.0,689044000.0,4656391000.0,0.0,0.0,5949230520.0,5843535520.0,10.138069874286868,1.15339368748585,0.09751476355665854,0.28595107104455114,0.02286679564663984,10.138069874286868,-0.036521380428832816,17.631738032576997,-16.900454865687923,2.468911766280429,0.0,0.0,0.0,0.047751727698424916,1.15339368748585,-0.012454486581466756,-449.84573361786414,0.3005281314460488,-1.6957880226680964,-4.149328328117125,0.27626416211754135,-0.2571529001846797,-0.009678301462976347,-1.6957880226680961,3.1982806433721573,-2.9196810633784867,0.2089237159009066,-0.2554991644743397,,Industrials,DHCNL
2021Q2,2021,Q2,2021-08-04,2021-06-30,-32645000.0,346341000.0,-32454000.0,-0.13734622439878158,102394000.0,0.2956450434687201,1112736000.0,2390189000.0,849079000.0,689895000.0,4674703000.0,0.0,0.0,5894563200.0,5735379200.0,10.056162804395752,1.2307365613607868,0.6199988137347943,0.28863617061244945,-0.010474714325972929,10.056162804395752,-0.013657915754779225,17.019536237407642,-45.14139378158983,2.4661494132890747,0.0,0.0,0.0,0.3112517254766629,1.2307365613607868,-0.029337596698587987,217945.84042002514,0.2956450434687201,0.0,-1.8307635013207302,0.32308439002806666,-0.27363288273467484,0.0,0.0,0.0,-1.2639225275222787,0.24815368570184787,-0.27175177405754697,,Industrials,DHCNL
2020Q4,2020,Q4,2021-02-25,2020-12-31,-9682.0,384909000.0,-14718.0,-4.073475707241547e-05,-233591000.0,-0.6068733129129222,360930000.0,2495837000.0,74417000.0,691573000.0,3857202000.0,0.0,0.0,5823258000.0,6440414000.0,10.500652126352636,0.10760541548036144,1.9160862217050398,0.2770906112859133,-4.125606683796562e-06,10.500652126352636,-3.879259743324584e-06,15.128921381417426,-150362.99318322662,2.3331884253659196,-3931.3158438339187,0.0,0.006536375341776029,1.0664367051782895,0.10760541548036144,-2.6825146150223036e-05,134.59823409763314,-0.6068733129129222,0.9999084511479235,-1.0009942772398233,0.41003787096281125,-0.2719934160644077,-1.5923608874597746,0.9999084773320225,0.9998603909962721,-1.0001487884003712,0.3802168049177562,-0.197067641076783,,Industrials,DHCNL
2020Q3,2020,Q3,2020-11-05,2020-09-30,-105788000.0,394339000.0,-105423000.0,-0.444951041421313,394339000.0,1.0,380670000.0,2514044000.0,82241000.0,692385000.0,3893412000.0,0.0,0.0,4530257040.0,5140401040.0,10.577253832820046,0.11877929186796363,1.8188588541256205,0.2754068743426925,-0.03276479847206971,10.577253832820046,-0.04207881803182442,11.48822977184605,-10.705980451468974,1.80198001307853,0.0,0.0,0.0,1.035907741613471,0.11877929186796363,-0.27789949299918565,983.3420968092034,1.0,-3.0564412564619654,-3.693277260741805,0.5042654741054204,-0.30163463870857815,2.6379478947562642,-3.057532985578398,-3.4640497967479673,-4.070449483189314,0.47696089671039243,-0.19294599152964653,,Industrials,DHCNL
2020Q2,2020,Q2,2020-08-06,2020-06-30,-26072000.0,410311000.0,-23616000.0,-0.10969,108396000.0,0.26418009753577165,6600523000.0,2622954000.0,78485000.0,0.0,3977569000.0,0.0,2036225000.0,4451821320.0,4572113320.0,11.035467259049831,0.0,0.03011534086011063,0.07578363936233727,-0.008768376574521102,11.035467259049831,-0.009939937947825238,10.849870756572454,-42.687761966861004,1.6972548203285303,-0.09124731512733968,0.0,0.0005343880243603308,0.062163407354235416,0.0,-0.003949990023517833,81.89366126450949,0.26418009753577165,-3.677978515625,-1.6888366628641633,0.5944094758113274,-0.29291670253746316,-0.13890786609682082,-3.6781715459681563,-3.2071028037383176,-2.623257639479087,0.5463849049404317,-0.17120103123171707,,Industrials,DHCNL
2020Q1,2020,Q1,2020-05-07,2020-03-31,9735000.0,442467000.0,10700000.0,0.04096,125882000.0,0.28450031301769396,6703723000.0,2650997000.0,69545000.0,585000000.0,4052726000.0,0.0,2062297000.0,3871628010.0,4836118010.0,11.154155569300162,0.11888034188034188,0.1542478709218743,0.3900551377462894,0.0030238543383069674,11.154155569300162,0.003672203325767626,8.750094379919858,99.42547534668721,1.4604422449365275,3.6655367231638416,0.0,0.009216794564930322,0.06600317465384534,0.11888034188034188,0.001452178140415408,68.75316113794572,0.28450031301769396,1.1882525967460245,-0.772108059288589,0.8030359774793105,-0.3092603713966589,-0.02769045393806916,1.188308799350059,1.2143429487179487,-0.6976018339591169,0.6705011283258664,-0.18200054285668638,,Industrials,DHCNL
2019Q4,2019,Q4,2020-03-02,2019-12-31,-51697000.0,256039000.0,-49920000.0,-0.21758,129467000.0,0.5056534356094189,6653826000.0,2736519000.0,37357000.0,537500000.0,3917307000.0,0.0,2052562000.0,4988020085.134357,5936904085.134357,11.517141967306948,0.0695013953488372,0.14822163970022662,0.360399836434536,-0.01353914837378719,11.517141967306948,-0.01889151875064635,19.48148557498802,-24.121419449553926,1.822760991293814,-0.6902721627947463,0.0,0.007154141200503764,0.0384799662630192,0.0695013953488372,-0.007769514862576809,71.07973046147998,0.5056534356094189,-0.7589329021826999,-1.9554389628450801,-0.06749292035170443,-0.22422925133479285,-0.009767178608578597,-0.7589996597482137,-0.7717834960070985,-2.204137661181081,-0.06758037839682375,-0.14561111824527764,,Industrials,DHCNL
2019Q3,2019,Q3,2019-11-07,2019-09-30,-29390000.0,255827000.0,-28175000.0,-0.1237,130744000.0,0.5110641175481868,6916990000.0,2823479000.0,49462000.0,589000000.0,4093511000.0,0.0,2104259000.0,4910818613.022639,5999262613.022639,11.884079382115875,0.08397623089983022,0.16450883982772854,0.4030155705071651,-0.00707555564531092,11.884079382115875,-0.01040914417992838,19.195857407633437,-41.772870134592026,1.7392793121615704,-1.21337189520245,0.0,0.007261722089558189,0.03698530719286858,0.08397623089983022,-0.004248958000517566,70.35959959055876,0.5110641175481868,0.21059349074664965,-1.6576689050217415,-0.020319701553195846,-0.21422186690940226,-0.07803398914039912,0.21056165892180828,0.21694783357883327,-2.0521945382944615,-0.03194014736190876,-0.1292174928316122,,Industrials,DHCNL
2019Q2,2019,Q2,2019-08-08,2019-06-30,-37229000.0,262003000.0,-35981000.0,-0.1567,141810000.0,0.5412533444273538,7098710000.0,2888303000.0,48033000.0,690000000.0,4210407000.0,0.0,2133649000.0,4582255038.544376,5772921038.544376,12.157487772230969,0.06961304347826087,0.1744963521541238,0.428867400684762,-0.00870995458688898,12.157487772230969,-0.012889575643552633,17.489322788458058,-30.77073678143636,1.5864869574086848,-0.9578285744983749,0.0,0.0077819762758835065,0.03690853690318382,0.06961304347826087,-0.005244473995979551,130.1629087190199,0.5412533444273538,-2.2376810052523104,-1.8074320195174718,0.035160666033232264,-0.22139181457531137,-0.04866366124617614,-2.2375839372382154,-2.1519818146891208,-1.9478577027143613,0.001361617821676959,-0.12185199085642012,,Industrials,DHCNL
2019Q1,2019,Q1,2019-05-09,2019-03-31,30082000.0,266286000.0,31234000.0,0.1266077441077441,149064000.0,0.5597890989387351,7145900000.0,2960761000.0,39875000.0,225000000.0,4185139000.0,0.0,2170878000.0,4878473165.866598,5612091165.866598,12.462793810614224,0.17722222222222223,0.10824290852097007,0.2612480372444787,0.008328303323769621,12.462793810614224,0.010160225698730834,18.320426781229948,40.54312517341432,1.6477092091751404,3.0820424173924605,0.0,0.019004716608609355,0.037264165465511694,0.17722222222222223,0.0042096866734770986,117.51109637159095,0.5597890989387351,1.2537067830392195,-0.3823808196079351,0.10144458053880558,-0.1443122976876343,-0.11156143090438783,1.2537644567793964,1.2674510206877654,-0.03907764370305703,0.02952072193192908,-0.10988992436193863,,Industrials,DHCNL
2018Q4,2018,Q4,2019-03-01,2018-12-31,-118543000.0,285222000.0,-116784000.0,-0.49903176647891356,167782000.0,0.588250555707484,7160426000.0,3023112000.0,197003000.0,139000000.0,4137314000.0,0.0,2140796000.0,4114142578.391472,4746452578.391472,12.728303110171739,1.4172877697841726,0.09598395402731626,0.22734387611176826,-0.03148341498674805,12.728303110171739,-0.03921224221927603,14.424352183181774,-8.676477266459157,1.3608965127297539,-0.7821212555781446,0.0,0.022535679849056005,0.03983310490185919,1.4172877697841726,-0.016555299922099607,38.51544288782295,0.588250555707484,-3.587718188985513,-2.294306194565402,0.1224433729866188,-0.14173679273386816,0.02950795530548005,-3.587936078243025,-1.429653066480262,-13.182447627051076,0.045615353090158066,-0.11755114301158022,,Industrials,DHCNL
2018Q3,2018,Q3,2018-11-06,2018-09-30,45806000.0,278879000.0,271810000.0,0.19284625683083115,162973000.0,0.5843860599041161,7453444000.0,3233993000.0,47657000.0,195000000.0,4219451000.0,0.0,2259338000.0,4553716876.706358,5249139876.706358,13.617271318612838,0.2443948717948718,0.09969619413522125,0.22977167854104819,0.06832672306332012,13.617271318612838,0.014163914393135668,16.32864746612817,24.853277281941,1.4080787672411033,2.023337554032223,0.0,0.020352824409020993,0.037416126021742435,0.2443948717948718,0.006145615369217237,42.59870976731424,0.5843860599041161,-0.6293935197483281,-0.054238114760266784,0.17224151367721727,-0.08312904862656237,-0.025024527985833593,-0.6293623115699871,3.171872361978727,0.16712665956683428,0.06468597251949507,-0.10091685852159275,,Industrials,DHCNL
2018Q2,2018,Q2,2018-08-07,2018-06-30,123587000.0,277248000.0,65153000.0,0.5203531700251783,167156000.0,0.6029114727608494,7435636000.0,3279332000.0,30657000.0,64000000.0,4156304000.0,0.0,2213533000.0,4521533043.537562,5102749043.537562,13.808702096571123,0.479015625,0.08228926214247174,0.18658464589739618,0.01670399214897618,13.808702096571123,0.03768663862030438,16.30862276206704,9.146457644286135,1.3787969755845282,0.749884696610485,0.0,0.020496588017300442,0.037286386799999356,0.479015625,0.016620905057751618,47.550037265091625,0.6029114727608494,-0.47640374452894363,16.323544922040615,0.17973790845561638,-0.08497401313766728,-0.0030774369006154874,-0.4763750836786401,-0.09754138098206247,2.2680005269085908,0.07825765419188217,-0.11522526568919923,,Industrials,DHCNL
2018Q1,2018,Q1,2018-05-10,2018-03-31,236022000.0,275815000.0,72195000.0,0.9938061332334006,167672000.0,0.6079147254500299,7384064000.0,3248163000.0,39161000.0,55000000.0,4135901000.0,0.0,2089090000.0,4464538691.738451,5028043691.738451,13.677742780383866,0.7120181818181818,0.08161711491124671,0.18554056554427842,0.01866158717124205,13.677742780383866,0.07266322533690582,16.186714615733194,4.728943373645731,1.3744811118587494,0.3926498377269915,0.0,0.02075779971881341,0.037352736921023436,0.7120181818181818,0.03196369912286784,53.12776604396377,0.6079147254500299,2.630480829977499,4.207128404887558,0.1318568188579466,-0.1245309421084018,-0.03470906903241777,2.631107692307692,0.198555657010044,4.529611928188376,0.12483946279915405,-0.15298303761714913,,Industrials,DHCNL
2017Q4,2017,Q4,2018-02-27,2017-12-31,65000000.0,278566000.0,60235000.0,0.2737395347270185,173701000.0,0.6235542025947173,7294019000.0,3104950000.0,193989000.0,596000000.0,4189069000.0,0.0,1766495000.0,4579086758.091048,5691308758.091048,13.077878864459608,0.32548489932885905,0.15676679756386705,0.368270020451215,0.014070961221356081,13.077878864459608,0.020934314562231274,16.438067668312172,17.61187214650403,1.474769886178859,1.4257846153846154,0.0,0.020238970103863073,0.038191016502698995,0.32548489932885905,0.008911410842225664,55.39664599674629,0.6235542025947173,0.8887654032852965,0.03764677198061809,0.022305857892619217,-0.16402554751141155,0.07246009940419226,0.8888210850550664,-0.20178367920277757,0.20222958183057438,0.015337836410821449,-0.11910125737496442,,Industrials,DHCNL
2017Q3,2017,Q3,2017-11-09,2017-09-30,34413000.0,266679000.0,75462000.0,0.1449304049358799,161965000.0,0.6073406604944521,7187741000.0,3111418000.0,28870000.0,471000000.0,4076323000.0,0.0,1701495000.0,4556438544.202932,5545821544.202932,13.106004953581238,0.06129511677282378,0.14166523251185595,0.3272633249534457,0.01821759887618381,13.106004953581238,0.011060230415842552,17.085854319998695,33.101143057877344,1.464425076991562,2.69223839827972,0.0,0.020333424691500387,0.037101921173843075,0.06129511677282378,0.0047877351173338046,37.0924661690242,0.6073406604944521,1.1450729856090742,-0.057758586862348214,0.1804229312866128,-0.18199198155463445,-0.0015657845258570204,1.1451813988280763,0.16911969758002046,-0.22934279537433425,0.022016247574477132,-0.13342785978028085,,Industrials,DHCNL
2017Q2,2017,Q2,2017-08-03,2017-06-30,16042000.0,265013000.0,64546000.0,0.06756432340913016,162219000.0,0.6121171414232509,7183620000.0,3160917000.0,27160000.0,434000000.0,4022703000.0,0.0,1667082000.0,4467386726.061096,5421660726.061096,13.315010846900735,0.06258064516129032,0.13662109075925508,0.31049027861218753,0.01549190344664275,13.315010846900735,0.005075109533088025,16.85723615845674,69.62016466246564,1.4133198454945497,5.77496571499813,0.0,0.020737403247307995,0.03689128879311545,0.06258064516129032,0.002233135939818643,51.48419681534477,0.6121171414232509,-0.5011397478929546,-0.6694323644284806,0.2354896304518156,-0.10361596676956003,-0.007859134944710832,-0.501104027367439,-0.13885849987992635,-0.6518146844055748,0.04784252090852294,-0.14725997437602262,,Industrials,DHCNL
2017Q1,2017,Q1,2017-05-05,2017-03-31,32155000.0,264561000.0,74954000.0,0.13543737574552683,163504000.0,0.6180200407467465,7220204000.0,3237039000.0,32272000.0,97000000.0,3983165000.0,0.0,1651040000.0,4209219801.8224816,4821193801.822481,13.635896053346588,0.33270103092783504,0.08922822679248398,0.19902324315524156,0.019256546370739362,13.635896053346588,0.009933460795498603,15.910205214761366,32.72601307590173,1.3003302715297782,2.8811071373036854,0.0,0.022009304422612584,0.036641762476517285,0.33270103092783504,0.0044534752757678315,36.6727055866323,0.6180200407467465,-0.2503288921973453,-0.31902810629198924,0.24945620667256077,-0.09321864091867908,-0.056433695169174125,-0.2502215175115422,-0.13223580624247477,-0.339327434068625,0.09512534843843126,-0.06376782444069486,,Industrials,DHCNL
2016Q4,2016,Q4,2017-02-27,2016-12-31,42886000.0,274297000.0,86376000.0,0.18066239226226083,173283000.0,0.6317349442392735,7227754000.0,3199405000.0,147361000.0,327000000.0,4028349000.0,0.0,1618885000.0,3930792925.6358724,4773101925.635872,13.479976405654217,0.4506452599388379,0.12093078984149157,0.2731939219948709,0.02115224436355511,13.479976405654217,0.013404367374558707,14.33042623738456,22.914196507227725,1.2286012323028415,2.1602154549270156,0.0,0.02356852720371003,0.03795051685489019,0.4506452599388379,0.005933516829709478,46.56730669741944,0.6317349442392735,0.5369382620923442,-0.29981473352066046,0.25341326148465776,-0.1845468178801877,0.07877780475505668,0.537022435667694,0.2203619717712881,-0.5314237222062563,0.08020483806253727,-0.09105183278177997,,Industrials,DHCNL
2016Q3,2016,Q3,2016-11-04,2016-09-30,27902000.0,263983000.0,70779000.0,0.11754694168151697,160629000.0,0.608482364394677,7230098000.0,3238968000.0,40773000.0,215000000.0,3991130000.0,0.0,1576000000.0,4197188367.0405607,4918284367.040561,13.647586262108717,0.18964186046511627,0.10537464360787364,0.2352196749087981,0.017617769748418225,13.647586262108717,0.008614472264005078,15.899464613405259,37.60651895061788,1.2958412577835166,3.3194036269801446,0.0,0.0220666769991324,0.03651167660521337,0.18964186046511627,0.003859145477696153,33.25164085593631,0.608482364394677,-0.2889091611783772,-0.42876495321267444,0.4311233792553587,-0.13875436679981024,-0.01992141262035218,-0.2888492417484389,-0.06149807072675922,-0.42350844611831406,0.11038968946418498,-0.081087898793122,,Industrials,DHCNL
2016Q2,2016,Q2,2016-08-05,2016-06-30,39235000.0,261367000.0,75417000.0,0.16530509924204442,163894000.0,0.6270646256030792,7265767000.0,3285568000.0,25633000.0,749000000.0,3980199000.0,0.0,1548097000.0,4100365586.333424,5370413586.333424,13.84446317208832,0.034222963951935914,0.17832680293766645,0.3943552530338742,0.016411688915529778,13.84446317208832,0.011941618618150652,15.688153387127771,26.12696308355693,1.2479929151773526,2.3604944564801835,0.0,0.022586766484599265,0.03597238942564494,0.034222963951935914,0.0053999804838222865,43.91993987075219,0.6270646256030792,0.25453101490199426,-0.5405622631359168,-0.7483725398459868,-0.06610428492008495,0.021617443556530738,0.2546367357380404,0.06957779637219724,4.5034600752225025,0.11292539591509401,-0.08260432529969829,,Industrials,DHCNL
2016Q1,2016,Q1,2016-05-05,2016-03-31,31272000.0,258375000.0,70511000.0,0.1317664507919386,160426000.0,0.620903725205612,7154151000.0,3322744000.0,39199000.0,561000000.0,3831407000.0,0.0,1508862000.0,3866462431.87386,4934756431.873859,14.001407412089417,0.069873440285205,0.15480425280372193,0.33330674887984146,0.015868037596913104,14.001407412089417,0.009411498448270465,14.964537714073963,30.909938858034828,1.1636353663941188,2.9615630596060374,0.0,0.02395316174198934,0.036115396501974865,0.069873440285205,0.004371168570526398,31.483030281276594,0.620903725205612,2.2166727104518906,-0.41171258648896136,0.0,-0.059096730217874746,-0.035048991597144113,2.2769569317824585,-0.15867030987125488,-0.3096017980423765,0.06101687954293368,-0.10381419266064405,,Industrials,DHCNL
2015Q4,2015,Q4,2016-02-24,2015-12-31,9543000.0,267519000.0,83809000.0,0.0409635864922756,166253000.0,0.6214624008014384,7183978000.0,3359760000.0,89128000.0,775000000.0,3824218000.0,0.0,1477590000.0,3727401663.5022974,5014745663.502297,14.42384225371462,0.11500387096774194,0.18443820401454458,0.39437340762435413,0.017544059752076565,14.42384225371462,0.0028403814558182728,13.933222176751174,97.64753388615469,1.1094249778264809,9.705543330189668,0.0,0.024848408720452596,0.03723828218850336,0.11500387096774194,0.0013283726648383389,44.01749720715986,0.6214624008014384,-0.7520851059439224,-0.8450322298825268,0.0,-0.13176749468494592,0.049915061036065904,-0.7505032811315329,0.08316747227750924,-0.8447215754623592,0.0006849843442757038,-0.07798781776458252,,Industrials,DHCNL
2015Q3,2015,Q3,2015-11-04,2015-09-30,38249000.0,255276000.0,77374000.0,0.16523245466248498,158349000.0,0.6203050815587834,7352996000.0,3505540000.0,61408000.0,467757000.0,3847456000.0,0.0,1468047000.0,3703766457.123615,4660115457.123615,15.145730901172588,0.13128184078485197,0.1384139199858126,0.2903281662739549,0.017040660992281506,15.145730901172588,0.010911015136041808,14.508870622869424,24.208256798371295,1.0565466253768647,2.420586159115271,0.0,0.0249975264563259,0.03471727714798158,0.13128184078485197,0.005201825215191196,35.50866160262703,0.6203050815587834,0.03776716392767594,-0.25015363887395536,0.0,0.04148092681290101,0.029517128386505342,0.05117212191167175,0.03155705467489701,0.07419488597740134,0.15899656084801142,-0.054682997125716455,,Industrials,DHCNL
2015Q2,2015,Q2,2015-08-06,2015-06-30,36387000.0,247401000.0,75007000.0,0.15921919714353225,153809000.0,0.6216991847243948,7348026000.0,3566221000.0,52231000.0,615000000.0,3781805000.0,0.0,1429797000.0,3656512046.5371222,4569281046.537123,15.607025789821488,0.08492845528455284,0.1313277878984097,0.27059455933886317,0.01649597824646139,15.607025789821488,0.01020323754472872,14.77969792578495,25.122379191312298,1.0253184103108366,2.518894110533982,0.0,0.025066237669530263,0.03366904254285437,0.08492845528455284,0.004951942195087497,5.613330170705348,0.6216991847243948,-0.11406035361565735,-0.628064100911508,0.0,0.06747836899046883,0.07722207825861623,-0.08550101786926034,-0.030215659908978072,-0.22101062743255415,0.1982759408582452,0.05068549211644323,,Industrials,DHCNL
2015Q1,2015,Q1,2015-05-06,2015-03-31,39789000.0,228577000.0,77344000.0,0.17971788235612948,142783000.0,0.6246603989027767,6537095000.0,3574793000.0,103235000.0,0.0,2962302000.0,0.0,1393410000.0,3542480576.8996873,3814686576.8996873,16.1481332580463,0.0,0.053540601750471734,0.09790776696720621,0.019652416055968243,16.1481332580463,0.01113043468530905,15.497974760801338,22.257914102513805,0.9909610365969966,1.9987936364321797,0.0,0.022450370093377667,0.03496614321805022,0.0,0.006086648580141485,-8.146199094656678,0.6246603989027767,-0.21070487130213927,-0.197595161134832,0.0,0.0851645792589565,-0.018949986601713608,-0.12140349327621613,-0.06406253781553281,-0.09639344357745201,0.15761306435951028,0.07384407779815753,,Industrials,DHCNL
2014Q4,2014,Q4,2015-02-27,2014-12-31,45287000.0,229808000.0,82638000.0,0.2276941486419902,145541000.0,0.6333156374016571,5968269000.0,2952407000.0,51587000.0,80000000.0,3015862000.0,0.0,1353622000.0,3182319717.07233,3584725717.07233,14.846063720658929,0.6448375,0.07204769087988494,0.14564387633547815,0.02439309407579551,14.846063720658929,0.015339009831639066,13.847732529208427,17.56751229421429,1.0778729751935725,1.7558018857508777,0.0,0.024986490066796995,0.03850496685052232,0.6448375,0.007587962271807789,137.98377128180766,0.6333156374016571,0.21055956532505815,-0.13862473352066623,0.0,-0.10635218608723528,0.08477494465852259,0.22021339656194427,0.12135151638510075,-0.11755802101552834,0.25329570626607706,-0.10190718895570082,,Industrials,DHCNL
2014Q3,2014,Q3,2014-11-03,2014-09-30,37114000.0,216874000.0,73695000.0,0.18809,134167000.0,0.6186403164971366,5989122000.0,2984215000.0,80750000.0,0.0,3004907000.0,0.0,1308333000.0,3157500350.0490823,3426750350.0490823,15.123962963150666,0.0,0.05843928375478075,0.1172837747950466,0.02201088300806206,15.123962963150666,0.012436771479266742,14.559146555368935,21.268930525199938,1.0580673142012498,2.1412135582260063,0.0,0.025168326584275653,0.036211317785812346,0.0,0.0061969016493569505,30.798571512656746,0.6186403164971366,-0.030863561417971946,-0.14652627935588672,0.0,0.039984076484989674,0.05709895997478727,-0.014393456554068408,0.08171383278534523,-0.08608968475993982,0.41414815611308986,-0.04558602462481714,,Industrials,DHCNL
2014Q2,2014,Q2,2014-08-04,2014-06-30,37656000.0,206708000.0,68128000.0,0.19408,126920000.0,0.6140062310118621,6016855000.0,3029581000.0,79392000.0,0.0,2987274000.0,0.0,1271221000.0,3104821203.5368123,3375429203.5368123,15.614384744233991,0.0,0.058169924320928455,0.11552752674379725,0.02006726650962649,15.614384744233991,0.012429441563041226,15.020324339342514,20.613057703532053,1.0248351846465937,1.9491448905884852,0.0,0.023639686535376292,0.0343548249043728,0.0,0.006258419057796806,-2.9038921911542745,0.6140062310118621,-0.05336064774168376,-0.5466992415122538,0.0,0.0679817015766722,0.1163199788908923,-0.023950233281493,0.01792971551518049,-0.46065849845226275,-0.7565884322539618,0.053288005825199325,,Industrials,DHCNL
2014Q1,2014,Q1,2014-05-05,2014-03-31,38580000.0,191497000.0,66928000.0,0.20502,113695000.0,0.5937168728491831,4778668000.0,2740718000.0,32967000.0,145000000.0,2037950000.0,0.0,1233562000.0,3011224506.10356,3268257506.10356,14.564652240455743,0.22735862068965518,0.06068636699599135,0.10581168876185,0.021972605842813676,14.564652240455743,0.014076603284248873,15.724656292806467,19.512859681853033,1.098699138730639,1.9021772939346813,0.0,0.024370816540331436,0.04007330076079778,0.22735862068965518,0.00807337944381154,33.41461107342189,0.5937168728491831,-0.4683367045277735,-0.08471345204660005,0.0,-0.021246328104715852,-0.07828067871358968,-0.4657027711994682,-0.09130653198104625,-0.08471345204660005,0.0,-0.021246328104715852,,Industrials,DHCNL
2013Q4,2013,Q4,2014-03-03,2013-12-31,72207000.0,200336000.0,73653000.0,0.38562,123351000.0,0.6157205894097916,4764666000.0,2776989000.0,68311000.0,100000000.0,1987677000.0,0.0,1194985000.0,2996422498.0464973,3157189498.0464973,14.830302641908455,0.68311,0.041975659993795995,0.0720204509272453,0.024628857123566113,14.830302641908455,0.02600190350051801,14.95698475584267,10.374418332178658,1.0790184973892576,1.0163280568365949,0.0,0.024491205778839144,0.042046179102585575,0.68311,0.015154682405860138,51.200767186345495,0.6157205894097916,0.8909429706271761,0.45860906118193856,0.0,-0.10730091255340747,0.09611232061136535,0.8940037771482531,0.11832675372001215,0.45860906118193856,0.0,-0.10730091255340747,,Industrials,DHCNL
2013Q3,2013,Q3,2013-10-30,2013-09-30,38124000.0,187265000.0,65860000.0,0.20393,112535000.0,0.6009398446052385,4807330000.0,2776443000.0,52258000.0,125000000.0,2030887000.0,0.0,1122778000.0,2991477827.246895,3189219827.246895,14.851895240234938,0.418064,0.052003919015337,0.0900432675909428,0.02168802125759077,14.851895240234938,0.013731238134548414,15.974569872890795,19.61676258555565,1.0774497539646573,1.9240635819955934,0.0,0.024520656423353118,0.03895405557762833,0.418064,0.007930389634162831,30.76133007616501,0.6009398446052385,5.788615179760319,-0.07464479980862392,0.0,0.021275613614029135,0.015411406967616195,5.810289389067524,0.09207886315021474,-0.07464479980862392,0.0,0.021275613614029135,,Industrials,DHCNL
2013Q2,2013,Q2,2013-07-31,2013-06-30,5598000.0,184408000.0,60307000.0,0.03004,110827000.0,0.6009880265498243,4748631000.0,2812217000.0,37336000.0,30000000.0,1936414000.0,0.0,1084654000.0,2982004542.090375,3004668542.090375,15.091049101153743,1.2445333333333333,0.012635220550933522,0.021335480156758884,0.020902187240997773,15.091049101153743,0.0019906002986256038,16.170689677727513,133.1727644734894,1.060374978918901,13.102715255448375,0.0,0.02459721270195739,0.03883392918927581,1.2445333333333333,0.0011788660774020975,38.60899764475601,0.6009880265498243,-0.842615392675643,-0.9298361438338779,0.0,0.032186958476150225,-0.035003091068987434,-0.8411238825031928,-0.06775390323079301,-0.9298361438338779,0.0,0.032186958476150225,,Industrials,DHCNL
2013Q1,2013,Q1,2013-05-01,2013-03-31,35235000.0,189429000.0,64690000.0,0.19087,114847000.0,0.6062799254601988,4811269000.0,2884145000.0,38989000.0,0.0,1927124000.0,0.0,1079056000.0,2954080753.9178624,2915091753.9178624,15.623330895696217,0.0,0.0,0.0,0.022340757152941083,15.623330895696217,0.012216792151573517,15.594659497320169,20.959846416332216,1.0242483487889347,1.9542216546047964,0.0,0.023309112287698334,0.03937194116562595,0.0,0.007323431718326287,40.084682396844634,0.6062799254601988,-0.2765691328077623,-0.14790129545101624,0.0,0.04989753472611766,-0.04909087898257932,-0.21061475042566538,-0.12363173295762436,-0.14790129545101624,0.0,0.04989753472611766,,Industrials,DHCNL
2012Q4,2012,Q4,2013-02-19,2012-12-31,44636000.0,194164000.0,73816000.0,0.26384,120776000.0,0.6220308605096723,4748002000.0,2646568000.0,67559000.0,190000000.0,2101434000.0,0.0,1043821000.0,2707183259.5260596,3044801259.5260596,15.643873835532228,0.3555736842105263,0.08003366468674614,0.1435821788822354,0.02434298516248927,15.643873835532228,0.016865616148914367,13.942766215807563,15.16255522182801,1.0229033448322733,1.5426337485437762,0.0,0.02543492383003825,0.04089383281641415,0.3555736842105263,0.009401006991993685,61.12402934129735,0.6220308605096723,0.7150286011440459,-0.0020006283621994154,0.0,-0.058328596906360414,0.08978037644596033,0.7405342171963346,0.18492359059971747,-0.0020006283621994154,0.0,-0.058328596906360414,,Industrials,DHCNL
2012Q3,2012,Q3,2012-10-30,2012-09-30,25645000.0,158633000.0,62296000.0,0.15384,110826000.0,0.6986314322997107,4646295000.0,2670811000.0,20985000.0,55000000.0,1975484000.0,0.0,999185000.0,2667529880.104005,2756544880.104005,16.021853891468403,0.3815454545454545,0.023674777430189,0.04118599182046202,0.02236459818656258,16.021853891468403,0.009601952365779532,16.815731153694408,26.004385651238103,0.9987714892981963,2.6149736790797427,0.0,0.02513973714040847,0.034141826982574286,0.3815454545454545,0.005519451519974517,28.843461826541148,0.6986314322997107,-0.24743175814499554,-0.30194569820189987,0.0,0.10172664158819343,0.04318605395432896,-0.2287450001503714,0.019390944347171542,-0.30194569820189987,0.0,0.10172664158819343,,Industrials,DHCNL
2012Q2,2012,Q2,2012-08-01,2012-06-30,33251000.0,146972000.0,61111000.0,0.20442,106238000.0,0.7228451677870614,4466552000.0,2416159000.0,20405000.0,360000000.0,2050393000.0,0.0,973540000.0,2602897111.9499774,3302492111.9499774,14.854136567912013,0.056680555555555553,0.1611981680723744,0.2979936336971201,0.01946077149689757,14.854136567912013,0.013761925436198528,17.71015643762062,19.570066403641825,1.0772871785134908,1.8589816847613605,0.0,0.023747769251506214,0.03290502383046252,0.056680555555555553,0.0074444448424646125,35.10076342728039,0.7228451677870614,0.027700970288069917,-0.5225404707863467,0.0,0.01598278171729482,0.004719167005551405,0.027788081107814045,0.0031681933090383797,-0.5225404707863467,0.0,0.01598278171729482,,Industrials,DHCNL
2012Q1,2012,Q1,2012-05-01,2012-03-31,32352000.0,145073000.0,60918000.0,0.19891,105739000.0,0.7288675356544636,4383821000.0,2445835000.0,25302000.0,265000000.0,1937986000.0,0.0,940289000.0,2602705085.8995075,3107403085.8995075,15.037688982889325,0.09547924528301886,0.12089909692936823,0.21669491196258128,0.020342619847099865,15.037688982889325,0.013227384512855527,17.940658054217582,20.112397115321368,1.0641376404784082,1.9104228486646884,0.0,0.023746831838475296,0.033092820167611774,0.09547924528301886,0.00737986336577155,35.961879762062445,0.7288675356544636,-0.22921026117957066,-0.11199754676199544,0.0,0.010542034635056955,-0.03452337472607743,-0.16186528497409328,-0.06944274715874374,-0.11199754676199544,0.0,0.010542034635056955,,Industrials,DHCNL
2011Q4,2011,Q4,2012-02-17,2011-12-31,38600000.0,137915000.0,65464000.0,0.25806,109520000.0,0.7941123155566835,4383048000.0,2472606000.0,40425000.0,3553000.0,1910442000.0,0.0,907937000.0,2393556712.5959325,2373549712.5959325,16.530656451192364,11.377708978328174,0.0008106231097628865,0.0014369454737228656,0.02647407108797654,16.530656451192364,0.01561105974829795,17.355303720378004,15.502310314740493,0.9680299702402777,1.6011658031088083,0.0,0.025821406142062697,0.03146554635039361,11.377708978328174,0.008806656920024605,28.63482889609796,0.7941123155566835,0.2538749331908072,-0.023873198472926016,0.0,-0.004949373914223665,1.333337391494905,0.2868382450993466,0.20243190125452307,-0.023873198472926016,0.0,-0.004949373914223665,,Industrials,DHCNL
2011Q3,2011,Q3,2011-10-28,2011-09-30,29996000.0,113277000.0,54443000.0,0.20581,-328556000.0,-1.0639697929417555,4003313000.0,2309524000.0,26845000.0,210000000.0,1693789000.0,0.0,869337000.0,2332236393.8125124,2725391393.8125124,15.846334351092661,0.12783333333333333,0.10491310572018725,0.18185565510468824,0.019809266435756624,15.846334351092661,0.01298795769171483,20.588790255855226,19.437895001104415,1.0098342315613573,1.8918522469662622,0.0,0.024332010318745566,0.028295813992061075,0.12783333333333333,0.00749279409329223,60.12933183315318,-2.9004652312472965,-0.4280513561582926,-0.06612967770264393,0.0,0.08965721722187582,-1.5385378198918518,-0.4123961761479392,0.024481577659854727,-0.06612967770264393,0.0,0.08965721722187582,,Industrials,DHCNL
2011Q2,2011,Q2,2011-07-28,2011-06-30,51048000.0,620904000.0,53142000.0,0.35984,610089000.0,0.9825818484016853,3733418000.0,2103022000.0,28082000.0,184000000.0,1630396000.0,0.0,839341000.0,2270099964.3145947,2610017964.3145947,14.824420916101564,0.1526195652173913,0.09856919316294077,0.1749862816461264,0.021469491300742046,14.824420916101564,0.024273640503998533,3.6561206954933367,11.11747749331313,1.0794466079359106,1.0282479235229587,0.0,0.023122329776278452,0.1663097997598983,0.1526195652173913,0.013673261338537501,33.324035763991,0.9825818484016853,0.6064285714285713,-0.15952924596583368,0.0,0.013950311472464833,0.0,0.6065460267505901,-0.024308743069070615,-0.15952924596583368,0.0,0.013950311472464833,,Industrials,DHCNL
2011Q1,2011,Q1,2011-04-28,2011-03-31,31775000.0,0.0,54466000.0,0.224,0.0,0.0,3525408000.0,2110918000.0,14810000.0,25000000.0,1414490000.0,0.0,788293000.0,2269987949.1184874,2305177949.1184874,14.880814916640231,0.5924,0.01418275558460184,0.023686377206504468,0.025148834512305734,14.880814916640231,0.01505269271473359,0.0,17.85985797890234,1.0753558163407992,1.651801730920535,0.0,0.023121708650648158,0.0,0.5924,0.009013141174014468,34.89014846249654,0.0,-0.1527026515867912,0.0,0.0,0.0,0.0,-0.06168792818332152,-0.07993513294368053,0.0,0.0,0.0,,Industrials,DHCNL
2010Q4,2010,Q4,2011-02-24,2010-12-31,33864000.0,0.0,59198000.0,0.26437,0.0,0.0,3392656000.0,2127977000.0,40115000.0,128000000.0,1264679000.0,0.0,756518000.0,2049750071.4002697,2294884071.4002695,16.612879805140057,0.3133984375,0.07545710499384553,0.12030205213684171,0.02478931001613253,16.612879805140057,0.01591370583422659,0.0,15.132220583807804,0.9632388279573838,1.3928655799669265,0.0,0.023011585977297987,0.0,0.3133984375,0.00998156016996713,38.032992010247334,0.0,0.19955533372657558,0.0,0.0,0.0,0.0,0.20606880831968089,0.23262399533585973,0.0,0.0,0.0,,Industrials,DHCNL
2010Q3,2010,Q3,2010-11-01,2010-09-30,28078000.0,0.0,48026000.0,0.22039,0.0,0.0,2999712000.0,1852772000.0,8513000.0,12000000.0,1146940000.0,0.0,722654000.0,2038740577.83999,2054227577.83999,14.542494741138427,0.7094166666666667,0.008000768073735079,0.012953563633301884,0.02552695175848792,14.542494741138427,0.015154589987327096,0.0,18.152473269463545,1.1003731586185401,1.6335921361920365,0.0,0.022498203301862148,0.0,0.7094166666666667,0.00936023191559723,37.26517717084922,0.0,-0.48523847339655257,0.0,0.0,0.0,0.0,-0.485213501274224,-0.5033813827477096,0.0,0.0,0.0,,Industrials,DHCNL
2010Q2,2010,Q2,2010-08-02,2010-06-30,54543000.0,0.0,96706000.0,0.42814,0.0,0.0,2993227000.0,1862559000.0,25230000.0,0.0,1130668000.0,0.0,694576000.0,2038580556.131265,2013350556.131265,14.620460932226008,0.0,0.0,0.0,0.05177485556289461,14.620460932226008,0.029283904563560136,0.0,9.34391469176276,1.0945052243345121,1.6816273398969621,0.0,0.04499258060915894,0.0,0.0,0.01822213951698284,19.10536406188511,0.0,0.0,0.0,0.0,0.0,0.0,0.0,0.0,0.0,0.0,0.0,,Industrials,DHCNL
