Quarters,Year,Quarter,FillingDate,Date,NetIncome,Revenue,OperatingIncome,EPSDiluted,GrossProfit,GrossProfitRatio,TotalAssets,CommonStockEquity,CurrentAssets,CurrentLiability,TotalLiability,Inventory,RetainedEarnings,MarketCap,EnterpriseValue,bookValuePerShare,currentRatio,debtToAssets,debtToEquity,roic,shareholdersEquityPerShare,roe,priceToSalesRatio,peRatio,pbRatio,payoutRatio,inventoryTurnover,dividendYield,assetTurnover,quickRatio,returnOnAssets,priceToFreeCashFlowsRatio,grossProfitMargin,epsdilutedGrowth,fiveYNetIncomeGrowthPerShare,fiveYRevenueGrowthPerShare,fiveYShareholdersEquityGrowthPerShare,grossProfitGrowth,netIncomeGrowth,operatingIncomeGrowth,threeYNetIncomeGrowthPerShare,threeYRevenueGrowthPerShare,threeYShareholdersEquityGrowthPerShare,Industry,Sector,Symbol
2023Q1,2023,Q1,2023-03-31,2023-03-31,14927000.0,244204000.0,17583000.0,0.17,68595000.0,0.2808922049,1714286000.0,908444000.0,1288149000.0,697662000.0,804871000.0,335235000.0,694052000.0,709005105.0000001,927019105.0000001,10.416920369000728,1.8463797655598269,0.24167495972084005,0.4560545284024112,0.011072943806495705,10.416920369000728,0.016431392578959186,2.9033312517403487,11.874541183760972,0.7804609915415811,0.0,0.5238385013497994,0.0,0.14245230959128174,0.6839787748221918,0.008707415215430798,11.162446352944883,0.28089220487788896,-0.2916666666666666,11.436799743218883,1.9661295032635113,2.9674120130890573,-0.1431087681602978,-0.6459104279343392,-0.5611929124032943,7.967638018885842,1.6179679418955648,3.1619690015205095,Semiconductors,Technology,HIMX
2022Q4,2022,Q4,2022-12-31,2022-12-31,42156000.0,262290000.0,40070000.0,0.24,80051000.0,0.3052003508,1701758000.0,892572000.0,1336808000.0,693995000.0,807937000.0,370933000.0,679125000.0,1085582520.0,1279801520.0,5.105896620369311,1.9262501891224,0.24433556357601963,0.4658447721864455,0.03272309918680858,5.105896620369311,0.04722980330998508,4.138863547981242,6.437888556789069,1.2162408410750056,5.168256001518171,0.49129896773810905,0.20069685720436986,0.15412884793254975,0.7093682231139994,0.02477202986558606,362.82838235294116,0.3052003507567959,4.0,0.7668288697526765,0.42930261784664153,0.9287548858575658,0.04229001471296694,4.067435989902632,6.577534039334342,39.171342614773266,0.48025530524939136,1.0350969725343147,Semiconductors,Technology,HIMX
2022Q3,2022,Q3,2022-09-30,2022-09-30,8319000.0,213631000.0,5288000.0,0.048,76803000.0,0.3595124303,1730934000.0,847722000.0,1371552000.0,736597000.0,882379000.0,410071000.0,637149000.0,845523800.0,1043078800.0,4.8525830733564215,1.862011384787068,0.24108371549695135,0.4922604344348737,0.00602172278480815,4.8525830733564215,0.009813358624643456,3.9578703465321046,25.4094181993028,0.997406932933202,26.189806467123454,0.33366904755517945,0.2576781398702201,0.12341949490852916,0.6549673702173644,0.004806075794917657,-119.49177501413227,0.3595124303120802,-0.88,1.2284906089934502,0.06938874521237798,0.9342186262163464,-0.4367671108308094,-0.8822255255892971,-0.9368687471645853,2.14434905610662,0.28457703767536435,0.941503580445568,Semiconductors,Technology,HIMX
2022Q2,2022,Q2,2022-06-30,2022-06-30,70635000.0,312606000.0,83762000.0,0.4,136361000.0,0.4362072385,1790830000.0,839996000.0,1414542000.0,796741000.0,949698000.0,337312000.0,628830000.0,1306711120.0,1054709120.0,4.808384947393728,1.7754100768003656,0.11218261923242295,0.23916780556097886,0.06532449376022394,4.808384947393728,0.08408968614136257,4.180057708425302,4.624871239470518,1.5556158838851615,0.0,0.5224984584005312,0.0,0.1745592825673012,1.0468721956068534,0.039442604825695345,198.19674199908994,0.4362072385046992,-0.3939393939393939,111.82201882581403,1.033211722087741,0.9363808206198845,-0.2967131016911564,-0.3873116656691561,-0.41159363277463223,14.543789780308357,0.8235009089314925,0.8907119666344889,Semiconductors,Technology,HIMX
2022Q1,2022,Q1,2022-03-31,2022-03-31,115287000.0,412812000.0,142354000.0,0.66,193891000.0,0.4696835363,1769193000.0,986991000.0,1381378000.0,647505000.0,780423000.0,253055000.0,776172000.0,1897176840.0,1721563840.0,5.6498276987189024,2.133385842580366,0.11440244224344094,0.2050677260481605,0.09491125438919018,5.6498276987189024,0.11680653622981364,4.5957405307985235,4.114030289625022,1.9221825123025438,0.0,0.8651123273596649,0.0,0.23333350290217064,1.3753592636350298,0.06516360849268565,27.788912422551302,0.4696835363313082,-0.1851851851851852,82.47207999656561,1.6247586019117481,1.0741492698741488,-0.17132099018702773,-0.1850896290432029,-0.20607017172049547,50.10111950179053,1.4962467933004413,1.1942584773262492,Semiconductors,Technology,HIMX
2021Q4,2021,Q4,2021-12-31,2021-12-31,141472000.0,451895000.0,179303000.0,0.81,233976000.0,0.5177662953,1603194000.0,869724000.0,1192844000.0,601225000.0,731212000.0,198600000.0,660300000.0,2793357060.0,2665835060.0,4.978556790731221,1.9840226204831801,0.13005412944409722,0.23973352465839737,0.1315351934825562,4.978556790731221,0.16266309771835663,6.181429447106075,4.936236605123275,3.2117741490403855,0.0,1.0972759315206446,0.0,0.2818716886415493,1.290471953095763,0.0882438432279562,15.502544911675093,0.517766295267706,0.19117647058823528,30.451553493338682,1.1920554611446685,0.835017439789948,0.07959856961587265,0.1916843559419118,0.20951269528614985,15.510413757552257,1.3366966231730333,0.9236458089001963,Semiconductors,Technology,HIMX
2021Q3,2021,Q3,2021-09-30,2021-09-30,118716000.0,420938000.0,148244000.0,0.68,216725000.0,0.5148620461920758,1327901000.0,728231000.0,1025299000.0,510592000.0,596685000.0,160947000.0,519696000.0,1863803590.0,1840006590.0,4.169014810192527,2.0080592723740285,0.15468020582859715,0.2820533594422649,0.12624037312813355,4.169014810192527,0.1630197011662508,4.427738978186811,3.9249207983759558,2.5593576626098034,0.399305906533239,1.2688214132602658,0.025434010458151333,0.3169950169477996,1.2789507081975433,0.08940124301435122,32.079235628227195,0.5148620461920758,0.0914927768860354,7.611798377362354,0.9039692868747837,0.5495179509724436,0.24844466462360884,0.0902278425214205,0.10608389416978795,130.87451306960887,1.206631428435769,0.6364851934759755,Semiconductors,Technology,HIMX
2021Q2,2021,Q2,2021-06-30,2021-06-30,108891000.0,365261000.0,134026000.0,0.623,173596000.0,0.47526563197275373,1154688000.0,609837000.0,876039000.0,457952000.0,541024000.0,134243000.0,400980000.0,2909952220.0,2817727220.0,3.491426543079116,1.9129493920760254,0.13813255182352288,0.26154529816983885,0.1415905125936828,3.491426543079116,0.17855754898440074,7.966775045789175,6.680883222672214,4.7716885331654195,0.00018366990844055064,1.427746698151859,6.872965082567575e-06,0.31632873988471344,1.311783767731116,0.09430339624210177,34.785155938079015,0.47526563197275373,0.6266318537859007,4.428677100217143,0.791964345468282,0.33762752986101047,0.39680240744763884,0.6277654867256637,0.5804952830188679,51.56081339830444,0.9889576878064937,0.37288053097890395,Semiconductors,Technology,HIMX
2021Q1,2021,Q1,2021-03-31,2021-03-31,66896000.0,309003000.0,84800000.0,0.383,124281000.0,0.40219997864098406,1021333000.0,547732000.0,801194000.0,387048000.0,469180000.0,114945000.0,339493000.0,2380751100.0,2314373100.0,3.1404130402375956,2.070011988177177,0.1576371271661642,0.2939393718095711,0.09332678746042862,3.1404130402375956,0.12213272184206875,7.704621314356172,8.897210221836882,4.346562004776058,0.0,1.6070468484927574,0.0,0.3025487279858773,1.3852932969554164,0.06549871589383678,40.8334093715697,0.40219997864098406,0.9641025641025641,4.049383548061447,0.6929054473197955,0.19612402863092634,0.44519512535466765,0.9671822619537729,1.0099549656316662,24.386888344546296,0.8766250345024362,0.19606486183549082,Semiconductors,Technology,HIMX
2020Q4,2020,Q4,2020-12-31,2020-12-31,34006000.0,275770000.0,42190000.0,0.195,85996000.0,0.3118395764586431,909818000.0,480176000.0,694411000.0,352242000.0,424619000.0,108707000.0,272937000.0,1282024590.0,1262654590.0,2.7678881260772075,1.9714031830389334,0.18197925299345583,0.34480690413515047,0.05149922883398483,2.7678881260772075,0.07081986604911532,4.648890706023135,9.424988163853437,2.6699055971143912,0.0,1.7457385448959128,0.0,0.3031045769593479,1.26712884891637,0.03737670611045286,19.170461158878506,0.3118395764586431,2.995901639344262,4.509802073844362,0.5389484031532492,0.08710070523059066,0.6042533345769984,3.023902496745947,3.4673867005506143,0.43618361026444846,0.5142891123189527,0.045571060992695006,Semiconductors,Technology,HIMX
2020Q3,2020,Q3,2020-09-30,2020-09-30,8451000.0,239934000.0,9444000.0,0.0488,53605000.0,0.2234156059583052,826990000.0,442751000.0,621251000.0,309673000.0,381635000.0,125725000.0,238931000.0,614918800.0,647095800.0,2.563254790713831,2.006151650289176,0.19830953215879274,0.370411359883998,0.013659935364768597,2.563254790713831,0.019087478063290652,2.5628664549417755,18.190711158442788,1.388859200769733,0.0004733167672464797,1.4820361900974348,6.504923902147731e-06,0.29012926395724253,1.1794118311896742,0.01021898692849974,19.031252514623503,0.2234156059583052,5.1000000000000005,4.600534919557874,0.43968056518468396,0.0055845717415799224,0.3654541749452341,5.110629067245119,4.741033434650456,1.2896045936768255,0.2147190208595537,0.021702273817583797,Semiconductors,Technology,HIMX
2020Q2,2020,Q2,2020-07-06,2020-06-30,1383000.0,186984000.0,1645000.0,0.008,39258000.0,0.20995379283788987,872204000.0,433494000.0,664129000.0,425360000.0,436683000.0,161474000.0,230564000.0,714638520.0,840945520.0,2.51129082714433,1.5613339289072785,0.25502864008878656,0.5131259025499776,0.0018085898675741924,2.51129082714433,0.0031903555758557214,3.821923373122834,129.18266811279824,1.64855458207034,0.0,0.9148593581629241,0.0,0.21438103929814584,0.7391597705473011,0.0015856382222507578,-72.39044975688817,0.20995379283788987,-0.5789473684210527,-0.8443265432291558,0.09873773401001776,-0.028751346552214407,-0.0635465865178188,-0.5801457194899818,-0.6460081773187002,3.195938619329473,0.23078345675739917,0.011319901772153472,Semiconductors,Technology,HIMX
2020Q1,2020,Q1,2020-04-03,2020-03-31,3294000.0,184594000.0,4647000.0,0.019,41922000.0,0.22710380619088377,858797000.0,431945000.0,651482000.0,418171000.0,424386000.0,148431000.0,229181000.0,472866460.00000006,589060460.0,2.502882737760678,1.5579320421550036,0.26999512108216495,0.5368067693803609,0.004602531383484502,2.502882737760678,0.007625970899072799,2.5616567169030415,35.88846842744384,1.0947376633599184,0.0,0.9612008273204384,0.0,0.21494485891310752,0.7522903309889973,0.0038355979352512875,63.70287754277247,0.22710380619088377,2.1666666666666665,-0.7393182165145419,0.025191425052735437,-0.11575730198554705,0.16156382477626002,2.1795366795366795,4.457589285714286,1.4142071577652595,0.18807723953243413,-0.08114854470976893,Semiconductors,Technology,HIMX
2019Q4,2019,Q4,2020-01-07,2019-12-31,1036000.0,174929000.0,-1344000.0,0.006,36091000.0,0.20631799187098765,818481000.0,432987000.0,604668000.0,380890000.0,387237000.0,143774000.0,230543000.0,459060140.0,579344140.0,2.5089205523267606,1.5875134553283101,0.270426558466232,0.5111908671622936,-0.0011829994196890566,2.5089205523267606,0.0023926815354733512,2.62426550200367,110.77706081081081,1.0602169118241425,0.0,0.9656683405900928,0.0,0.2137239593832966,0.7307490351545065,0.0012657593762103213,22.204708329302505,0.20631799187098765,1.1442307692307692,-0.934069053407425,-0.23432721360962722,-0.08902036683771722,0.12731532094330783,1.1442896935933147,0.8241067923046722,-0.7668575239059053,-0.14105401046682622,-0.07525149112724312,Semiconductors,Technology,HIMX
2019Q3,2019,Q3,2019-11-07,2019-09-30,-7180000.0,164254000.0,-7641000.0,-0.0416,32015000.0,0.19491153944500592,847142000.0,431248000.0,637842000.0,411127000.0,417187000.0,167581000.0,229507000.0,391668070.0,529695070.0,2.4993943468508935,1.5514476062141382,0.30054701573053866,0.5903934626943197,-0.011140855050783403,2.4993943468508935,-0.0166493525767076,2.3845268303968243,-13.6374676183844,0.9082200265276592,0.0,0.7891049701338457,0.0,0.19389193311156808,0.6969354968172852,-0.008475556636313629,-53.97851019845645,0.19491153944500592,-0.38666666666666666,-1.6380942080826908,-0.2680833266424541,-0.06379449400277734,-0.02831734854922909,-0.39390409629198214,-0.28528174936921785,-1.5272935467306206,-0.24785569163802618,-0.07103798299395943,Semiconductors,Technology,HIMX
2019Q2,2019,Q2,2019-07-15,2019-06-30,-5151000.0,169318000.0,-5945000.0,-0.03,32948000.0,0.19459242372340801,861540000.0,438797000.0,674808000.0,417396000.0,423330000.0,188535000.0,236687000.0,598713800.0,746881800.0,2.543161006143503,1.6167093120202398,0.2797606611416765,0.5492858884632301,-0.0087449361744692,2.543161006143503,-0.011738913438332532,3.5360316091614594,-29.05813434284605,1.3644436949204302,0.0,0.7233139735327658,0.0,0.19652947048308841,0.7183418144879203,-0.0059788286092346266,-25.482604809533942,0.19459242372340801,-1.1428571428571428,-1.2116222879066192,-0.1460038911238771,-0.021916175191211154,-0.10625254306252543,-1.221216041397154,-0.7604382588095944,-1.2599648564503019,-0.1590885657938281,-0.025669842193930165,Semiconductors,Technology,HIMX
2019Q1,2019,Q1,2019-05-09,2019-03-31,-2319000.0,163334000.0,-3377000.0,-0.014,36865000.0,0.2257031603952637,854153000.0,444260000.0,664921000.0,407695000.0,414803000.0,189317000.0,241838000.0,559029600.0,666276600.0,2.574823229396082,1.6309275316106404,0.23883308962211688,0.4591905640840949,-0.00520932958997933,2.574823229396082,-0.005219916265250079,3.4226162342194524,-60.26623544631307,1.2583388106064017,0.0,0.6680276995726744,0.0,0.19122335225656292,0.7044874231962619,-0.0027149702687925934,-19.725119085423945,0.2257031603952637,-1.28,-1.146189806167651,-0.1687280427419313,-0.05527909503611046,-0.20518735716441724,-1.2740163062743708,-1.6325154523318974,-1.1769418271919088,-0.09543838801661395,-0.01929845065070706,Semiconductors,Technology,HIMX
2018Q4,2018,Q4,2019-02-19,2018-12-31,8463000.0,191006000.0,5339000.0,0.05,46382000.0,0.24283006816539796,836678000.0,446548000.0,654415000.0,391155000.0,394391000.0,162561000.0,244157000.0,591812200.0,669375200.0,2.58808392256868,1.6730324295995194,0.2199173397651187,0.4120497684459453,0.0071901697869463455,2.58808392256868,0.01895204994759802,3.098395861910097,17.48234077750207,1.3253047824645952,0.0,0.8896598815213981,0.0,0.22829093151726232,0.7920057266301083,0.010115002426261954,-170.79717171717172,0.24283006816539796,7.333333333333334,-0.4702009721401629,-0.03083193135406388,-0.016603595972116286,0.0507453219156359,8.51968503937008,5.758227848101265,0.3786909085648814,0.07173193841581274,0.016481782956962333,Semiconductors,Technology,HIMX
2018Q3,2018,Q3,2018-10-05,2018-09-30,889000.0,188383000.0,790000.0,0.006,44142000.0,0.23432050662745577,794882000.0,439451000.0,622313000.0,352512000.0,359087000.0,145812000.0,236299000.0,1071225000.0,1144279000.0,2.5475420289855073,1.7653668527596225,0.20631993176345673,0.37319291570618796,0.0010760029704038117,2.5475420289855073,0.002022978671114641,5.686420749218348,301.2443757030371,2.4376437873619583,19.35883014623172,0.989225852467561,0.016065719153305794,0.23699492503289796,0.8324397467320261,0.0011184049959616648,-175.72588582677164,0.23432050662745577,-0.5,-0.9286053081038942,-0.037253674074722166,2.816062795516456e-05,0.05618031296358329,-0.5654936461388075,0.58,1.3792620255052577,0.1318652589312113,-0.0005796655518393752,Semiconductors,Technology,HIMX
2018Q2,2018,Q2,2018-07-09,2018-06-30,2046000.0,181365000.0,500000.0,0.012,41794000.0,0.23044137512750532,785652000.0,438689000.0,613654000.0,343050000.0,349858000.0,142077000.0,235410000.0,1286842540.0,1319362540.0,2.543139380518148,1.7888179565660982,0.18710574147332407,0.33508932296000127,0.0007002107909348561,2.543139380518148,0.004663896290994303,7.095319052738952,157.23882453567938,2.933382282209036,0.0,0.9823616771187454,0.0,0.2308464816483634,0.8915143565077976,0.002604206442547082,-62.2866669893514,0.23044137512750532,1.75,-0.8958137629468788,-0.136506540117492,0.032113523396567464,0.1420061753695658,1.7232237539766702,1.1541307028360048,-0.7695389601502416,0.06645509304684187,-0.016433830697726377,Semiconductors,Technology,HIMX
2018Q1,2018,Q1,2018-05-11,2018-03-31,-2829000.0,162851000.0,-3244000.0,-0.016,36597000.0,0.22472689759350573,794058000.0,452917000.0,636654000.0,338411000.0,343367000.0,147962000.0,250574000.0,1062593840.0,1069787840.0,2.6256210180928585,1.8813040947250532,0.1851250160567616,0.3245627786106505,-0.004433973076133758,2.6256210180928585,-0.00624617755571109,6.524945133895401,-93.90189466242488,2.3461116275167417,0.0,0.8532866546816075,0.0,0.2050870339446237,0.951750977361847,-0.003562712043704616,-64.92294495020468,0.22472689759350573,-1.1176470588235294,-1.1986548004247681,-0.0869062179089158,0.011192817382732803,-0.1791081602440447,-1.120158002038736,-1.7581210563215706,-1.223986272605646,-0.09514460439394667,-0.0723951314318904,Semiconductors,Technology,HIMX
2017Q4,2017,Q4,2018-02-13,2017-12-31,23544000.0,181081000.0,4279000.0,0.136,44582000.0,0.2461992147160663,802055000.0,456648000.0,661418000.0,337199000.0,347142000.0,135200000.0,252546000.0,1797439580.0,1806416580.0,2.647250128986255,1.9615064101613586,0.18327920155101582,0.32191096862353497,0.006035525626416917,2.647250128986255,0.05155831187260209,9.926163319177606,19.085962240910636,3.936159974422312,0.0,1.0096079881656805,0.0,0.22577129997319387,1.0074851942028298,0.02935459538310964,-242.373190399137,0.2461992147160663,5.1818181818181825,0.571795010495168,-0.06358348487909875,0.051970508186874424,-0.11487452350698857,5.390879478827362,0.26001177856301533,0.4990329226720156,-0.20703202387820602,-0.03879341689149667,Semiconductors,Technology,HIMX
2017Q3,2017,Q3,2017-11-09,2017-09-30,3684000.0,197146000.0,3396000.0,0.022,50368000.0,0.25548578211072,758508000.0,432521000.0,633288000.0,320211000.0,327012000.0,130112000.0,228997000.0,1884342930.0,1889860930.0,2.5088079535501535,1.9777209402550193,0.19380151560695472,0.339867890807614,0.004889852701419561,2.5088079535501535,0.00851750550840306,9.558108863481886,127.87343444625408,4.356650729097546,11.205483170466884,1.128089645843581,0.02190737118110449,0.2599128816044129,1.053951925449157,0.0048569032890885796,281.49730056767254,0.25548578211072,6.5,-0.651519051905852,0.019631488441036963,0.03066321451819882,0.39238126831425885,6.856915739268681,4.6127659574468085,-0.6723331470280051,-0.12080302294548506,-0.06026841160035708,Semiconductors,Technology,HIMX
2017Q2,2017,Q2,2017-07-11,2017-06-30,-629000.0,151730000.0,-940000.0,-0.004,36174000.0,0.2384103341461807,734004000.0,428098000.0,620472000.0,299510000.0,306357000.0,147680000.0,225312000.0,1413671799.9999998,1343465799.9999998,2.483181456969008,2.071623651964876,0.14577577233911532,0.24994277011338525,-0.0014860790632660278,2.483181456969008,-0.001469289742068405,9.317022342318591,-561.8727344992051,3.3022153805904253,0.0,0.7824756229685808,0.0,0.2067154947384483,1.17946646188775,-0.0008569435588906873,-107.47086817698037,0.2384103341461807,-1.5,-1.0411307346178247,-0.20918321845995708,0.04933340952803125,0.007604245007102866,-1.4614820249449743,-1.5975842339478703,-1.0258628006474062,-0.2340872994965125,-0.04498393485140571,Semiconductors,Technology,HIMX
2017Q1,2017,Q1,2017-04-12,2017-03-31,1363000.0,155210000.0,1573000.0,0.008,35901000.0,0.23130597255331486,745037000.0,469602000.0,643255000.0,268195000.0,275531000.0,148260000.0,267228000.0,1572278879.9999998,1488933879.9999998,2.7239253127918377,2.3984600756911947,0.1436170284160384,0.22785252192281974,0.002373111540048515,2.7239253127918377,0.002902457825988816,10.130010179756457,288.3857079970653,3.34810942031763,0.0,0.8047281802239309,0.0,0.20832522411638615,1.389984899047335,0.0018294393432809377,455.6009504491451,0.23130597255331486,-0.6923076923076923,-0.8797860975803466,-0.07095026656018455,0.17370411138459774,-0.07771155525869598,-0.6929488623563865,-0.7707331292814459,-0.9140061785584264,-0.20942826660148428,-0.000572483122143082,Semiconductors,Technology,HIMX
2016Q4,2016,Q4,2017-01-26,2016-12-31,4439000.0,203443000.0,6861000.0,0.026,38926000.0,0.19133614820858913,799634000.0,467733000.0,702965000.0,324746000.0,331483000.0,149748000.0,265860000.0,1041289960.0,994837960.0,2.713084182622869,2.1646609965942614,0.17257895487185387,0.2950401190422741,0.005577360221814737,2.713084182622869,0.009490457162526484,5.118337617907718,58.644399639558465,2.2262486504052523,0.0,1.0986256911611507,0.0,0.25442014721735196,1.2094282916494739,0.005551289715044633,23.11101651278409,0.19133614820858913,-0.6666666666666667,0.22532502344391217,0.23347186639815615,0.21978006320561816,-0.3015628083900023,-0.6735549345491985,-0.5514513598326359,-0.7218833352645844,0.033117908480979716,0.030892856970505794,Semiconductors,Technology,HIMX
2016Q3,2016,Q3,2016-11-14,2016-09-30,13598000.0,218081000.0,15296000.0,0.078,55733000.0,0.25556100714872,800768000.0,463588000.0,701012000.0,328211000.0,335718000.0,169382000.0,261283000.0,1480091360.0,1477286360.0,2.690523725508404,2.135857725670377,0.1723345588235294,0.2976781107362572,0.022955777330332026,2.690523725508404,0.029332079346316126,6.786888174577336,27.211563465215473,3.192686954796069,1.6434769819091042,0.9584725649714846,0.015099067938616977,0.27233980378836314,1.1143319389051556,0.016981198049872123,1481.5729329329329,0.25556100714872,-0.31578947368421056,20.720823320602086,0.3794781637640652,0.218094650772205,0.06202599184420138,-0.3127811189164603,-0.301520617379789,0.09328386673601952,0.11578811435811734,0.05615509449220118,Semiconductors,Technology,HIMX
2016Q2,2016,Q2,2016-07-01,2016-06-30,19787000.0,201074000.0,21899000.0,0.114,52478000.0,0.26098849179903916,815268000.0,449739000.0,715637000.0,356406000.0,363845000.0,186655000.0,247902000.0,1423222780.0,1396799780.0,2.6101634910593545,2.0079263536528567,0.16926949174995215,0.3068446365558691,0.031670939961425365,2.6101634910593545,0.0439966291560216,7.078104478948049,17.981790822257036,3.164552729471983,0.0,0.7960997562347647,0.0,0.24663546220383972,1.0304680617049096,0.024270546617799302,124.71282684893094,0.26098849179903916,0.5000000000000001,4.618794872325575,0.2886013473960457,0.18103342205703296,0.11241123476417594,0.5118429095354523,0.4427169115224982,0.008738089101224474,-0.04158140213714336,0.05931474225745085,Semiconductors,Technology,HIMX
2016Q1,2016,Q1,2016-04-13,2016-03-31,13088000.0,180319000.0,15179000.0,0.076,47175000.0,0.26161968511360423,829391000.0,452380000.0,726967000.0,366517000.0,374820000.0,182814000.0,250462000.0,1936685720.0,1966164720.0,2.625491140606954,1.983446879680888,0.2170267099594763,0.397895574516999,0.020403013442644207,2.625491140606954,0.028931429329324902,10.740330858090385,36.99353835574572,4.281103762323711,0.0,0.7283030840088833,0.0,0.21741132951768224,0.9303442950804465,0.015780253221942365,100.33081489923846,0.26161968511360423,1.1111111111111112,3.946317115791387,0.31520161548630765,0.13845824611280566,0.15812343496833112,1.135073409461664,0.7627453257461386,-0.07990399374081339,0.012185679379498434,0.011142798290113753,Semiconductors,Technology,HIMX
2015Q4,2015,Q4,2016-01-07,2015-12-31,6130000.0,177977000.0,8611000.0,0.036,40734000.0,0.22887227001241733,802337000.0,438704000.0,697835000.0,352730000.0,360996000.0,171374000.0,237375000.0,1412884599.9999998,1463055599.9999998,2.5461193362854972,1.9783828991012955,0.22434463324014722,0.41029942740435466,0.008087958477867419,2.5461193362854972,0.013972974944381633,7.93857970411907,57.621721044045664,3.220587457602392,0.0,0.8008391004469756,0.0,0.22182324883434268,0.9229098744081876,0.007640181120900569,63.360895107403906,0.22887227001241733,3.571428571428571,-0.4580321700719905,0.2985584769631341,0.113593950394939,0.12924151696606787,3.6286449399656946,4.498984152783422,-0.5902963114619564,-0.07858812515234725,0.011782914945922283,Semiconductors,Technology,HIMX
2015Q3,2015,Q3,2015-11-12,2015-09-30,-2332000.0,165582000.0,-2461000.0,-0.014,36072000.0,0.21784976627894337,785602000.0,437450000.0,679859000.0,341328000.0,349391000.0,177694000.0,233082000.0,1367771550.0,1441384550.0,2.549019607843137,1.9918055360240003,0.22912365294385706,0.4114755972111098,-0.006564497556565379,2.549019607843137,-0.0053308949594239345,8.260387904482371,-146.63074078044596,3.126692307692308,-22.02572898799314,0.7288372145373507,0.03755305482117975,0.21077084834305412,0.8613034969296395,-0.0029684242148059706,118.02325912503235,0.21784976627894337,-1.2692307692307694,-6.359256480464148,0.23008219202052824,0.14538519657770074,-0.10491315136476427,-1.2640398550724639,-1.2773270227631282,-1.2216014001783913,-0.1396940451732909,0.04718288188295411,Semiconductors,Technology,HIMX
2015Q2,2015,Q2,2015-07-08,2015-06-30,8832000.0,169185000.0,8874000.0,0.052,40300000.0,0.2382007861217011,794180000.0,443715000.0,690231000.0,348862000.0,356972000.0,189572000.0,238299000.0,1378012240.0,1346756240.0,2.5856312060043822,1.9785215930654527,0.16369085094059282,0.2929808548279864,0.011554813091757604,2.5856312060043822,0.019904668537236738,8.145002452936135,39.006234148550725,3.105624646450987,0.0,0.6798736100267972,0.0,0.21303105089526303,0.9941524155683336,0.011120904580825505,-87.28225487712186,0.2382007861217011,-0.27777777777777773,-0.2357786817711901,-0.06661018963608288,0.16718937035990253,-0.12452207160236357,-0.2970951054516514,-0.432898773006135,-0.4198075223470669,-0.11414327376077836,0.09262623621972238,Semiconductors,Technology,HIMX
2015Q1,2015,Q1,2015-04-15,2015-03-31,12565000.0,179045000.0,15648000.0,0.072,46032000.0,0.2570973777541959,818130000.0,485743000.0,713637000.0,328521000.0,337723000.0,186143000.0,280831000.0,1086278640.0,1039916640.0,2.8305382033471633,2.1722720921950196,0.1588989524892132,0.2676312370945129,0.018983136593480956,2.8305382033471633,0.025867588416096578,6.067070512999525,21.613184241941905,2.23632381732727,0.0,0.7145742789145979,0.0,0.21884663806485521,1.130777027952551,0.015358194907899723,-195.6201404646137,0.2570973777541959,-0.20000000000000004,0.4324817524415638,0.062839741567801,0.18489302650371553,-0.17857206588268884,-0.19584,-0.3087117865347235,0.1133162425237558,0.07666023702523805,0.21964222407210388,Semiconductors,Technology,HIMX
2014Q4,2014,Q4,2014-12-31,2014-12-31,15625000.0,227179000.0,22636000.0,0.09,56039000.0,0.2466733280805004,832994000.0,472624000.0,729576000.0,355405000.0,364697000.0,166105000.0,268266000.0,1383160480.0,1327694480.0,2.7540907183814274,2.0528017332339163,0.15606354907718423,0.2750600900504418,0.02331841366868813,2.7540907183814274,0.03306010697721656,6.088416975160556,22.130567680000002,2.9265557398693254,0.0,1.0303121519520786,0.0,0.2727258539677357,1.1457660978320507,0.01875763811023849,38.10674380802821,0.2466733280805004,0.40624999999999994,0.5247355219202059,0.36939108713403374,0.21355091301186477,0.030716033033530137,0.40172243653000805,0.8028034405861739,3.33294719323718,0.38373170847490945,0.2382162603202473,Semiconductors,Technology,HIMX
2014Q3,2014,Q3,2014-11-13,2014-09-30,11147000.0,222317000.0,12556000.0,0.064,54369000.0,0.24455619678207244,795214000.0,456325000.0,686054000.0,336164000.0,342718000.0,157139000.0,252641000.0,1734909050.0,1727832050.0,2.6697069509205686,2.040831260932164,0.17290943066897715,0.3013203309045088,0.016873511836968825,2.6697069509205686,0.024427765298854983,7.80376242032773,38.90977505158339,3.8019154111652878,4.130438683053736,1.0687862338439216,0.026538566964072263,0.27956877016752724,1.090051284492093,0.01401761035394246,83.44519503631379,0.24455619678207244,-0.5428571428571429,0.35673910815175197,0.17509201179218747,0.17287129187193745,0.14576835539071062,-0.5376990710019907,-0.3187194791101465,16.949152055530366,0.4176021494702452,0.20867016529699095,Semiconductors,Technology,HIMX
2014Q2,2014,Q2,2014-07-08,2014-06-30,24112000.0,196404000.0,18430000.0,0.14,47452000.0,0.24160404065090324,776616000.0,444417000.0,667299000.0,328671000.0,335240000.0,166332000.0,241494000.0,1172511200.0,1108212200.0,2.600146267259537,2.030294732422392,0.1358457719130175,0.23738965881143162,0.02648306448696657,2.600146267259537,0.05425535026787904,5.969894706828781,12.15692601194426,2.6383131158349027,0.0,0.8955101844503763,0.0,0.2528971847090454,1.1316331529097488,0.031047518979778938,61.3751675041876,0.24160404065090324,0.5217391304347828,0.7012406710831016,0.15571668838386968,0.14826422202362452,-0.011869559785098497,0.534427898689067,-0.0352300685756164,5.9023410381630335,0.26885778037660446,0.17650087988320604,Semiconductors,Technology,HIMX
2014Q1,2014,Q1,2014-03-31,2014-03-31,15714000.0,194642000.0,19103000.0,0.092,48022000.0,0.2467196185818066,760044000.0,465840000.0,647501000.0,289196000.0,295751000.0,172335000.0,263424000.0,1968998400.0,1935610400.0,2.725485607301662,2.2389694186641584,0.138807753235339,0.22647260862098575,0.027082489723761476,2.725485607301662,0.033732612055641424,10.115999630090114,31.325544100801835,4.226769706336939,0.0,0.8507848086575565,0.0,0.256093068296046,1.1900026279754907,0.020675118808911062,298.51400848999396,0.2467196185818066,0.0,2.9747030851631786,0.7118011567873127,0.1066805209329858,-0.020498908764558305,-0.006951466127401416,-0.015613727713078429,4.986808596866505,0.4311572560580328,0.18181757169328558,Semiconductors,Technology,HIMX
2013Q4,2013,Q4,2013-12-31,2013-12-31,15824000.0,195232000.0,19406000.0,0.092,49027000.0,0.25112174233732176,759327000.0,449824000.0,639657000.0,303833000.0,310768000.0,177399000.0,247710000.0,2514233200.0,2492413200.0,2.631780950152118,2.1052913936274202,0.13893882345814124,0.23453617414811126,0.025114961281857376,2.631780950152118,0.0351782030305186,12.878181855433535,39.721833923154705,5.58937095397311,0.0,0.8241590989802648,0.0,0.25711188987089884,1.082282043096043,0.020839506563048595,-440.7069588080631,0.25112174233732176,0.27777777777777785,2.34843193314993,0.7611379155630819,0.08877435496479287,0.0062600057468905216,0.2896495517522412,0.34344063689858084,0.41035766500889914,0.43598065050409135,0.1510596942913357,Semiconductors,Technology,HIMX
2013Q3,2013,Q3,2013-11-07,2013-09-30,12270000.0,192814000.0,14445000.0,0.072,48722000.0,0.2526891200846412,756739000.0,433019000.0,636265000.0,318503000.0,321349000.0,159615000.0,231886000.0,1699800000.0,1681710000.0,2.5474702906224262,1.9976734913014949,0.15196785153137343,0.26557726104397267,0.019770292209765995,2.5474702906224262,0.028335939069648215,8.81574989367992,34.63325183374083,3.9254628549786497,3.4550937245313773,0.9027472355355073,0.024940581244852336,0.25479590717539335,1.0551862933787124,0.01621430902860828,71.77603242969344,0.2526891200846412,-0.3571428571428572,-0.2191893859781442,-0.056771556093020974,0.019544504685763856,-0.0431469588955007,-0.36589147286821705,-0.39155890653300196,27.469377960770753,0.4461621522573824,0.14468902107401105,Semiconductors,Technology,HIMX
2013Q2,2013,Q2,2013-07-15,2013-06-30,19350000.0,206957000.0,23741000.0,0.112,50919000.0,0.24603661630193713,733281000.0,418808000.0,611997000.0,312379000.0,315391000.0,142922000.0,219616000.0,943333500.0,869383500.0,2.4640112961110785,1.9591489824860187,0.09955255897807253,0.17430421577429275,0.03620267441006563,2.4640112961110785,0.04620255582510363,4.5581135211662325,12.187771317829457,2.252424738782449,0.0,1.0917703362673346,0.0,0.2822342321702049,1.1728061105259957,0.026388246797612376,-108.74161383285302,0.24603661630193713,0.4,-0.4225380960187351,-0.05645624015406107,0.02660965905988333,0.17908996179228898,0.3789908779931585,0.41728852008835293,0.6904655034672679,0.15278037797306282,0.11228847586189859,Semiconductors,Technology,HIMX
2013Q1,2013,Q1,2013-04-30,2013-03-31,14032000.0,175736000.0,16751000.0,0.08,43185000.0,0.24573792506942232,704614000.0,441337000.0,587957000.0,259826000.0,262960000.0,138331000.0,242660000.0,865147300.0,779431300.0,2.5965582161557923,2.262887470845874,0.10360282367367098,0.1654064807618668,0.02442707686499751,2.5965582161557923,0.0317942977815139,4.922994150316383,15.413827323261119,1.960287263474397,0.0,0.9582161626822621,0.0,0.24940747700159235,1.342502289994073,0.019914449613547276,35.054590761750404,0.24573792506942232,-0.04761904761904766,-0.5367814238516395,-0.1448615618095952,0.023754047547215443,-0.02786844652544853,-0.04977314281844654,-0.12886785584273752,0.6151447013559599,0.05325027251826538,0.08694654592392992,Semiconductors,Technology,HIMX
2012Q4,2012,Q4,2013-02-06,2012-12-31,14767000.0,190639000.0,19229000.0,0.084,44423000.0,0.23302157480893207,674598000.0,427943000.0,567088000.0,242117000.0,246440000.0,116671000.0,228628000.0,408136800.0,342399800.0,2.5164680077856247,2.342206453904517,0.10821259476013863,0.17058346555499213,0.030355034764623496,2.5164680077856247,0.034506931997952996,2.1408882757463057,6.909609263899235,0.9537176680071878,0.0,1.2532334513289507,0.0,0.2825964500339461,1.436966425323294,0.02189007379209544,8.122933625236342,0.23302157480893207,0.377049180327869,-0.6272428965274919,-0.17192354737305507,0.10013125804294563,0.002776523702031603,0.4184036115646912,0.46094818416654004,0.454151928504874,0.1596156852740887,0.10884584448552256,Semiconductors,Technology,HIMX
2012Q3,2012,Q3,2012-11-07,2012-09-30,10411000.0,190413000.0,13162000.0,0.061,44300000.0,0.23265218236149843,652439000.0,413278000.0,540407000.0,234334000.0,238194000.0,128339000.0,213861000.0,346355280.0,330533280.0,2.4341685219870186,2.306139954082634,0.11188785465001326,0.17663654973165763,0.02030011639432588,2.4341685219870186,0.025191275606250514,1.8189686628539017,8.317051195850542,0.8380685156238658,1.025838055902411,1.1384925860416553,0.030835389603415315,0.29184797352702707,1.3113590004011368,0.015957047325497097,-39.19376258911395,0.23265218236149843,-0.30681818181818177,-0.44324102050548403,-0.08886757541248645,0.11832500211857357,0.013358953243663646,-0.31075802714333,-0.3485770848799802,0.27570369715595094,0.013245820907524561,0.06939316992543668,Semiconductors,Technology,HIMX
2012Q2,2012,Q2,2012-07-06,2012-06-30,15105000.0,189510000.0,20205000.0,0.088,43716000.0,0.23067911983536488,675389000.0,402964000.0,549734000.0,266242000.0,271260000.0,139158000.0,203450000.0,319280625.0,279288625.0,2.3664370489126925,2.0647906791565567,0.0932795766587848,0.15634150941523312,0.03176324696989118,2.3664370489126925,0.03748473809074756,1.684769273389267,5.284353277060576,0.792330394278397,0.0,1.0476868020523433,0.0,0.2805938503588302,1.1870253378505269,0.022364888975094352,145.19355388813096,0.23067911983536488,0.3333333333333332,-0.34680242018233115,-0.01305285228093536,0.047831557990647464,0.1469199286388918,0.33518960487934235,0.39691648230088494,0.06973164321783071,0.11932132761931818,0.04505466909811523,Semiconductors,Technology,HIMX
2012Q1,2012,Q1,2012-03-31,2012-03-31,11313000.0,166693000.0,14464000.0,0.066,38116000.0,0.22865987174026503,654065000.0,399216000.0,525974000.0,248464000.0,253576000.0,118515000.0,199025000.0,354355020.0,336643020.0,2.32079387502398,2.1169022474080754,0.12873338276776772,0.21091339024487996,0.023189044954840907,2.32079387502398,0.02833804256342431,2.1257942445093674,7.830704057279236,0.8876272995070339,0.0,1.0849006454879129,0.0,0.25485693317942404,1.1715419537639256,0.01729644607187359,177.17751,0.22865987174026503,5.285714285714286,-0.28550053581018775,0.026021347746902995,0.08707682350009065,0.019744234576488842,2.043583535108959,0.29397029880121667,1.8432643854752266,0.4566514138530756,-0.05764412488223856,Semiconductors,Technology,HIMX
2011Q4,2011,Q4,2012-01-20,2011-12-31,3717000.0,169228000.0,11178000.0,0.0105,37378000.0,0.22087361429550664,644978000.0,393437000.0,515709000.0,245360000.0,249920000.0,112985000.0,187712000.0,176974443.0,155010443.0,2.224240471263978,2.1018462667101403,0.13054708842782234,0.21401139191280943,0.010859220015084848,2.224240471263978,0.009447510020664046,1.045775184957572,11.903042978208232,0.44981647125206825,0.0,1.1669690666902686,0.0,0.26237794157320093,1.1715112487773067,0.005762987264681896,11.000400484833417,0.22087361429550664,1.8928399532710283,-0.8561783926806408,-0.13632671314097541,0.21868822585308922,0.2464734718377964,4.789719626168225,22.37284894837476,1.3060587066249152,0.47507468101892913,-0.07982615945029554,Semiconductors,Technology,HIMX
2011Q3,2011,Q3,2011-10-19,2011-09-30,642000.0,162121000.0,-523000.0,0.0036296511973043337,29987000.0,0.18496678406868944,620807000.0,390290000.0,480698000.0,225926000.0,230511000.0,104664000.0,183995000.0,196134780.00000003,189680780.00000003,2.2087969303557484,2.127678974531484,0.13562991396682061,0.21573701606497733,-0.0008221597027904681,2.2087969303557484,0.0016449306925619411,1.2098048988101482,76.37647196261683,0.5025360116836198,0.0,1.26245891615073,0.0,0.2611455734229801,1.1752609261439586,0.0010341378238325277,19.04590988541465,0.18496678406868944,-0.8185174401347833,-0.844041096635954,0.021140439731761437,0.16579007910464721,0.0030103354851657355,-0.8228476821192053,-1.1533274699501612,-0.9606991118758993,-0.23707158657430497,-0.11599880846470574,Semiconductors,Technology,HIMX
2011Q2,2011,Q2,2011-07-18,2011-06-30,3624000.0,160579000.0,3411000.0,0.02,29897000.0,0.1861825020706319,632790000.0,391877000.0,493975000.0,235222000.0,240983000.0,124350000.0,183350000.0,390091900.00000006,343204900.00000006,2.210067422574014,2.1000374114666145,0.0900772768216944,0.145453803106587,0.00569973547752128,2.210067422574014,0.009247799692250374,2.4292834056757115,26.910313189845475,0.9954447441416567,0.0,1.0509207880981102,0.0,0.2537634918377345,1.2046917380177025,0.005727018442137202,-32.05093254457317,0.1861825020706319,0.0,-0.7953190611288565,0.03148269651021039,0.21227104622193307,0.05605793006004945,0.3308850532500918,0.34185680566483084,-0.89632869133204,-0.2982236987713957,-0.07919392789756843,Semiconductors,Technology,HIMX
2011Q1,2011,Q1,2011-04-21,2011-03-31,2723000.0,141093000.0,2542000.0,0.02,28310000.0,0.2006477996782264,632228000.0,408924000.0,498705000.0,216185000.0,222971000.0,130057000.0,200953000.0,420240105.0,367721105.0,2.306181319843331,2.3068436755556583,0.09015734829839868,0.13939020453678433,0.004091297649903775,2.306181319843331,0.006658939069362522,2.9784617592651657,38.58245547190599,1.0276728805352584,0.0,0.8671813128089991,0.0,0.22316790778010465,1.3097162152785808,0.004306990516079642,40.508974840948525,0.2006477996782264,-0.3984962406015038,-0.8758281825703085,-0.19274693638332668,1.1658259802404969,-0.06635446210672119,-0.766326267913842,-0.8026244273623728,-0.9138337571243685,-0.3418812212276443,-0.09073386228066267,Semiconductors,Technology,HIMX
2010Q4,2010,Q4,2010-12-31,2010-12-31,11653000.0,141206000.0,12879000.0,0.03325,30322000.0,0.21473591773720663,619620000.0,405878000.0,485924000.0,205748000.0,212644000.0,117988000.0,198230000.0,418943660.0,379101660.0,2.286398319048437,2.361743492038805,0.0919918659823763,0.14043628873700964,0.0230893794120447,2.286398319048437,0.02871059776583111,2.966897015707548,8.987892817300265,1.0321911017596421,0.0,0.9397904871681866,0.0,0.22789128820890223,1.3689075956995937,0.018806687970046157,14.97778627864574,0.21473591773720663,15.625,-0.22626402519948582,0.06843722241045977,1.5010562263713452,-0.04283594810442249,25.069351230425056,20.08,-0.7182121303367216,-0.4124257857708719,-0.0004489421920310916,Semiconductors,Technology,HIMX
2010Q3,2010,Q3,2010-10-01,2010-09-30,447000.0,138281000.0,-675000.0,0.002,31679000.0,0.22909148762302847,581046000.0,392338000.0,450322000.0,182072000.0,186586000.0,111664000.0,186577000.0,437210360.0,401071360.0,2.2254693141306165,2.473318247726174,0.07572550193960546,0.11214819874699876,-0.0012672354027498144,2.2254693141306165,0.0011393237463615557,3.161752952321722,244.52480984340045,1.11437168971652,98.6510067114094,0.9546675741510245,0.10085991557931061,0.2379863212206951,1.4555175974339822,0.000769302258340992,-20.331582961309525,0.22909148762302847,-0.9666666666666667,-0.9710225139169237,0.021542665197791397,0.0,-0.17328218377306298,-0.9626504010695187,-1.0518075063320285,-0.9769784167136574,-0.3627640042322846,0.02244275733560527,Semiconductors,Technology,HIMX
2010Q2,2010,Q2,2010-07-08,2010-06-30,11968000.0,187707000.0,13029000.0,0.06,38319000.0,0.20414262654029952,606893000.0,393681000.0,481903000.0,205528000.0,210170000.0,79261000.0,186039000.0,517144830.0,363177830.0,2.215262811386899,2.3447072904908333,0.0,0.0,0.027649574581333266,2.215262811386899,0.03040024791646028,2.7550641691572504,10.80265771223262,1.3136138904341332,0.0,1.8847604748867666,0.0,0.3092917532415104,1.8202483359931494,0.019720115407493577,900.949181184669,0.20414262654029952,0.0,-0.23034812827794024,0.3755165286930572,0.0,0.1034989200863931,0.3096957758809368,0.2868148148148148,-0.5040961130086598,-0.06331335574718587,-0.019106684422132016,Semiconductors,Technology,HIMX
2010Q1,2010,Q1,2010-05-06,2010-03-31,9138000.0,175498000.0,10125000.0,0.06,34725000.0,0.19786550274077197,584983000.0,427076000.0,458747000.0,148428000.0,154033000.0,65401000.0,218259000.0,557806797.85,401874797.85,2.3888554831817026,3.090703910313418,0.0,0.0,0.018967104772055855,2.3888554831817026,0.021396660079236483,3.1784225338750303,15.260636842033266,1.3061066364066347,0.0,2.1524594425161694,0.0,0.30000529929929587,2.4389131430727358,0.015620966763136707,12.847362795384404,0.19786550274077197,0.977587343441002,-0.41584538474177213,0.27838429140383303,0.0,-0.02967558051806522,-0.17205762435444413,-0.226567871056451,-0.44469529374372363,0.039363080108973235,0.11895737850958729,Semiconductors,Technology,HIMX
2009Q4,2009,Q4,2010-02-04,2009-12-31,11037000.0,178676000.0,13091000.0,0.03034,35787000.0,0.20028991022857015,550448000.0,419453000.0,423797000.0,120651000.0,126376000.0,67768000.0,209121000.0,511968020.0,401946020.0,2.269448021382273,3.5125858882230565,0.0016386652326831961,0.0021504197132932654,0.023974954653785643,2.269448021382273,0.026312840771194865,2.865342967158432,11.596629971912657,1.220561111733615,0.0,2.108502538071066,0.0,0.3246010522338168,2.6881003887245027,0.02005094032497166,-10.82384820295983,0.20028991022857015,-0.24150000000000005,-0.2961394236049716,0.2985020367981691,1.4825145544484706,-0.13630988294919755,0.2512186826890375,0.2096654962114212,-0.5912921153850512,-0.127282100768774,0.24345798872747887,Semiconductors,Technology,HIMX
2009Q3,2009,Q3,2009-11-03,2009-09-30,8821000.0,203122000.0,10822000.0,0.04,41435000.0,0.2039907050934906,608776000.0,417715000.0,481896000.0,182843000.0,186526000.0,106418000.0,198084000.0,611098290.0,496536290.0,2.2762147640766592,2.6355725950678996,0.0,0.0,0.018975124966389235,2.2762147640766592,0.021117268951318484,3.0085283228798456,17.319416449382157,1.4629551009659698,0.0,1.5193576274690372,0.0,0.333656385928486,1.0582959150746816,0.014489730212754773,-65.01045638297876,0.2039907050934906,-0.5,-0.45065783673272564,0.44152736417453226,0.0,0.0793737626341565,-0.4280619853465603,-0.2688331869468279,1.0632780864616473,0.2318787531088555,0.2013728167598947,Semiconductors,Technology,HIMX
2009Q2,2009,Q2,2009-07-14,2009-06-30,15423000.0,184927000.0,14801000.0,0.08,38388000.0,0.20758461446949336,594708000.0,421163000.0,464991000.0,164615000.0,168364000.0,83455000.0,189263000.0,697470000.0,560710000.0,2.264414598477354,2.8247182820520607,0.0,0.0,0.03139714801022371,2.264414598477354,0.03662002597569112,3.7715963596446165,11.305679828827078,1.6560571560179789,0.0,1.7559043796057756,0.0,0.31095428344666626,2.1050815539288643,0.02593373554752921,-200.36483769031886,0.20758461446949336,3.0,-0.05230946799215729,0.29482358933962693,0.0,0.4643524699599466,2.5300984206912336,2.068836823553805,-0.16956038724339836,0.13246166464985976,0.24208167874771197,Semiconductors,Technology,HIMX
2009Q1,2009,Q1,2009-04-10,2009-03-31,4369000.0,125656000.0,4823000.0,0.02,26215000.0,0.2086251352899981,569012000.0,465173000.0,439873000.0,94247000.0,97972000.0,63908000.0,229336000.0,528872399.99999994,328394399.99999994,2.4627573683179533,4.667236092395514,0.00035148643613842944,0.0004299475678940953,0.009637218279600304,2.4627573683179533,0.009392204620646513,4.208890940345069,30.262783245593955,1.1369370105315657,0.0,1.5560023784189774,0.0,0.22083189809705245,3.6631935234012754,0.007678221197443991,8.594799622972664,0.2086251352899981,1.5827505827505828,-0.7356489008934417,-0.13364696372973364,0.0,0.00471408860953549,1.3320918212222561,1.2266447368421052,-0.8129689468248431,-0.32509329434129897,1.3128727327017344,Semiconductors,Technology,HIMX
2008Q4,2008,Q4,2009-01-21,2008-12-31,-13156000.0,124278000.0,-21280000.0,-0.03432,26092000.0,0.209948663480262,565548000.0,463171000.0,434650000.0,91630000.0,95542000.0,96921000.0,224967000.0,308500150.0,173300150.0,2.4171959397750697,4.743533777147222,0.0,0.0,-0.03049762241437639,2.4171959397750697,-0.028404196290354965,2.4823391911681876,-5.862347027972029,0.6660610228187862,0.0,1.0130518669844513,0.0,0.21974792590549344,3.323976863472662,-0.023262393289340603,2.185944419644439,0.209948663480262,-1.3813333333333333,-1.809269222958771,-0.12882735412052324,1.6441337474609552,-0.5365953290116331,-1.7438652041162501,-2.419991992526358,-1.809269222958771,-0.12882735412052324,1.6441337474609552,Semiconductors,Technology,HIMX
2008Q3,2008,Q3,2008-10-06,2008-09-30,17686000.0,230066000.0,14986000.0,0.09,56305000.0,0.24473411977432563,646429000.0,478004000.0,527241000.0,158430000.0,162138000.0,115411000.0,238123000.0,552874340.0,429735340.0,2.498635693600828,3.327911380420375,0.0,0.0,0.03490921652278133,2.498635693600828,0.036999690379160004,2.403111889631671,7.815141072034378,1.1566311997389143,0.0,1.505584389702888,0.0,0.3559029684621204,2.431610174840624,0.02735953987212826,-6.1365707308951665,0.24473411977432563,-0.55,0.05655710723853358,0.5662338735311435,0.0,-0.10726177263358173,-0.5310494776475579,-0.5695038924477895,0.05655710723853358,0.5662338735311435,0.0,Semiconductors,Technology,HIMX
2008Q2,2008,Q2,2008-07-15,2008-06-30,37714000.0,246867000.0,34811000.0,0.2,63070000.0,0.25548169662206777,657694000.0,459150000.0,537088000.0,187498000.0,191359000.0,131377000.0,220437000.0,979461120.0,889057120.0,2.4001442752520896,2.8644998879988055,0.0,0.0,0.07729562501697966,2.4001442752520896,0.08213873461831646,3.9675660173291694,6.4926891870392955,2.133205096373734,0.0,1.3990043919407507,0.0,0.375352367514376,2.039152417625788,0.05734277642794369,37.26737386804657,0.25548169662206777,0.11111111111111122,1.2530835884671079,0.6805457588038994,0.0,0.07556404440730571,0.10478366581714856,0.09935259750513185,1.2530835884671079,0.6805457588038994,0.0,Semiconductors,Technology,HIMX
2008Q1,2008,Q1,2008-03-31,2008-03-31,34137000.0,231588000.0,31665000.0,0.18,58639000.0,0.25320396566316045,669714000.0,485810000.0,554073000.0,175375000.0,175608000.0,122437000.0,249540000.0,928978699.9999999,803143699.9999999,2.536310574182164,3.15936136849608,0.0,0.0,0.06380168637780459,2.536310574182164,0.07026821185237027,4.011342124807848,6.803312388317661,1.912226384800642,0.0,1.4125550283002688,0.0,0.34580134206541896,2.318728439059159,0.05097250468110268,22.280872547608766,0.25320396566316045,-0.22796482950889987,1.036822960452199,0.5745504390534188,0.0,-0.10943883362442099,-0.2572777511857621,-0.25261990181268884,1.036822960452199,0.5745504390534188,0.0,Semiconductors,Technology,HIMX
2007Q4,2007,Q4,2007-12-31,2007-12-31,45962000.0,267100000.0,42368000.0,0.23315,65845000.0,0.24651815799326096,652762000.0,451309000.0,538272000.0,185599000.0,190364000.0,116550000.0,215403000.0,842470999.9999999,747690999.9999999,2.2874252407501268,2.900188039806249,0.0,0.0,0.09387803035171025,2.2874252407501268,0.10184153207669247,3.1541407712467238,4.582432226621991,1.8667276743871712,0.0,1.7267696267696269,0.0,0.40918435815810356,2.120550218481781,0.0704115742031552,15.127053669222342,0.24651815799326096,1.1195454545454544,1.745810086591335,0.818386846353023,1.502179560348023,0.20350569355339876,1.1109631194598815,1.1300085465788547,1.745810086591335,0.818386846353023,1.502179560348023,Semiconductors,Technology,HIMX
2007Q3,2007,Q3,2007-10-12,2007-09-30,21773000.0,243337000.0,19891000.0,0.11,54711000.0,0.22483633808257683,656626000.0,430296000.0,560807000.0,223050000.0,223246000.0,125983000.0,169442000.0,810528999.9999999,691282999.9999999,2.1766199605442864,2.514265859672719,0.0,0.0,0.04622631862717757,2.1766199605442864,0.05060005205718854,3.330890904383632,9.30658384237358,1.883654507594772,0.0,1.4972337537604279,0.0,0.3705869094431229,1.860215198386012,0.0331589062875975,-23.36828600259478,0.22483633808257683,-0.21428571428571436,0.2587095215239591,0.6030837428872475,0.0,0.20426580968941913,-0.1888458386111318,-0.20071526159286346,0.2587095215239591,0.6030837428872475,0.0,Semiconductors,Technology,HIMX
2007Q2,2007,Q2,2007-08-06,2007-06-30,26842000.0,222883000.0,24886000.0,0.14,45431000.0,0.20383340138099362,642874000.0,446389000.0,547508000.0,194574000.0,194770000.0,125146000.0,187378000.0,1144428240.0,1006920240.0,2.2584136074796617,2.813880580139176,0.0,0.0,0.05574958164291683,2.2584136074796617,0.06013141004818667,5.134659170955165,10.65893227032263,2.563746508090477,0.0,1.4179598229268215,0.0,0.3466977977021936,2.082750007709149,0.04175312736243805,41.222831208126216,0.20383340138099362,0.5555555555555558,0.5520182275471857,0.46849166381601753,0.0,0.2598374975735559,0.48964981408513236,0.48484486873508353,0.5520182275471857,0.46849166381601753,0.0,Semiconductors,Technology,HIMX
2007Q1,2007,Q1,2007-05-09,2007-03-31,18019000.0,184891000.0,16760000.0,0.09,36061000.0,0.19503923933560854,570701000.0,417929000.0,475670000.0,150792000.0,150792000.0,119379000.0,160536000.0,1049278960.0000001,937440960.0000001,2.134894080026154,3.1544776911241974,0.0,0.0,0.040102505449490226,2.134894080026154,0.0431149788600456,5.675121882622735,14.557952161607194,2.5106631987729977,0.0,1.2467016812002112,0.0,0.323971747026902,2.244867101703008,0.031573450896353786,111.69671705343838,0.19503923933560854,-0.4229659549913445,0.05195329460909895,0.22996892603670255,0.0,-0.1345013800552022,-0.3815130088556326,-0.1766150822893638,0.05195329460909895,0.22996892603670255,0.0,Semiconductors,Technology,HIMX
