Quarters,Year,Quarter,FillingDate,Date,NetIncome,Revenue,OperatingIncome,EPSDiluted,GrossProfit,GrossProfitRatio,TotalAssets,CommonStockEquity,CurrentAssets,CurrentLiability,TotalLiability,Inventory,RetainedEarnings,MarketCap,EnterpriseValue,bookValuePerShare,currentRatio,debtToAssets,debtToEquity,roic,shareholdersEquityPerShare,roe,priceToSalesRatio,peRatio,pbRatio,payoutRatio,inventoryTurnover,dividendYield,assetTurnover,quickRatio,returnOnAssets,priceToFreeCashFlowsRatio,grossProfitMargin,epsdilutedGrowth,fiveYNetIncomeGrowthPerShare,fiveYRevenueGrowthPerShare,fiveYShareholdersEquityGrowthPerShare,grossProfitGrowth,netIncomeGrowth,operatingIncomeGrowth,threeYNetIncomeGrowthPerShare,threeYRevenueGrowthPerShare,threeYShareholdersEquityGrowthPerShare,Industry,Sector,Symbol
2023Q1,2023,Q1,2023-03-22,2023-03-31,1345000.0,5487000.0,1306000.0,0.07,2700000.0,0.4920721706,32962000.0,20454000.0,21519000.0,9828000.0,12508000.0,254000.0,-5155000.0,39859380.0,33848380.0,1.016044905866574,2.1895604395604398,0.024998483101753535,0.04028551872494378,0.05465998147640357,1.016044905866574,0.06575730908379779,7.2643302351011485,7.408806691449815,1.9487327662070988,0.0,10.972440944881889,0.0,0.16646441356713793,2.1223036223036225,0.04080456282992537,77.8503515625,0.4920721705850191,0.16666666666666682,0.10826902207066937,0.15668969964040688,0.15883228169101848,-0.028427491903562432,0.05738993710691824,0.08023159636062861,0.13239583961847168,-0.09728821161472252,0.10476838999634362,Software—Application,Technology,MNDO
2022Q4,2022,Q4,2022-12-31,2022-12-31,1272000.0,5368000.0,1209000.0,0.06,2779000.0,0.5176974665,31743000.0,23807000.0,20298000.0,5172000.0,7936000.0,0.0,-1662000.0,42357000.0,37978000.0,1.1803173029251364,3.9245939675174015,0.02791166556406137,0.03721594489015836,0.04423951870701054,1.1803173029251364,0.0534296635443357,7.890648286140089,8.324882075471699,1.7791825933548957,0.0,0.0,0.0,0.1691081498283086,3.8919180201082755,0.04007182685946508,29.786919831223628,0.5176974664679582,0.0,-0.22664518051454643,0.14358690224807738,0.08374486638098097,-0.0017959770114942528,-0.013953488372093023,-0.1251808972503618,-0.059635802446125305,-0.12499247115696949,0.06710670822443938,Software—Application,Technology,MNDO
2022Q3,2022,Q3,2022-09-30,2022-09-30,1290000.0,5254000.0,1382000.0,0.06,2784000.0,0.5298819947,29920000.0,22184000.0,18647000.0,4896000.0,7736000.0,0.0,-2934000.0,42212635.800000004,39457635.800000004,1.1032973591286617,3.8086192810457518,0.03018048128342246,0.04070501262170934,0.05361721785231581,1.1032973591286617,0.05815001803101334,8.034380624286259,8.180743372093023,1.9028414983772088,0.0,0.0,0.0,0.17560160427807486,3.775735294117647,0.043114973262032084,43.11811624106231,0.529881994670727,0.0,-0.0023390974322828402,0.10656279446981917,0.09687457814975604,-0.026573426573426574,0.05392156862745098,0.05576776165011459,0.06503447760511416,-0.15468130924720028,0.06524706294944717,Software—Application,Technology,MNDO
2022Q2,2022,Q2,2022-06-30,2022-06-30,1224000.0,5238000.0,1309000.0,0.06,2860000.0,0.5460099275,29815000.0,21011000.0,18085000.0,5688000.0,8804000.0,0.0,-4224000.0,47805669.0,44071669.0,1.0450634170604327,3.1795007032348805,0.03971155458661747,0.05635143496263862,0.05522342671417446,1.0450634170604327,0.05825519965732236,9.126702749140893,9.764229779411766,2.27526862119842,4.270424836601308,0.0,0.10933849707238695,0.17568338084856616,3.1550632911392404,0.04105316116048969,30.842367096774193,0.5460099274532264,-0.18809201623815963,-0.3764931561531261,0.10288918674981787,0.11301532440144893,-0.07263294422827497,-0.18454363757495004,-0.1939655172413793,0.15236612369586888,-0.1457267940269246,0.07227889201675666,Software—Application,Technology,MNDO
2022Q1,2022,Q1,2022-03-31,2022-03-31,1501000.0,5691000.0,1624000.0,0.0739,3084000.0,0.5419082762,33725000.0,19970000.0,21521000.0,10192000.0,13755000.0,0.0,-5448000.0,58793380.0,54753380.0,0.9952157878999303,2.1115580847723705,0.04041512231282431,0.06825237856785178,0.0658511605531443,0.9952157878999303,0.07516274411617427,10.33094008082938,9.79236842105263,2.944085127691537,0.0,0.0,0.0,0.16874722016308377,2.0945839874411303,0.044507042253521124,123.25656184486373,0.5419082762256194,-0.018592297476759792,0.5788134643081994,0.2267661498200719,0.1867455589623549,-0.0646041856232939,-0.015091863517060367,-0.0036809815950920245,-0.02490539586166177,0.23814931238010728,0.06435076712526863,Software—Application,Technology,MNDO
2021Q4,2021,Q4,2021-12-31,2021-12-31,1524000.0,5966000.0,1630000.0,0.0753,3297000.0,0.5526315789,33131000.0,23726000.0,20533000.0,5635000.0,9405000.0,0.0,-1722000.0,62267184.699999996,59559184.699999996,1.1839912171266032,3.6438331854480923,0.044490054631613894,0.0621259377897665,0.05586616050112314,1.1839912171266032,0.06423333052347635,10.43700715722427,10.214433185695537,2.624428251706988,0.0,0.0,0.0,0.1800730433732758,3.621827861579414,0.045999215236485466,25.645463220757822,0.5526315789473685,0.07571428571428569,0.6699288155485631,0.22503918640701914,0.07118246973018537,-0.04490150637311703,0.06797477224947442,-0.05232558139534884,0.024796646539248512,0.29586095807656904,0.09494641011936943,Software—Application,Technology,MNDO
2021Q3,2021,Q3,2021-09-30,2021-09-30,1427000.0,7001000.0,1720000.0,0.07,3452000.0,0.4930724182,31311000.0,22248000.0,18777000.0,5472000.0,9063000.0,0.0,-3248000.0,63025200.0,58058200.0,1.111955217912835,3.431469298245614,0.04959918239596308,0.06980402732829917,0.057350009178095046,1.111955217912835,0.0641405969075872,9.002313955149264,11.04155571128241,2.8328478964401294,0.0,0.0,0.0,0.22359554150298616,3.39437134502924,0.04557503752674779,104.51940298507462,0.4930724182259677,0.0,0.2280446371138206,0.502862823160151,0.05454806243183198,-0.0946761080514031,-0.05746367239101717,-0.0782422293676313,0.005570366605544311,0.47787330482654117,0.10192939217755528,Software—Application,Technology,MNDO
2021Q2,2021,Q2,2021-06-30,2021-06-30,1514000.0,7242000.0,1866000.0,0.07,3813000.0,0.5265120133,32003000.0,20823000.0,19308000.0,7485000.0,11180000.0,0.0,-4675000.0,62190670.0,56878670.0,1.0413061959293894,2.5795591182364728,0.05168265475111708,0.07943139797339481,0.061521002903816326,1.0413061959293894,0.07270806319934688,8.587499309582988,10.269265191545575,2.9866335302309945,3.4326287978863936,0.0,0.08356558950080453,0.22629128519201325,2.5501670006680026,0.04730806486891854,19.277951022938623,0.5265120132560066,0.0,0.40691451543818535,0.6086175743913551,0.04993143204770366,0.14884001205182285,0.021592442645074223,0.1575682382133995,0.26078989434622096,0.5358364566979229,0.11144390467278247,Software—Application,Technology,MNDO
2021Q1,2021,Q1,2021-03-31,2021-03-31,1482000.0,6122000.0,1612000.0,0.07,3319000.0,0.5421430905,34126000.0,19221000.0,21576000.0,11384000.0,14905000.0,0.0,-6187000.0,52965550.0,45233550.0,0.961675088807725,1.8952916373858046,0.04999120904881908,0.08875708860100931,0.06495577254451465,0.961675088807725,0.07710316840955206,8.651674289447893,8.934809379217274,2.7556084490921386,0.0,0.0,0.0,0.17939401043192874,1.874648629655657,0.04342729883373381,94.92034050179211,0.5421430904933029,0.0,0.20746611362121326,0.28304690774682767,0.024136828644501267,0.10633333333333334,0.06618705035971223,0.2056843679880329,0.229953945107349,0.29984919523978565,0.0968217359034852,Software—Application,Technology,MNDO
2020Q4,2020,Q4,2020-12-31,2020-12-31,1390000.0,5819000.0,1337000.0,0.07,3000000.0,0.5155525004,32417000.0,23119000.0,19692000.0,5645000.0,9298000.0,0.0,-2472000.0,51629060.0,45207060.0,1.1597772649744156,3.488396811337467,0.056698645772279975,0.07950170855140794,0.04559983089272423,1.1597772649744156,0.060123707772827543,8.872496992610413,9.28580215827338,2.23318742160128,0.0,0.0,0.0,0.17950458092975907,3.4400354295837023,0.0428787364654348,22.38901127493495,0.5155525004296271,0.0,0.24085989790404716,0.16311009356400066,0.01926415528990083,-0.01800327332242226,-0.011379800853485065,-0.06568832983927324,-0.14489798546129806,0.2543434518237878,0.06488539475483633,Software—Application,Technology,MNDO
2020Q3,2020,Q3,2020-09-30,2020-09-30,1406000.0,5912000.0,1431000.0,0.07,3055000.0,0.5167456022,30109000.0,21476000.0,18220000.0,5729000.0,8633000.0,0.0,-3862000.0,46165680.0,39308680.0,1.0792502135785718,3.180310699947635,0.03663356471486931,0.051359657291860684,0.056638966303521665,1.0792502135785718,0.06546842987520954,7.8088092016238155,8.20869132290185,2.149640528962563,0.0,0.0,0.0,0.1963532498588462,3.140862279629953,0.046697000896741836,24.860355411954767,0.5167456021650879,0.0,-0.06321162200604763,0.09455625597426667,0.000649357687695374,0.006258234519104084,-0.004953998584571833,0.016335227272727272,0.0987391241158664,0.2581616602067343,0.07296742164954302,Software—Application,Technology,MNDO
2020Q2,2020,Q2,2020-06-30,2020-06-30,1413000.0,5635000.0,1408000.0,0.07,3036000.0,0.5387755102,28313000.0,19877000.0,16561000.0,5561000.0,8436000.0,4000.0,-5268000.0,41785800.0,39080800.0,0.9989446175495025,2.978061499730264,0.0399816338784304,0.056950244000603716,0.05827244102486417,0.9989446175495025,0.07108718619509986,7.415403726708075,7.393099787685776,2.102218644664688,3.3793347487615004,649.75,0.11427326986679685,0.1990251827782291,2.929868728645927,0.04990640341892417,33.972195121951216,0.5387755102040817,0.16666666666666682,-0.14042150909106815,0.046739313897101696,-0.005819659527457243,-0.030031948881789138,0.20357751277683134,0.09401709401709402,-0.2727284149160721,0.19882269473392855,0.0638977974067258,Software—Application,Technology,MNDO
2020Q1,2020,Q1,2020-03-31,2020-03-31,1174000.0,6008000.0,1287000.0,0.06,3130000.0,0.5209720373,31310000.0,18300000.0,19579000.0,10328000.0,13010000.0,4000.0,-6681000.0,34622520.0,24782520.0,0.919690421147854,1.8957203718048026,0.03755988502076014,0.06426229508196721,0.05720236475420449,0.919690421147854,0.06415300546448087,5.7627363515312915,7.372768313458263,1.8919409836065575,0.0,719.5,0.0,0.19188757585435964,1.867254066615027,0.03749600766528266,33.3550289017341,0.5209720372836218,-0.14285714285714296,0.24723348747118593,0.01269496874452409,-0.005954946498327899,-0.05466626396858955,-0.11729323308270677,0.06100577081615829,0.24528743910482348,0.3060340621569556,0.09668529799004619,Software—Application,Technology,MNDO
2019Q4,2019,Q4,2019-12-31,2019-12-31,1330000.0,6032000.0,1213000.0,0.07,3311000.0,0.5489058355,31095000.0,21936000.0,19077000.0,6298000.0,9159000.0,4000.0,-3080000.0,47822884.8,42618884.8,1.1060911657926584,3.029056843442363,0.04100337674867342,0.05812363238512035,0.04633348853554251,1.1060911657926584,0.06063092633114515,7.928197082228116,8.989264060150376,2.1801096280087524,0.0,680.25,0.0,0.19398617141019456,2.9928548745633536,0.042772149863322076,39.39282108731466,0.5489058355437666,0.16666666666666682,-0.32830666959679433,-0.11305650080711736,-0.061764621760812224,0.06053811659192825,0.11390284757118928,-0.07192042846212701,0.4725639499503929,0.2515194298776387,0.0007046079243233235,Software—Application,Technology,MNDO
2019Q3,2019,Q3,2019-09-30,2019-09-30,1194000.0,6127000.0,1307000.0,0.06,3122000.0,0.5095479027,29629000.0,20529000.0,18307000.0,6784000.0,9100000.0,4000.0,-4410000.0,46975770.0,43017770.0,1.0357196912365674,2.698555424528302,0.024064261365554018,0.0347313556432364,0.054383967205647914,1.0357196912365674,0.05816162501826684,7.667009955932756,9.835797738693467,2.2882639193336254,0.0,751.25,0.0,0.2067906443011914,2.6513856132075473,0.04029835634007223,23.417632103688934,0.5095479027256407,0.1999999999999999,0.005914031907154923,-0.10018633131137418,-0.031095986771635758,0.09352014010507881,0.14040114613180515,0.26036644165863065,0.03722415890799206,0.32765507883318085,-0.017751636018101622,Software—Application,Technology,MNDO
2019Q2,2019,Q2,2019-06-30,2019-06-30,1047000.0,6044000.0,1037000.0,0.05,2855000.0,0.4723692919,27698000.0,19315000.0,16421000.0,6122000.0,8383000.0,4000.0,-5604000.0,43797780.0,41172780.0,0.9746190332021395,2.6822933681803334,0.030543721568344284,0.04380015531969972,0.04406191724911572,0.9746190332021395,0.054206575200621276,7.246489080079417,10.457922636103152,2.26755267926482,0.9665711556829035,797.25,0.023106193966908824,0.21821070113365587,2.627736033975825,0.03780056321756083,38.5543838028169,0.47236929185969556,-0.375,-0.3101031455207909,-0.08236026820709164,-0.033395590106719594,-0.12153846153846154,-0.2991967871485944,-0.3007417397167903,-0.018266661401361056,0.35463959910474,-0.017308106653905687,Software—Application,Technology,MNDO
2019Q1,2019,Q1,2019-03-31,2019-03-31,1494000.0,4461000.0,1483000.0,0.08,3250000.0,0.7285362026,27059000.0,18210000.0,16212000.0,6895000.0,8849000.0,4000.0,-6651000.0,42066000.0,39542000.0,0.9350449293966624,2.351269035532995,0.02328245685354226,0.03459637561779242,0.07020091651465882,0.9350449293966624,0.08204283360790775,9.429724277067923,7.039156626506025,2.31004942339374,2.710174029451138,302.75,0.09625350639471307,0.16486196829151115,2.260188542422045,0.055212683395543076,18.506819181698198,0.7285362026451468,0.14285714285714277,0.4497361745827984,-0.24015609864255283,0.007553830296392181,0.025236593059936908,0.0375,0.0047425474254742545,0.2492446306692063,-0.04048541974418311,-0.004222985728309286,Software—Application,Technology,MNDO
2018Q4,2018,Q4,2018-12-31,2018-12-31,1440000.0,4458000.0,1476000.0,0.07,3170000.0,0.7110812023,25978000.0,20982000.0,18708000.0,3436000.0,4996000.0,4000.0,-3084000.0,44241119.99999999,41502119.99999999,1.0813234384662955,5.444703143189756,0.0,0.0,0.06522746661152481,1.0813234384662955,0.06863025450386046,9.923983849259756,7.680749999999999,2.108527309122105,0.0,322.0,0.0,0.17160674416814228,5.382712456344587,0.055431518977596426,80.14695652173911,0.7110812023328847,0.0,0.3780572566918964,-0.14692064578306924,-0.02707165012930624,0.05140961857379768,0.04956268221574344,0.11649016641452345,0.32060710373963386,-0.08458985850560873,-0.049684577902263806,Software—Application,Technology,MNDO
2018Q3,2018,Q3,2018-09-30,2018-09-30,1372000.0,4580000.0,1322000.0,0.07,3015000.0,0.6582969432,24805000.0,19520000.0,17094000.0,3725000.0,5285000.0,4000.0,-4523000.0,44684640.0,42777640.0,1.0090984284532671,4.588993288590604,0.0,0.0,0.06265627936283343,1.0090984284532671,0.07028688524590164,9.756471615720525,8.142244897959184,2.289172131147541,0.0,391.25,0.0,0.1846401935093731,4.466577181208054,0.05531142914734932,28.66237331622835,0.6582969432314411,0.16666666666666682,1.2176238229832546,-0.013823457942800026,-0.04106960089870924,-0.002316346790205162,0.18275862068965518,0.02084942084942085,-0.05963760516202138,-0.12772362783505464,-0.06439333384304925,Software—Application,Technology,MNDO
2018Q2,2018,Q2,2018-06-30,2018-06-30,1160000.0,4555000.0,1295000.0,0.06,3022000.0,0.6634467618,23556000.0,18098000.0,15739000.0,3807000.0,5458000.0,4000.0,-5896000.0,41917890.0,37684890.0,0.9368949629859709,4.134226425006567,0.0,0.0,0.0653057803397344,0.9368949629859709,0.06409548016355399,9.202610318331503,9.03402801724138,2.316161454304343,1.0206896551724138,383.25,0.028245696527186843,0.1933689930378672,3.9934331494615183,0.04924435388011547,44.640990415335466,0.6634467618002196,0.0,1.8210400088391707,0.008180495925908271,-0.07326307479624661,0.08626887131560029,-0.0017211703958691911,0.030230708035003977,-0.2731059502959223,-0.12842905595752233,-0.06757338002049405,Software—Application,Technology,MNDO
2018Q1,2018,Q1,2018-03-31,2018-03-31,1162000.0,4542000.0,1257000.0,0.06,2782000.0,0.6125055042,24172000.0,16900000.0,16291000.0,5539000.0,7272000.0,4000.0,-7054000.0,42405000.0,38314000.0,0.8767833981841764,2.941144610940603,0.0,0.0,0.06832256706504199,0.8767833981841764,0.06875739644970415,9.336195508586526,9.123278829604132,2.509171597633136,3.9716006884681585,440.0,0.10883150571866525,0.18790335925864637,2.8618884275139918,0.04807214959457223,32.49425287356322,0.6125055041831792,-0.25000000000000006,6.003147427583226,-0.001902489904549772,-0.28903021499362225,0.034585347712904425,-0.2617534942820839,-0.41206735266604305,0.2743855364705377,-0.20966557702697547,-0.05233089318296729,Software—Application,Technology,MNDO
2017Q4,2017,Q4,2017-12-31,2017-12-31,1574000.0,4492000.0,2138000.0,0.08,2689000.0,0.5986197685,27378000.0,21022000.0,19427000.0,4506000.0,6356000.0,4000.0,-2854000.0,53080500.0,48066500.0,1.0891099367941146,4.311362627607634,0.0,0.0,0.13395856661819516,1.0891099367941146,0.07487394158500618,11.816674087266252,8.430829097839897,2.52499762153934,0.0,450.75,0.0,0.16407334356052306,4.23346648912561,0.05749141646577544,74.23846153846154,0.5986197684772929,0.3333333333333334,0.11602651185257629,-0.11792068001680125,-0.11493909446970099,-0.14417568427753025,0.26833199033037874,0.5326164874551972,-0.18325153767431732,-0.32136137802337317,-0.07616885018713493,Software—Application,Technology,MNDO
2017Q3,2017,Q3,2017-09-30,2017-09-30,1241000.0,4557000.0,1395000.0,0.06,3142000.0,0.6894886987,26104000.0,19411000.0,18094000.0,4454000.0,6693000.0,5000.0,-4428000.0,49981820.0,44675820.0,1.00585552907037,4.062415806017063,0.0,0.0,0.05902467645693128,1.00585552907037,0.06393282159600226,10.968141321044547,10.068859790491539,2.5749224666426254,0.0,283.0,0.0,0.17457094698130554,2.7267624607094745,0.04754060680355501,29.297667057444315,0.6894886987052886,-0.4000000000000001,-0.031782402753653974,-0.058505078477539,-0.1300470997652389,0.13225225225225226,-0.34129511677282376,3.2791411042944785,0.07384495346120186,-0.3126198385318219,-0.05903357144764467,Software—Application,Technology,MNDO
2017Q2,2017,Q2,2017-06-30,2017-06-30,1884000.0,4558000.0,326000.0,0.1,2775000.0,0.6088196577,24174000.0,18117000.0,16279000.0,4018000.0,6057000.0,5000.0,-5669000.0,48411155.0,42216155.0,0.938947913967349,4.051518168242907,0.0,0.0,0.014274095571765977,0.938947913967349,0.10399072694154661,10.621139754278191,6.423985536093418,2.6721397030413425,0.0,356.6,0.0,0.1885496814759659,3.2349427575908414,0.0779349714569372,-178.6389483394834,0.6088196577446249,1.0,2.3386763183644224,-0.16093599280013077,-0.13339248532400438,0.14527445315724308,1.063526834611172,-0.6546610169491526,0.27506822385645757,-0.28921686328508167,-0.06877337361346367,Software—Application,Technology,MNDO
2017Q1,2017,Q1,2017-03-31,2017-03-31,913000.0,4455000.0,944000.0,0.05,2423000.0,0.5438832772,24391000.0,16160000.0,15813000.0,5981000.0,8231000.0,5000.0,-7553000.0,46826100.0,39650100.0,0.8386092371562014,2.643872262163518,0.0,0.0,0.0472816164595183,0.8386092371562014,0.05649752475247525,10.510909090909092,12.822042716319826,2.8976547029702973,6.761226725082147,406.4,0.1318281898343018,0.182649337870526,2.1374352115030932,0.037431839612972,89.02300380228137,0.5438832772166106,0.0,-0.200057364058402,-0.1764490877689537,-0.20712462347167948,-0.23006037496027962,0.04104903078677309,-0.4723309111235327,-0.10462511676180594,-0.23310550741889385,-0.09636005452287068,Software—Application,Technology,MNDO
2016Q4,2016,Q4,2016-12-31,2016-12-31,877000.0,4680000.0,1789000.0,0.05,3147000.0,0.6724358974,29000000.0,21285000.0,20580000.0,5363000.0,7715000.0,5000.0,-2293000.0,47372220.0,33174220.0,1.1053123539492133,3.837404437814656,0.0,0.0,0.04689037842774751,1.1053123539492133,0.041202724923655155,10.12226923076923,13.504053591790194,2.2256152219873147,0.0,306.6,0.0,0.16137931034482758,3.7769904903971656,0.03024137931034483,58.62898514851485,0.6724358974358975,-0.1666666666666666,-0.32887535107856397,-0.13707602356452153,-0.10063424173644535,0.11714589989350373,-0.21486123545210384,0.3625285605483625,-0.15431817078201507,-0.09760255709599835,-0.005487455127405102,Software—Application,Technology,MNDO
2016Q3,2016,Q3,2016-09-30,2016-09-30,1117000.0,4478000.0,1313000.0,0.06,2817000.0,0.6290754801,28420000.0,20280000.0,19269000.0,5930000.0,8140000.0,9000.0,-3170000.0,41735610.0,32889610.0,1.0544376852285136,3.2494097807757165,0.0,0.0,0.0532929917049298,1.0544376852285136,0.05507889546351085,9.320145154086646,9.341004923903313,2.0579689349112424,0.0,184.55555555555554,0.0,0.15756509500351865,2.5765598650927486,0.039303307529908516,19.60338656646313,0.6290754801250559,0.1999999999999999,0.22066543760160626,-0.05766403066122655,-0.08804994544523288,0.09143742735373886,0.07922705314009662,0.33706720977596744,0.8158760140115134,-0.030221545910731694,0.0020155832305379126,Software—Application,Technology,MNDO
2016Q2,2016,Q2,2016-06-30,2016-06-30,1035000.0,4330000.0,982000.0,0.05,2581000.0,0.596073903,26390000.0,19075000.0,16924000.0,5070000.0,7315000.0,9000.0,-4287000.0,40997062.800000004,33434062.800000004,0.9917849529454583,3.338067061143984,0.0,0.0,0.05021944479786744,0.9917849529454583,0.05425950196592398,9.468143833718246,9.902672173913045,2.1492562411533425,0.0,194.33333333333334,0.0,0.16407730200833648,2.796844181459566,0.039219401288366804,27.114459523809526,0.5960739030023094,-0.1666666666666666,0.04043641382273904,-0.07532884357646497,-0.11820375307835797,-0.03550074738415546,-0.11839863713798977,-0.12477718360071301,1.5280418217755394,-0.037434138962044776,-0.018968215149016317,Software—Application,Technology,MNDO
2016Q1,2016,Q1,2016-03-31,2016-03-31,1174000.0,4564000.0,1122000.0,0.06,2676000.0,0.5863277826,25548000.0,17952000.0,16103000.0,5249000.0,7596000.0,9000.0,-5322000.0,38618360.0,31567360.0,0.9390103567318757,3.0678224423699754,0.0,0.0,0.05309334298118669,0.9390103567318757,0.06539661319073084,8.461516213847503,8.223671209540035,2.151200980392157,4.4224872231686545,209.77777777777777,0.13444382412924835,0.17864412087051823,2.6827967231853687,0.04595271645529983,53.12016506189821,0.5863277826468011,0.0,-0.0191087005802715,-0.07513492810003175,-0.12201041603443927,-0.05907172995780591,0.08804448563484708,-0.20538243626062322,6.133573944275901,0.011168210168357003,-0.2385713588703392,Software—Application,Technology,MNDO
2015Q4,2015,Q4,2015-12-31,2015-12-31,1079000.0,4819000.0,1412000.0,0.06,2844000.0,0.5901639344,30225000.0,21848000.0,21086000.0,6165000.0,8377000.0,9000.0,-1304000.0,48578529.99999999,35605529.99999999,1.1378574032602469,3.4202757502027574,0.0,0.0,0.04966807708477426,1.1378574032602469,0.049386671548883196,10.080624610915127,11.255451807228914,2.2234772061515926,0.0,219.44444444444446,0.0,0.15943755169561621,3.338199513381995,0.035698924731182795,28.408497076023387,0.5901639344262295,-0.25000000000000006,-0.43922838360233246,-0.0666449544078565,-0.11938576233526077,-0.10650329877474081,-0.2548342541436464,-0.18475750577367206,-0.23092323301310072,-0.04873113462562937,-0.07532465762063298,Software—Application,Technology,MNDO
2015Q3,2015,Q3,2015-09-30,2015-09-30,1448000.0,5211000.0,1732000.0,0.08,3183000.0,0.6108232585,28559000.0,20706000.0,19455000.0,5622000.0,7853000.0,10000.0,-2383000.0,52794500.0,44186500.0,1.0785498489425982,3.46051227321238,0.0,0.0,0.06881887551258749,1.0785498489425982,0.06993142084419975,10.131356745346382,9.115072513812155,2.549719887955182,0.0,202.8,0.0,0.18246437200182078,2.8881181074350764,0.05070205539409643,67.5121483375959,0.6108232584916523,0.0,2.916990416838832,0.06432269091303566,-0.09805366350412725,0.05362462760675273,-0.08701134930643127,0.01405152224824356,0.13560178557092073,0.0822219571387272,-0.06717461701228669,Software—Application,Technology,MNDO
2015Q2,2015,Q2,2015-06-30,2015-06-30,1586000.0,5194000.0,1708000.0,0.08,3021000.0,0.5816326531,28129000.0,19290000.0,18849000.0,6630000.0,8839000.0,10000.0,-3831000.0,49914800.0,41005800.0,1.0047921658506094,2.8429864253393666,0.0,0.0,0.07537823546418523,1.0047921658506094,0.08221876620010368,9.610088563727377,7.868032786885246,2.5875997926386733,0.0,217.3,0.0,0.18464929432258523,2.5223227752639517,0.056383092182445166,24.540216322517207,0.5816326530612245,0.6,0.18739774944105997,0.018560196137662133,-0.14130866308066692,-0.07046153846153846,0.7524861878453039,0.0927703134996801,1.824784989177113,-0.03902627826160143,-0.07262114472945383,Software—Application,Technology,MNDO
2015Q1,2015,Q1,2015-03-31,2015-03-31,905000.0,5704000.0,1563000.0,0.05,3250000.0,0.5697755961,26361000.0,17700000.0,17226000.0,6433000.0,8661000.0,10000.0,-5417000.0,61027890.0,53880890.0,0.9251999372745805,2.6777553241100573,0.0,0.0,0.06272849426602455,0.9251999372745805,0.05112994350282486,10.69913920056101,16.85853314917127,3.4479033898305085,6.3624309392265195,245.4,0.09435030442638603,0.2163802587155267,2.316803979480802,0.03433101930882743,37.555624615384616,0.5697755960729313,-0.5,-0.35708584454735237,0.04105633029080975,-0.1574169972310119,-0.37003295212250437,-0.5231822971549,-0.37828162291169454,-0.20130550811121617,0.0621021891988103,-0.1252561787678886,Software—Application,Technology,MNDO
2014Q4,2014,Q4,2014-12-31,2014-12-31,1898000.0,6519000.0,2514000.0,0.1,5159000.0,0.7913790459,30347000.0,22411000.0,21108000.0,6115000.0,7936000.0,10000.0,-564000.0,74709300.0,66609300.0,1.1789058390320883,3.451839738348324,0.0,0.0,0.08930874669348315,1.1789058390320883,0.08469055374592833,11.460239300506213,9.840529504741834,3.3335995716389277,0.0,136.0,0.0,0.21481530299535373,2.6111201962387574,0.06254324974462055,249.031,0.7913790458659303,0.6666666666666669,0.6069796406855504,0.27183753368729374,-0.042356604772673466,0.42277992277992277,0.6722466960352423,0.1489945155393053,0.4713172205112966,0.21762674172485916,-0.04075301424601359,Software—Application,Technology,MNDO
2014Q3,2014,Q3,2014-09-30,2014-09-30,1135000.0,6511000.0,2188000.0,0.06,3626000.0,0.5569037014,29337000.0,20260000.0,20408000.0,7227000.0,9077000.0,10000.0,-2462000.0,58375240.0,49409240.0,1.0689600590935473,2.82385498823855,0.0,0.0,0.06654479818815764,1.0689600590935473,0.056021717670286277,8.965633543234526,12.857982378854626,2.881305034550839,0.0,288.5,0.0,0.22193816682005657,2.1621696416216962,0.03868834577495995,58.316923076923075,0.556903701428352,-0.25000000000000006,-0.9413480575737876,0.5847435362514135,-0.4528972092749132,0.06709829311359623,-0.21724137931034482,0.36239103362391034,0.2586599268566943,0.39039578881163284,-0.07549000015495039,Software—Application,Technology,MNDO
2014Q2,2014,Q2,2014-06-30,2014-06-30,1450000.0,6293000.0,1606000.0,0.08,3398000.0,0.5399650405,27472000.0,19092000.0,18684000.0,6383000.0,8380000.0,10000.0,-3597000.0,44686600.0,32855600.0,1.008291523633483,2.927150242832524,0.0,0.0,0.07158013729418905,1.008291523633483,0.07594804106432014,7.101001112347053,7.704586206896552,2.340592918499895,0.8151724137931035,289.5,0.02645088236742111,0.22906959813628422,2.6669277769074102,0.05278101339545719,32.9790405904059,0.5399650405212141,0.6,2.953342406207471,0.4458356834148563,0.08635207405987229,0.17659279778393353,0.45,0.3989547038327526,0.48055627085421765,0.36501954006932424,-0.10352775699773638,Software—Application,Technology,MNDO
2014Q1,2014,Q1,2014-03-31,2014-03-31,1000000.0,5697000.0,1148000.0,0.05,2888000.0,0.5069334738,27342000.0,17538000.0,19096000.0,7676000.0,9804000.0,10000.0,-5047000.0,36095180.0,21983180.0,0.9280347126680072,2.487754038561751,0.0,0.0,0.05356617260737918,0.9280347126680072,0.05701904436081651,6.335822362647007,9.023795,2.0581126696316567,3.362,280.9,0.0931426301240221,0.20836076366030284,2.4309536216779573,0.0365737692926633,36.71940996948118,0.5069334737581183,0.0,3.851766284542439,0.4253925212561699,-0.024384059229814826,-0.0869427758457161,-0.01671583087512291,0.1738241308793456,-0.15476125204444766,0.16789977477216264,-0.1322728173980715,Software—Application,Technology,MNDO
2013Q4,2013,Q4,2013-12-31,2013-12-31,1017000.0,5086000.0,978000.0,0.05,3163000.0,0.6219032639,29624000.0,20989000.0,21270000.0,6474000.0,8635000.0,10000.0,-6047000.0,37958849.99999999,21480849.999999993,1.1114111728885359,3.285449490268767,0.0,0.0,0.04835506645366231,1.1114111728885359,0.04845395207013197,7.463399528116397,9.331084070796459,1.8085116013149742,0.0,192.3,0.0,0.17168512017283283,3.2004942848316342,0.03433027275182285,26.142458677685944,0.6219032638615808,0.6666666666666669,1.3271188443208894,0.12870435352168433,0.1719437115442856,0.16629793510324484,0.6837748344370861,0.666098807495741,-0.4626065233544287,0.001551227475540143,-0.13985311345602666,Software—Application,Technology,MNDO
2013Q3,2013,Q3,2013-09-30,2013-09-30,604000.0,4534000.0,587000.0,0.03,2712000.0,0.5981473313,28048000.0,19873000.0,19809000.0,5931000.0,8175000.0,13000.0,-7064000.0,31539838.5,15726838.5,1.052316653428647,3.339908952959029,0.0,0.0,0.028682778731763416,1.052316653428647,0.030392995521561918,6.956294331715924,13.054568915562912,1.5870698183465004,0.0,140.15384615384616,0.0,0.16165145464917285,3.2470072500421514,0.021534512264689103,48.52282846153846,0.5981473312748126,0.4999999999999999,1.2823557223639834,0.11684392836891064,-0.04909713293977476,0.06436420722135008,0.5024875621890548,0.29295154185022027,0.6609627163821238,-0.05860310395762047,-0.11999139277235278,Software—Application,Technology,MNDO
2013Q2,2013,Q2,2013-06-30,2013-06-30,402000.0,4417000.0,454000.0,0.02,2548000.0,0.5768621236,26722000.0,19092000.0,18573000.0,5494000.0,7630000.0,13000.0,-7668000.0,33804150.0,16761150.0,1.0109610802223987,3.3805970149253732,0.0,0.0,0.021385674733575468,1.0109610802223987,0.021055939660590824,7.653192211908535,21.02248134328358,1.7705923947203017,11.27363184079602,143.76923076923077,0.13406637942382815,0.16529451388369135,3.298507462686567,0.015043784147893122,33.77037962037962,0.5768621236133122,1.0,2.552924886761265,-0.0059818548724327025,-0.1854218818536389,0.1655992680695334,1.4814814814814814,2.242857142857143,-0.6940446232608087,-0.11945581639477139,-0.13603673371130492,Software—Application,Technology,MNDO
2013Q1,2013,Q1,2013-03-31,2013-03-31,162000.0,4443000.0,140000.0,0.01,2186000.0,0.4920099032,30624000.0,23208000.0,22530000.0,5210000.0,7416000.0,13000.0,-3538000.0,35567910.0,14984910.0,1.2332217439821458,4.324376199616123,0.0,0.0,0.0035796674886643862,1.2332217439821458,0.006980351602895553,8.005381498987171,54.88875,1.532571096173733,0.0,173.6153846153846,0.0,0.14508228840125392,4.22936660268714,0.005289968652037617,19.257125067677315,0.49200990321854604,-0.8571428571428571,1.3864617293598642,-0.0027087173661020643,-0.1510666473413097,-0.36820809248554914,-0.8819241982507289,-0.8984034833091437,-0.8830068180952502,-0.17564902651233238,0.1230996007040405,Software—Application,Technology,MNDO
2012Q4,2012,Q4,2012-12-31,2012-12-31,1372000.0,4954000.0,1378000.0,0.07,3460000.0,0.6984255147,28731000.0,23106000.0,20702000.0,3523000.0,5625000.0,13000.0,-3700000.0,37554000.0,18677000.0,1.2305480108643554,5.87624183934147,0.0,0.0,0.05510006437903954,1.2305480108643554,0.059378516402665976,7.580540976988292,6.842930029154519,1.6252921319137885,0.0,114.92307692307692,0.0,0.17242699523163135,5.644621061595231,0.047753297831610454,24.65791201575837,0.6984255147355672,0.0,1.1083006987886512,0.024127040272505576,-0.16462467394118366,0.10472541507024266,0.10024057738572574,0.20034843205574912,0.17604567326979279,-0.021496081263829223,-0.0004068721197511119,Software—Application,Technology,MNDO
2012Q3,2012,Q3,2012-09-30,2012-09-30,1247000.0,4709000.0,1148000.0,0.07,3132000.0,0.665109365,28242000.0,21708000.0,20265000.0,4318000.0,6534000.0,29000.0,-5072000.0,36799000.0,19365000.0,1.1562183754993343,4.693144974525243,0.0,0.0,0.05014905755688533,1.1562183754993343,0.05744426018057859,7.8146103206625614,7.377506014434643,1.695181499907868,0.0,54.37931034482759,0.0,0.16673748318107784,4.484251968503937,0.04415409673535869,219.04166666666666,0.6651093650456572,1.3333333333333337,0.5017447452262601,0.34453548198562145,-0.4625140283712137,0.24980047885075818,1.2714025500910746,0.6169014084507042,-0.9349494446659389,0.15701236717521747,-0.40823766562455416,Software—Application,Technology,MNDO
2012Q2,2012,Q2,2012-06-30,2012-06-30,549000.0,5285000.0,710000.0,0.03,2506000.0,0.4741721854,27703000.0,20339000.0,19670000.0,5333000.0,7364000.0,29000.0,-6319000.0,34352760.0,19468760.0,1.083475388877051,3.6883555222201387,0.0,0.0,0.03484483459900147,1.083475388877051,0.026992477506268747,6.500049195837275,15.643333333333333,1.6890092924922562,2.1366120218579234,95.82758620689656,0.034145728028839605,0.19077356243006172,3.5299081192574535,0.01981734830162798,21.66,0.4741721854304636,-0.5,0.24294161517153212,0.5012026129729691,-0.48500212131003634,-0.2310524700828475,-0.5054054054054054,-0.375,1.745997693387239,0.22478811319953534,0.16735657129977716,Software—Application,Technology,MNDO
2012Q1,2012,Q1,2012-03-31,2012-03-31,1110000.0,5261000.0,1136000.0,0.06,3259000.0,0.6194639802,29486000.0,19822000.0,21296000.0,7533000.0,9664000.0,29000.0,-2363000.0,34670850.0,21074850.0,1.0576810202230404,2.8270277445904686,0.0,0.0,0.04819255005916291,1.0576810202230404,0.05599838563212592,6.590163467021479,7.80875,1.7491095752194532,3.001801801801802,69.03448275862068,0.09610378747564596,0.17842365868547785,2.621664675428116,0.03764498406023197,23.269026845637583,0.6194639802318951,-0.14285714285714296,0.10974831776768051,0.2594212589076945,-0.4912695121856928,-0.02395926924228811,-0.12667191188040913,-0.035653650254668934,4.430576488035012,0.32733223663891564,0.11190933862063063,Software—Application,Technology,MNDO
2011Q4,2011,Q4,2011-12-31,2011-12-31,1271000.0,5275000.0,1178000.0,0.07,3339000.0,0.632985782,30021000.0,23019000.0,21912000.0,4913000.0,7002000.0,29000.0,-3473000.0,34650500.0,16509500.0,1.2289909236518954,4.460004070832485,0.0,0.0,0.06364341751547198,1.2289909236518954,0.05521525696164038,6.568815165876777,6.815597954366641,1.5052999695903384,0.0,66.75862068965517,0.0,0.1757103360980647,4.189700793812334,0.04233703074514507,24.715049928673324,0.6329857819905214,0.4000000000000001,38.55265580583253,0.1967907968828492,-0.44619782570724886,0.06,0.4264870931537598,0.1875,1.4122013147357182,0.18033563816353096,0.2959273936175298,Software—Application,Technology,MNDO
2011Q3,2011,Q3,2011-09-30,2011-09-30,891000.0,4627000.0,992000.0,0.05,3150000.0,0.6807866868,27748000.0,21653000.0,18776000.0,4162000.0,6095000.0,30000.0,-4744000.0,32584980.0,21425980.0,1.156244993859134,4.511292647765497,0.0,0.0,0.04456314433067657,1.156244993859134,0.0411490324666328,7.042355738059218,9.142811447811448,1.5048713804091811,0.0,49.233333333333334,0.0,0.16675075681130172,4.343584814992792,0.03211042237278362,124.37015267175572,0.680786686838124,0.0,0.4426295692669394,0.14167440113102375,-0.47819545462969976,0.09412990621743661,-0.07859358841778696,0.1767497034400949,1.420035636191242,0.1493683925411237,0.04481543279048154,Software—Application,Technology,MNDO
2011Q2,2011,Q2,2011-06-30,2011-06-30,967000.0,4552000.0,843000.0,0.05,2879000.0,0.6324692443,27654000.0,21028000.0,18371000.0,4582000.0,6626000.0,30000.0,-5635000.0,50853120.0,38770120.0,1.1247325631151048,4.009384548232213,0.0,0.0,0.038922142822765286,1.1247325631151048,0.04598630397565151,11.171599297012301,13.147135470527406,2.4183526726269737,1.3019648397104446,55.766666666666666,0.024757576329633265,0.1646054820279164,3.9161938018332605,0.034967816590728285,43.76344234079174,0.6324692442882249,-0.1666666666666666,3.2631657221578636,0.03301535224758302,-0.4838362264177792,-0.061909416748126424,-0.16781411359724613,-0.08568329718004339,4.773281103632516,0.03475481537980735,-0.0937509340332995,Software—Application,Technology,MNDO
2011Q1,2011,Q1,2011-03-31,2011-03-31,1162000.0,4791000.0,922000.0,0.06,3069000.0,0.6405760802,27200000.0,19851000.0,17469000.0,5363000.0,7349000.0,30000.0,-6602000.0,61622520.0,49008520.0,1.069500565702279,3.257318664926347,0.0,0.0,0.04604972574691692,1.069500565702279,0.05853609389955166,12.862141515341264,13.257857142857143,3.1042526824845096,4.0524956970740105,57.4,0.07641686837863819,0.17613970588235295,3.182733544657841,0.042720588235294114,53.21461139896373,0.6405760801502818,-0.4000000000000001,1.0522559963041114,0.053669980455543345,-0.5154270546495803,-0.16101694915254236,-0.37526881720430105,-0.499457111834962,3.8105594622484875,0.09035282217522594,-0.26377011649159965,Software—Application,Technology,MNDO
2010Q4,2010,Q4,2010-12-31,2010-12-31,1860000.0,4991000.0,1842000.0,0.1,3658000.0,0.7329192547,30461000.0,23983000.0,22619000.0,4500000.0,6478000.0,0.0,-7764000.0,46402500.0,25915500.0,1.2921178815796563,5.0264444444444445,0.0,0.0,0.07522706150663987,1.2921178815796563,0.07755493474544468,9.297235023041475,6.236895161290323,1.9348079889922027,0.0,0.0,0.0,0.16384885591411968,5.5504444444444445,0.061061685433833425,51.50110987791343,0.7329192546583851,4.0,0.6412564702622603,0.14405358156810583,-0.4401997521837677,0.12243019331083155,4.224719101123595,-0.19352014010507881,1.1485302551898995,0.04378304076255291,-0.12282707614728229,Software—Application,Technology,MNDO
2010Q3,2010,Q3,2010-09-30,2010-09-30,356000.0,4715000.0,2284000.0,0.02,3259000.0,0.6911983033,28844000.0,22108000.0,21032000.0,4875000.0,6736000.0,34000.0,-13310000.0,35496960.0,18097960.0,1.1958026828212895,4.3142564102564105,0.0,0.0,0.08047860532678448,1.1958026828212895,0.016102768228695497,7.528517497348886,24.9276404494382,1.6056160665822325,0.0,42.8235294117647,0.0,0.16346553876022743,4.267897435897436,0.012342254888364998,21.345135297654842,0.6911983032873807,-0.7142857142857143,-0.44264772604011515,0.3497500090104136,-0.46690770883940474,0.019074421513445905,-0.7227414330218068,0.6514822848879248,-0.5646187933421084,0.367147231925204,-0.4441126516650139,Software—Application,Technology,MNDO
2010Q2,2010,Q2,2010-06-30,2010-06-30,1284000.0,4902000.0,1383000.0,0.07,3198000.0,0.6523867809,28560000.0,21595000.0,19708000.0,5389000.0,6965000.0,34000.0,-13666000.0,36910000.0,20426000.0,1.1701435925223516,3.6570792354796806,0.0,0.0,0.06277152790174428,1.1701435925223516,0.05945820791849965,7.529579763361893,7.186526479750778,1.709191942579301,2.870716510903427,50.11764705882353,0.09986453535627202,0.17163865546218487,3.6131007608090555,0.04495798319327731,31.873920552677028,0.6523867809057528,0.0,0.5230456875245357,0.6652033846051043,-0.470309535567564,-0.11265260821309656,-0.05309734513274336,-0.06046195652173913,1.9569222432945002,0.4163289195301207,-0.4438069622086749,Software—Application,Technology,MNDO
2010Q1,2010,Q1,2010-03-31,2010-03-31,1356000.0,5278000.0,1472000.0,0.07,3604000.0,0.682834407,30959000.0,20236000.0,22015000.0,9093000.0,10723000.0,34000.0,-14950000.0,32250750.0,12839750.0,1.0980519832872104,2.4210931485758276,0.0,0.0,0.07158031598688452,1.0980519832872104,0.06700929037359162,6.110411140583555,5.9459347345132745,1.5937314686696975,0.0,49.23529411764706,0.0,0.17048354275008884,2.3689651380182557,0.04379986433670338,13.376503525508088,0.682834406972338,0.12721417069243163,0.5246909535476256,0.9852607243845042,-0.49440099635872314,0.04706565950029053,0.18427947598253275,0.18138041733547353,0.3786441957555752,0.28488155471445803,-0.4718516164870089,Software—Application,Technology,MNDO
2009Q4,2009,Q4,2009-12-31,2009-12-31,1145000.0,4969000.0,1246000.0,0.0621,3442000.0,0.6926947072,28951000.0,22687000.0,19891000.0,4576000.0,6264000.0,0.0,-12620000.0,17138970.0,1143970.0,1.2310488903358836,4.346809440559441,0.0,0.0,0.05218664901591512,1.2310488903358836,0.05046943183320845,3.449178909237271,3.742133187772926,0.7554533433243709,12.908296943231441,0.0,0.8623622072971713,0.1716348312666229,4.28868006993007,0.03954958377948948,9.053866877971474,0.6926947071845442,-0.9391176470588235,-0.3788710612124748,0.18040210146339208,-0.4765726924902317,0.23236663086287146,-0.940314845704754,1.1898066783831283,35.21359109394272,0.1457787963765611,-0.44527047433118816,Software—Application,Technology,MNDO
2009Q3,2009,Q3,2009-09-30,2009-09-30,19184000.0,4073000.0,569000.0,1.02,2793000.0,0.6857353302,43656000.0,36711000.0,34584000.0,5510000.0,6945000.0,0.0,-13765000.0,27431940.0,162940.0,1.95385597956251,6.2765880217785845,0.0,0.0,0.015472825485380893,1.95385597956251,0.5225681675791997,6.73506997299288,0.35748462260216846,0.7472403366838277,0.0,0.0,0.0,0.09329759941359722,6.226678765880218,0.43943558731903976,18.485134770889488,0.6857353302234226,27.020408163265305,10.902903681367263,-0.0066092398880875855,-0.13721536176151078,0.24520731163620152,26.44297082228117,-0.40168243953732913,29.958565957456383,0.0016631986279870754,-0.11823970131812025,Software—Application,Technology,MNDO
2009Q2,2009,Q2,2009-06-30,2009-06-30,-754000.0,4421000.0,951000.0,-0.0392,2243000.0,0.507351278,24325000.0,17851000.0,15100000.0,5060000.0,6474000.0,0.0,-32949000.0,18800257.5,10097257.5,0.9281443352571102,2.984189723320158,0.0,0.0,0.05746615462328483,0.9281443352571102,-0.04223853005433869,4.252489821307397,-6.233507128647215,1.0531767127891996,0.0,0.0,0.0,0.18174717368961973,2.9428853754940714,-0.030996916752312437,9.395431034482758,0.5073512779914047,-4.92,-1.5193594473858645,0.1210658554114785,-0.5736466627880108,-0.1639955273947074,-4.556603773584905,2.290657439446367,-0.715390087920533,-0.02472586810201991,-0.5740547591256647,Software—Application,Technology,MNDO
2009Q1,2009,Q1,2009-03-31,2009-03-31,212000.0,4111000.0,289000.0,0.01,2683000.0,0.6526392605,24357000.0,18490000.0,14201000.0,4451000.0,5867000.0,36000.0,-32195000.0,15550400.0,6742400.0,0.9512295503652639,3.190518984497866,0.0,0.0,0.012695689292545002,0.9512295503652639,0.011465657111952406,3.7826319630260277,18.337735849056603,0.8410167658193619,0.0,39.666666666666664,0.0,0.16878104856919982,3.12311840035947,0.00870386336576754,29.84721689059501,0.6526392605205547,1.0625,-0.8290750092513883,0.10979672363964219,-0.5479390296577181,-0.1857359635811836,1.06625,-0.8666359021688971,-0.6424711770789773,-0.13667223974647225,-0.56901368759709,Software—Application,Technology,MNDO
2008Q4,2008,Q4,2008-12-31,2008-12-31,-3200000.0,4638000.0,2167000.0,-0.16,3295000.0,0.7104355326,24363000.0,18434000.0,14060000.0,4392000.0,5929000.0,36000.0,-32407000.0,16327920.0,6605920.0,0.94834859553452,3.2012750455373404,0.0,0.0,0.12678613422194795,0.94834859553452,-0.1735922751437561,3.520465717981889,-1.27561875,0.8857502441141369,0.0,37.30555555555556,0.0,0.19037064400935846,3.1466302367941714,-0.1313467142798506,19.345876777251185,0.7104355325571367,-0.4545454545454546,-4.206468779182517,0.37685842012274734,-0.5623519085693133,0.003655193420651843,-0.3082583810302535,0.5336164189667374,-3.696269371005939,0.01517130269074581,-0.589135181576951,Software—Application,Technology,MNDO
2008Q3,2008,Q3,2008-09-30,2008-09-30,-2446000.0,4642000.0,1413000.0,-0.11,3283000.0,0.7072382594,30277000.0,23897000.0,15786000.0,4765000.0,6380000.0,44000.0,-29207000.0,23537460.0,12639460.0,1.106649995369084,3.312906610703043,0.0,0.0,0.06247470809524425,1.106649995369084,-0.10235594426078587,5.070542869452822,-2.4057093213409653,0.9849545968113153,0.0,30.886363636363637,0.0,0.15331769990421773,3.121511017838405,-0.08078739637348482,20.646894736842107,0.7072382593709607,-7.02919708029197,-3.562922912709511,0.32336137247626445,-0.5139079868854911,-0.09832463608898655,-7.263513513513513,0.11347517730496454,-4.278634975723266,0.13771533930554875,-0.5066522345038645,Software—Application,Technology,MNDO
2008Q2,2008,Q2,2008-06-30,2008-06-30,-296000.0,5081000.0,1269000.0,-0.0137,3641000.0,0.7165912222,33611000.0,26800000.0,15617000.0,4997000.0,6811000.0,44000.0,-26761000.0,22457760.0,12801760.0,1.241085486709271,3.1252751650990596,0.0,0.0,0.08705478817094651,1.241085486709271,-0.011044776119402985,4.419948828970675,-18.967702702702702,0.8379761194029851,0.0,32.72727272727273,0.0,0.15117074767189312,2.969181508905343,-0.008806640683109697,120.74064516129032,0.7165912222003543,0.38565022421524664,-1.3518034487569035,0.5665756252727763,-0.4433534750315912,0.048977239988475946,0.38461538461538464,0.19266917293233082,-1.3000686131635204,0.4751090430503051,-0.438196173481305,Software—Application,Technology,MNDO
2008Q1,2008,Q1,2008-03-31,2008-03-31,-481000.0,5112000.0,1064000.0,-0.0223,3471000.0,0.6789906103,37924000.0,31369000.0,19149000.0,4834000.0,6555000.0,44000.0,-26465000.0,26128740.0,12309740.0,1.452672038529221,3.96131568059578,0.0,0.0,0.035857056329497275,1.452672038529221,-0.01533360961458765,5.111255868544601,-13.580426195426194,0.8329478147215403,0.0,37.29545454545455,0.0,0.13479590760468305,3.8611915597848574,-0.012683261259360827,17.3497609561753,0.6789906103286385,0.9667164179104478,-1.5531507407075082,0.7340817838130986,-0.3368647514285454,0.009598603839441536,0.9669846935273526,5.777070063694268,-1.4615682033312591,0.6409966067796969,-0.33111587932371483,Software—Application,Technology,MNDO
2007Q4,2007,Q4,2007-12-31,2007-12-31,-14569000.0,5563000.0,157000.0,-0.67,3438000.0,0.6180118641,37726000.0,31809000.0,17854000.0,4413000.0,5917000.0,44000.0,-25984000.0,47938680.00000001,35548680.00000001,1.47304806890803,4.04577384998867,0.0,0.0,0.004951684290689242,1.47304806890803,-0.4580150271935616,8.617415063814489,-0.8226144553504016,1.507079128548524,0.0,48.29545454545455,0.0,0.1474579865344855,3.9685021527305686,-0.3861792927954196,194.8726829268293,0.6180118641021032,-17.75,-15.974669783889263,1.0808602053942342,-0.3149707217878802,0.15021746403479425,-16.255497382198953,-0.59846547314578,-7.744887236870465,0.12781719117484072,-0.37367752768078744,Software—Application,Technology,MNDO
2007Q3,2007,Q3,2007-09-30,2007-09-30,955000.0,4028000.0,391000.0,0.04,2989000.0,0.7420556107,51880000.0,46450000.0,11734000.0,3942000.0,5430000.0,35000.0,-13771000.0,53550640.0,46412640.0,2.151160098179966,2.976661593099949,0.0,0.0,0.008228105412650268,2.151160098179966,0.02055974165769645,13.29459781529295,14.018492146596857,1.1528663078579116,0.0,29.685714285714287,0.0,0.07764070932922128,2.9340436326737698,0.01840786430223593,27.447790876473604,0.7420556107249255,1.0,4.021985146794114,0.5255542644876908,0.021809699335444233,0.07750540735400144,0.8799212598425197,8.30952380952381,-0.4844060570066303,-0.14515800416833943,-0.05008971668584745,Software—Application,Technology,MNDO
2007Q2,2007,Q2,2007-06-30,2007-06-30,508000.0,4049000.0,42000.0,0.02,2774000.0,0.6851074339,50644000.0,45422000.0,30707000.0,3756000.0,5222000.0,35000.0,-14726000.0,60451999.99999999,34967999.99999999,2.103844372394627,8.175452609158679,0.0,0.0,0.0008930196301920998,2.103844372394627,0.011184007749548678,14.930106199061495,29.75,1.3308969221962925,1.4488188976377954,36.42857142857143,0.01217494871964534,0.07995024089724351,8.126730564430245,0.010030803254087355,46.18181818181817,0.6851074339343047,-0.6,4.353509127789047,0.5447240143911745,0.004251115625891916,-0.19872905834777585,-0.5586446568201564,-0.937125748502994,-0.6882870884202738,-0.08535455377163562,-0.033575883543333934,Software—Application,Technology,MNDO
2007Q1,2007,Q1,2007-03-31,2007-03-31,1151000.0,4807000.0,668000.0,0.05,3462000.0,0.7201997088,51625000.0,44837000.0,31351000.0,5290000.0,6788000.0,35000.0,-15234000.0,60169140.0,35361140.0,2.0790596309004914,5.926465028355388,0.0,0.0,0.014631458766722786,2.0790596309004914,0.025670762985926802,12.516983565633451,13.06888357949609,1.3419528514396593,3.112076455256299,38.42857142857143,0.05953217878799664,0.0931138014527845,5.8899810964083175,0.022295399515738498,83.56825,0.7201997087580612,28.411764705882355,2.7369544215486465,0.9105734393889208,-0.010117582486129463,-0.10819165378670788,30.10810810810811,-0.1691542288557214,-0.1635750006414245,0.16963959198271003,-0.011950676066104442,Software—Application,Technology,MNDO
