Quarters,Year,Quarter,FillingDate,Date,NetIncome,Revenue,OperatingIncome,EPSDiluted,GrossProfit,GrossProfitRatio,TotalAssets,CommonStockEquity,CurrentAssets,CurrentLiability,TotalLiability,Inventory,RetainedEarnings,MarketCap,EnterpriseValue,bookValuePerShare,currentRatio,debtToAssets,debtToEquity,roic,shareholdersEquityPerShare,roe,priceToSalesRatio,peRatio,pbRatio,payoutRatio,inventoryTurnover,dividendYield,assetTurnover,quickRatio,returnOnAssets,priceToFreeCashFlowsRatio,grossProfitMargin,epsdilutedGrowth,fiveYNetIncomeGrowthPerShare,fiveYRevenueGrowthPerShare,fiveYShareholdersEquityGrowthPerShare,grossProfitGrowth,netIncomeGrowth,operatingIncomeGrowth,threeYNetIncomeGrowthPerShare,threeYRevenueGrowthPerShare,threeYShareholdersEquityGrowthPerShare,Industry,Sector,Symbol
2023Q1,2023,Q1,2023-05-10,2023-03-31,-3266000.0,4217000.0,-3235000.0,-0.0191,72000.0,0.0170737491,13582000.0,4081000.0,6842000.0,5341000.0,9501000.0,1490000.0,-541226000.0,869461058.2,867619058.2,0.02382058955334591,1.2810335143231604,0.011706670593432484,0.03896103896103896,-0.747060073387243,0.02382058955334591,-0.8002940455770644,206.1799995731563,-66.55396954990815,213.050982161235,0.0,2.7818791946308723,0.0,0.3104844647327345,0.8155776071896649,-0.24046532174937418,-323.9422720566319,0.017073749110742234,0.22357723577235777,-1.3888299818290784,0.3792248183799993,-0.702359851506431,-0.7165354330708661,0.19950980392156864,0.1902377972465582,0.4725215971303255,1.2072152692373983,-0.07304286416423228,Other Precious Metals & Mining,Basic Materials,AUMN
2022Q4,2022,Q4,2023-03-22,2022-12-31,-4080000.0,4585000.0,-3995000.0,-0.0246,254000.0,0.0553980371,14944000.0,6480000.0,7970000.0,4349000.0,8464000.0,1371000.0,-537960000.0,1135504257.72,1131919257.72,0.03914806985335097,1.8326051965969188,0.01565845824411135,0.03611111111111111,-0.601215089201853,0.03914806985335097,-0.6296296296296297,247.65632665648855,-69.57746677205883,175.23213853703706,0.0,3.1590080233406272,0.0,0.30681209850107066,1.2195907105081627,-0.27301927194860814,-348.10063081545064,0.05539803707742639,-0.5185185185185186,-0.1077627000237596,0.6040346371778201,-0.5556353748428826,-0.684472049689441,-0.5127919911012235,-0.38044229440221145,-3.234586272586378,0.5818505873939617,-0.2503973016091506,Other Precious Metals & Mining,Basic Materials,AUMN
2022Q3,2022,Q3,2022-11-10,2022-09-30,-2697000.0,5268000.0,-2894000.0,-0.0162,805000.0,0.1528094153,18549000.0,9630000.0,11277000.0,4965000.0,8919000.0,1786000.0,-533880000.0,1076819443.95,1070591443.95,0.057682372238891444,2.271299093655589,0.014879508329289989,0.02866043613707165,-0.27946059085203434,0.057682372238891444,-0.28006230529595016,204.40763932232346,-99.81641119299222,111.81925690031153,0.0,2.4988801791713326,0.0,0.28400452854601327,1.6735146022155085,-0.14539867378295326,-386.2336599533716,0.15280941533788914,0.04705882352941188,-3.856915511909056,0.6231155406317124,-0.4785962336546786,-0.32916666666666666,0.041237113402061855,0.020311442112389978,0.03839158748510474,0.7005111391383857,0.3822166154281804,Other Precious Metals & Mining,Basic Materials,AUMN
2022Q2,2022,Q2,2022-08-11,2022-06-30,-2813000.0,5926000.0,-2954000.0,-0.017,1200000.0,0.2024974688,21318000.0,12133000.0,14193000.0,5257000.0,9185000.0,1785000.0,-531183000.0,1474838902.6425,1465662902.6425,0.07348465131060539,2.699828799695644,0.015995872033023734,0.028105167724388033,-0.2204037321364298,0.07348465131060539,-0.2318470287645265,248.87595387149847,-131.07348939233023,121.5559962616418,0.0,2.6476190476190475,0.0,0.2779810488788817,2.1381015788472513,-0.13195421709353597,-466.7211717223101,0.20249746878164024,-7.947368421052632,-48.25326291859093,0.9010268765926068,-0.15978601297999867,-0.6152613016992626,-7.901898734177215,-8.749174917491748,0.32693390593304045,0.0,0.6298235808789068,Other Precious Metals & Mining,Basic Materials,AUMN
2022Q1,2022,Q1,2022-05-10,2022-03-31,-316000.0,7506000.0,-303000.0,-0.0019,3119000.0,0.4155342393,23637000.0,13696000.0,16381000.0,6056000.0,9941000.0,1963000.0,-528370000.0,2034641200.56,2023288200.56,0.08427722782415138,2.7049207397622195,0.015949570588484157,0.027526285046728972,-0.028684671729654426,0.08427722782415138,-0.023072429906542055,271.06863849720224,-1609.684494113924,148.55733064836448,0.0,2.2348446255731025,0.0,0.3175529889579896,2.1955085865257598,-0.01336887083809282,-4077.4372756713424,0.41553423927524646,-1.223529411764706,0.8444584756553791,1.5102627881464217,-0.017074218851966663,-0.39764387794515255,-1.213225371120108,-1.1753472222222223,0.9380178712188528,1.2891843687403337,0.23337789554927,Other Precious Metals & Mining,Basic Materials,AUMN
2021Q4,2021,Q4,2022-03-23,2021-12-31,1482000.0,9478000.0,1728000.0,0.0085,5178000.0,0.5463177886,23678000.0,14185000.0,16304000.0,5571000.0,9493000.0,1573000.0,-527961000.0,1418830743.0674999,1406928743.0674999,0.08730464370414825,2.926584096212529,0.013810288031083707,0.023052520267888614,0.09912621780497617,0.08730464370414825,0.10447655974621078,149.69727189992614,239.34391752150808,100.02331639531195,0.0,2.733630006357279,0.0,0.4002871864177718,2.438700412852271,0.06258974575555368,413.7739116557305,0.546317788562988,2.5416666666666674,1.5872690956189872,2.19374693784862,-0.06712570149560557,0.28041543026706234,2.605839416058394,2.607515657620042,1.78970324070651,1.8645271084987127,0.0946553225746238,Other Precious Metals & Mining,Basic Materials,AUMN
2021Q3,2021,Q3,2021-11-04,2021-09-30,411000.0,8479000.0,479000.0,0.0024,4044000.0,0.4769430357,20062000.0,12601000.0,12721000.0,3787000.0,7461000.0,1857000.0,-529443000.0,1754345828.6025,1745870828.6025,0.07755557386788665,3.359123316609453,0.016199780679892334,0.025791603840965002,0.024802865541127143,0.07755557386788665,0.03261645901118959,206.90480346768487,1067.1203336998174,139.2227464965082,0.0,2.388260635433495,0.0,0.42263981656863725,2.641932928439398,0.020486491875186922,907.1074604976732,0.47694303573534613,1.48,1.2853117743334366,1.6825864848022494,-0.1502695922894557,0.7099365750528541,1.5074074074074073,1.5771084337349397,-0.8479514903623773,1.6167404423736518,-0.14668990371304313,Other Precious Metals & Mining,Basic Materials,AUMN
2021Q2,2021,Q2,2021-08-05,2021-06-30,-810000.0,5861000.0,-830000.0,-0.005,2365000.0,0.4035147586,19105000.0,12115000.0,11676000.0,3314000.0,6990000.0,2003000.0,-529854000.0,2493529456.28,2487000456.28,0.07461556631360991,3.5232347616173807,0.01763936142371107,0.027816756087494843,-0.07075183533291722,0.07461556631360991,-0.06685926537350392,425.44437063299785,-769.6078568765432,205.8216637457697,0.0,1.745381927109336,0.0,0.30677833028003143,2.5899215449607724,-0.04239727819942424,-2248.448562921551,0.40351475857362223,0.7474747474747474,0.8937627865146611,0.8969029130913648,-0.29554315933597536,26.183908045977013,0.7451227186910007,0.7080548716144918,0.7040203697592128,0.9547199826420746,0.0005845014472875579,Other Precious Metals & Mining,Basic Materials,AUMN
2021Q1,2021,Q1,2021-05-06,2021-03-31,-3178000.0,1778000.0,-2843000.0,-0.0198,87000.0,0.0489313836,18825000.0,11938000.0,11741000.0,3230000.0,6887000.0,1840000.0,-529044000.0,2644487523.1025004,2636851523.1025004,0.07440688726303864,3.634984520123839,0.01800796812749004,0.02839671636790082,-0.22172085768526278,0.07440688726303864,-0.26620874518344784,1487.3383144558495,-208.0307994888688,221.5184723657648,0.0,0.9190217391304348,0.0,0.09444887118193891,2.7588235294117647,-0.16881806108897743,-592.9344222202916,0.048931383577052866,-0.4887218045112784,0.8793276313162541,-0.5010610459574049,-0.29673161923369035,-0.8096280087527352,-0.48435310602522186,-0.38682926829268294,-1.4820961706968552,-0.3790467993383662,-0.07028006488595481,Other Precious Metals & Mining,Basic Materials,AUMN
2020Q4,2020,Q4,2021-02-18,2020-12-31,-2141000.0,1071000.0,-2050000.0,-0.0133,457000.0,0.4267040149,18306000.0,11972000.0,11314000.0,2520000.0,6334000.0,284000.0,-525866000.0,3048400603.0,3038973603.0,0.0746188016680431,4.48968253968254,0.015131650824866165,0.023137320414300035,-0.16598539935087553,0.0746188016680431,-0.17883394587370532,2846.312421101774,-355.95523155067724,254.6275144503842,0.0,2.1619718309859155,0.0,0.058505408062930184,3.9285714285714284,-0.11695618922757565,-1553.721000509684,0.42670401493930904,-0.4777777777777778,-1.655514366230773,-0.7784922419446231,-0.3675156543155243,-0.6584454409566517,-0.6648522550544324,-0.680327868852459,0.40027872541931314,-0.6134460759392312,-0.15301173321945952,Other Precious Metals & Mining,Basic Materials,AUMN
2020Q3,2020,Q3,2020-11-05,2020-09-30,-1286000.0,2146000.0,-1220000.0,-0.009,1338000.0,0.6234855545,16580000.0,11459000.0,10249000.0,1634000.0,5121000.0,199000.0,-523725000.0,1504498422.0,1495962422.0,0.07997316463785563,6.2723378212974294,0.007358262967430639,0.010646653285627018,-0.10572661813102467,0.07997316463785563,-0.11222619774849463,701.0710260950606,-292.47636508553654,131.29404153940135,0.0,4.060301507537688,0.0,0.12943305186972257,5.648102815177478,-0.07756332931242461,-801.544177943527,0.6234855545200373,0.5652173913043479,0.9706536789912338,-0.5563816720423584,-0.5279844251051223,1.4823747680890538,0.49902610050642776,0.4131794131794132,-1.6983688067126912,-0.2296038139353982,-0.27710481330346615,Other Precious Metals & Mining,Basic Materials,AUMN
2020Q2,2020,Q2,2020-08-06,2020-06-30,-2567000.0,1224000.0,-2079000.0,-0.0207,539000.0,0.4403594771,11413000.0,4687000.0,4929000.0,3274000.0,6726000.0,186000.0,-522439000.0,1334441951.25,1332026951.25,0.037757543483103985,1.5054978619425778,0.10006133356698502,0.24365265628333688,-0.3863725314311802,0.037757543483103985,-0.547685086409217,1090.2303523284313,-129.96123405239578,284.7113188073394,0.0,3.682795698924731,0.0,0.10724612284237273,1.194257788637752,-0.22491895207219836,-581.4561879084968,0.440359477124183,0.42659279778393355,0.6779310095672842,-0.7350713873728462,-0.9226580245236845,0.5269121813031161,0.33771929824561403,0.25643776824034337,-58.78214324861492,-0.47773807504380367,-0.568285137314908,Other Precious Metals & Mining,Basic Materials,AUMN
2020Q1,2020,Q1,2020-05-06,2020-03-31,-3876000.0,1196000.0,-2796000.0,-0.0361,353000.0,0.2951505017,10235000.0,2756000.0,3494000.0,4063000.0,7479000.0,178000.0,-520116000.0,563316432.745,562216432.745,0.025697617109197473,0.8599556977602757,0.10864680019540791,0.4034833091436865,-0.8162286251400889,0.025697617109197473,-1.4063860667634251,471.0003618269231,-36.33361924309856,204.39638343432512,0.0,4.735955056179775,0.0,0.11685393258426967,0.620969726802855,-0.37870053737176357,-147.46503475,0.29515050167224083,-4.281818181818182,0.24289396511644085,-0.7485895089927622,-0.9539877288217687,-0.6542605288932419,-4.276415891800507,-3.206787687450671,-1.8909473535923946,-0.39390743837876313,-0.7002885474187067,Other Precious Metals & Mining,Basic Materials,AUMN
2019Q4,2019,Q4,2020-02-27,2019-12-31,1183000.0,1878000.0,1267000.0,0.011,1021000.0,0.5436634718,13357000.0,5601000.0,6195000.0,4423000.0,7756000.0,231000.0,-516780000.0,831166559.5,826573559.5,0.052225091955230424,1.4006330544879042,0.0,0.0,0.22134488273023442,0.052225091955230424,0.21121228352079985,442.58070260915866,175.64804723161453,148.39610060703447,0.0,3.70995670995671,0.0,0.1406004342292431,1.1397241691159847,0.0885677921689002,-647.8305218238504,0.5436634717784877,1.6547619047619047,1.1273077643960099,2.9258947706354217,-0.9159423152982753,-0.05462962962962963,1.6721590909090909,2.0031670625494855,2.12884304999253,-0.0412949364961542,-0.44196042781916556,Other Precious Metals & Mining,Basic Materials,AUMN
2019Q3,2019,Q3,2019-11-13,2019-09-30,-1760000.0,1944000.0,-1263000.0,-0.0168,1080000.0,0.5555555556,11233000.0,4372000.0,3964000.0,3607000.0,6861000.0,227000.0,-517963000.0,639323896.65,636431896.65,0.04173178906623309,1.0989742168006653,0.0,0.0,-0.29036864570395793,0.04173178906623309,-0.4025617566331198,328.8703172067901,-90.81305350142044,146.23144937099724,0.0,3.806167400881057,0.0,0.17306151517849194,0.9323537565844192,-0.1566812071574824,-454.06526750710225,0.5555555555555556,0.30000000000000004,0.7229023035061849,0.0,-0.9533615377296345,15.4,0.28426189507930055,0.5557509672880759,-0.8948262242115951,-0.046140951898277806,-0.5427695474454625,Other Precious Metals & Mining,Basic Materials,AUMN
2019Q2,2019,Q2,2019-08-07,2019-06-30,-2459000.0,0.0,-2843000.0,-0.024,-75000.0,0.0,11134000.0,4380000.0,6912000.0,6336000.0,6754000.0,0.0,-515933000.0,680011269.0,678172269.0,0.04508748810161262,1.0909090909090908,0.0,0.0,-0.5542028951040081,0.04508748810161262,-0.5614155251141553,0.0,-69.13493991459943,155.25371438356163,0.0,0.0,0.0,0.0,0.31739267676767674,-0.2208550386204419,-2193.5847387096774,0.0,0.23566878980891712,0.7615482414102362,0.0,-0.9465785820717515,-1.0706880301602262,0.1814247669773635,-0.6743227326266196,0.4609536744162359,-1.0,-0.5743222092821482,Other Precious Metals & Mining,Basic Materials,AUMN
2019Q1,2019,Q1,2019-05-02,2019-03-31,-3004000.0,1932000.0,-1698000.0,-0.0314,1061000.0,0.5491718427,11288000.0,6543000.0,4444000.0,1836000.0,4745000.0,231000.0,-513475000.0,646348302.0,644111302.0,0.06833041854266371,2.420479302832244,0.0,0.0,-0.3315950698299045,0.06833041854266371,-0.45911661317438485,334.5488105590062,-53.79063764980027,98.78470151306739,0.0,3.7705627705627704,0.0,0.17115520907158044,1.6143790849673203,-0.2661233167965982,-451.3605460893855,0.5491718426501035,-1.706896551724138,0.7443687886801162,0.0,-0.9286251022204677,-0.010261194029850746,-1.7160940325497287,-1.6656200941915227,0.8088785324320527,-0.09159738398702486,-0.35416431766990075,Other Precious Metals & Mining,Basic Materials,AUMN
2018Q4,2018,Q4,2019-02-28,2018-12-31,-1106000.0,1950000.0,-637000.0,-0.0116,1072000.0,0.5497435897,12644000.0,7637000.0,5535000.0,2007000.0,5007000.0,229000.0,-511124000.0,524020901.14,520727901.14,0.07975537313316869,2.757847533632287,0.0,0.0,-0.08440178018102029,0.07975537313316869,-0.14482126489459213,268.72866725128205,-118.44957078209765,68.61606666753961,0.0,3.834061135371179,0.0,0.1542233470420753,2.051818634778276,-0.08747231888642834,-249.41499340314135,0.5497435897435897,-1.58,0.9509666439006047,8.465838306634865,-0.9263605039420909,0.18322295805739514,-1.6977917981072554,-1.3888888888888888,-1.2984905020126016,-0.32424435776277144,-0.323977015667393,Other Precious Metals & Mining,Basic Materials,AUMN
2018Q3,2018,Q3,2018-11-06,2018-09-30,1585000.0,1900000.0,1638000.0,0.02,906000.0,0.4768421053,14229000.0,8659000.0,6934000.0,2544000.0,5570000.0,251000.0,-510019000.0,485883089.4,480887089.4,0.09088791308734936,2.72562893081761,0.0,0.0,0.18284187091492848,0.09088791308734936,0.18304654117103591,255.72794178947368,76.63771126182965,56.113071878969855,0.0,3.960159362549801,0.0,0.13353011455478248,2.2712264150943398,0.11139222714175276,-643.5537607947019,0.4768421052631579,2.183431952662722,1.114797230980475,0.7094140606655984,-0.930899151511613,-0.03719447396386823,2.0037998733375555,2.293838862559242,1.0543979822731726,-0.40929017640586857,-0.4635636748753375,Other Precious Metals & Mining,Basic Materials,AUMN
2018Q2,2018,Q2,2018-08-09,2018-06-30,-1579000.0,1730000.0,-1266000.0,-0.0169,941000.0,0.5439306358,12191000.0,6986000.0,4559000.0,2142000.0,5205000.0,239000.0,-511604000.0,800038310.54,797528310.54,0.0745719788840251,2.1283846872082166,0.0,0.0,-0.16941724097776878,0.0745719788840251,-0.2260234755224735,462.44989048554913,-126.66851021849271,114.5202276753507,0.0,3.301255230125523,0.0,0.14190796489213353,1.5410830999066294,-0.12952177836108605,-656.3070636095159,0.5439306358381503,-1.1124999999999998,0.996686191205058,-0.8229714499776981,-0.9487231860334392,0.12291169451073986,-1.157103825136612,-4.410256410256411,0.737491432417323,-0.5038284490733652,-0.8472478972407332,Other Precious Metals & Mining,Basic Materials,AUMN
2018Q1,2018,Q1,2018-05-02,2018-03-31,-732000.0,1637000.0,-234000.0,-0.008,838000.0,0.5119120342,12334000.0,7341000.0,4468000.0,1886000.0,4993000.0,259000.0,-509907000.0,921850068.7500001,919139068.7500001,0.08003150675037578,2.369034994697773,0.0,0.0,-0.03174566107603646,0.08003150675037578,-0.09971393543114017,563.133823304826,-314.83950435450816,125.57554403351043,0.0,3.0849420849420848,0.0,0.1327225555375385,1.7810180275715801,-0.05934814334360305,-515.5761010906041,0.5119120342089187,0.6412556053811659,0.9454336296176897,-0.8689706932164587,-0.9877446422321781,0.38971807628524047,0.6413522782949534,0.8444148936170213,0.8328231455896278,-0.5976601731620248,-0.8567014452837047,Other Precious Metals & Mining,Basic Materials,AUMN
2017Q4,2017,Q4,2018-03-02,2017-12-31,-2041000.0,1584000.0,-1504000.0,-0.0223,603000.0,0.3806818182,13077000.0,8081000.0,4937000.0,1858000.0,4996000.0,242000.0,-509082000.0,990644850.0000001,987394850.0000001,0.08809897916493484,2.6571582346609257,0.0,0.0,-0.18730862834315376,0.08809897916493484,-0.2525677515159015,625.4071022727273,-121.34307324840765,122.58938868951864,0.0,4.053719008264463,0.0,0.12112869924294563,2.125941872981701,-0.15607555249675,-573.28984375,0.3806818181818182,-5.757575757575758,0.9129250157858392,-0.9040290084876602,-0.9867811316127851,-0.40532544378698226,-5.735973597359736,-22.797101449275363,0.7431939325029784,2.8715990322396485,-0.8582023327112926,Other Precious Metals & Mining,Basic Materials,AUMN
2017Q3,2017,Q3,2017-11-07,2017-09-30,-303000.0,1771000.0,69000.0,-0.0033,1014000.0,0.5725578769,14902000.0,10078000.0,6333000.0,1650000.0,4824000.0,267000.0,-507041000.0,1093167348.0,1088201348.0,0.11062899035656158,3.8381818181818184,0.0,0.0,0.006523643879625712,0.11062899035656158,-0.030065489184361978,617.2599367588933,-901.9532574257425,108.47066362373486,0.0,2.8352059925093633,0.0,0.11884310830760972,3.393939393939394,-0.020332841229365187,846.7601456235476,0.572557876905703,-10.000000000000002,0.9980921043850535,-0.9000334264057275,-0.9863574105244425,0.0,-8.774193548387096,1.75,0.9451381282248787,0.0,-0.8763636520695456,Other Precious Metals & Mining,Basic Materials,AUMN
2017Q2,2017,Q2,2017-08-08,2017-06-30,-31000.0,1692000.0,-92000.0,-0.0003,1014000.0,0.5992907801,13255000.0,7838000.0,4546000.0,1426000.0,5417000.0,281000.0,-489207000.0,1257574085.0025,1254848085.0025,0.0874594477666748,3.1879382889200563,0.0,0.0,-0.01039623810738891,0.0874594477666748,-0.003955090584332738,743.2470951551419,-10141.726491955646,160.44578782884665,0.0,2.412811387900356,0.0,0.12764994341757827,2.535063113604488,-0.0023387400980761975,-6909.747719793956,0.599290780141844,0.976,0.9983932447929773,-0.8643153702651141,-0.9903147965983697,0.10337323177366703,0.97224709042077,0.8768406961178046,0.9967414586513246,0.0,-0.8963746283583663,Other Precious Metals & Mining,Basic Materials,AUMN
2017Q1,2017,Q1,2017-05-09,2017-03-31,-1117000.0,1644000.0,-747000.0,-0.0125,919000.0,0.5590024331,13254000.0,7661000.0,4362000.0,1214000.0,5593000.0,269000.0,-489172000.0,1410617640.225,1408552640.225,0.08574119169579379,3.5930807248764416,0.0,0.0,-0.0959604887044456,0.08574119169579379,-0.14580341991907061,858.0399271441605,-315.7156759679946,184.129701112779,0.0,2.6951672862453533,0.0,0.12403802625622454,2.9176276771004943,-0.08427644484683869,-1297.7163203541857,0.5590024330900243,-4.571428571428571,0.9562260886499004,-0.897743372546672,-0.9907222360989519,0.10324129651860744,-4.546031746031746,-0.04915730337078652,0.8981328829888271,0.0,-0.9104385876260725,Other Precious Metals & Mining,Basic Materials,AUMN
2016Q4,2016,Q4,2017-02-28,2016-12-31,315000.0,1632000.0,-712000.0,0.0035,833000.0,0.5104166667,14008000.0,8362000.0,4773000.0,1248000.0,5646000.0,245000.0,-488037000.0,1295802522.715,1293214522.715,0.0935867177862195,3.824519230769231,0.0,0.0,-0.07865494020218543,0.0935867177862195,0.037670413776608465,793.9966438204656,1028.4147005674602,154.9632292172925,0.0,3.2612244897959184,0.0,0.11650485436893204,3.1650641025641026,0.02248715019988578,-1182.3015718202555,0.5104166666666666,1.3932584269662922,1.0076206147079372,-0.6470916177158192,-0.9901710719214287,-0.001199040767386091,1.399746192893401,-4.327102803738318,1.0149662825099932,7.696240069487112,-0.9135897875622269,Other Precious Metals & Mining,Basic Materials,AUMN
2016Q3,2016,Q3,2016-11-03,2016-09-30,-788000.0,1729000.0,214000.0,-0.0089,834000.0,0.4823597455,15017000.0,8112000.0,5564000.0,1415000.0,6905000.0,264000.0,-488352000.0,1678690232.2625,1675275232.2625,0.09127079973146672,3.932155477031802,0.0,0.0,0.02605008576668496,0.09127079973146672,-0.09714003944773175,970.9023899725275,-532.5793884081535,206.93913119606756,0.0,3.390151515151515,0.0,0.11513617899713657,3.5498233215547703,-0.05247386295531731,-1229.8096939652014,0.48235974551764027,0.8106382978723404,0.9849091947848042,0.0,-0.9943563063179827,0.19142857142857142,0.7973772177937773,1.1029836381135707,0.9388221957474905,0.6674552453937301,-0.9306080479854714,Other Precious Metals & Mining,Basic Materials,AUMN
2016Q2,2016,Q2,2016-08-11,2016-06-30,-3889000.0,1576000.0,-2078000.0,-0.047,700000.0,0.4441624365,15443000.0,8772000.0,5601000.0,1767000.0,6671000.0,290000.0,-487554000.0,1348066381.395,1344134381.395,0.10591928704003625,3.1697792869269947,0.0,0.0,-0.2353168883461193,0.10591928704003625,-0.4433424532603739,855.372069413071,-86.65893426298534,153.67833805232559,0.0,3.0206896551724136,0.0,0.10205270996568025,2.7521222410865875,-0.2518293077769863,-767.6915611588838,0.44416243654822335,0.70625,0.9621289048567452,0.0,-0.98377610415159,0.5945330296127562,0.6403070662227155,-0.1793416572077185,0.9907676428095418,-0.8175756693510448,-0.9271683055981478,Other Precious Metals & Mining,Basic Materials,AUMN
2016Q1,2016,Q1,2016-04-29,2016-03-31,-10812000.0,1463000.0,-1762000.0,-0.16,439000.0,0.3000683527,14031000.0,6969000.0,3777000.0,3295000.0,7062000.0,331000.0,-483665000.0,741021727.5,739875727.5,0.10580155357185529,1.1462822458270105,0.0686337395766517,0.13818338355574689,-0.38201971409437674,0.10580155357185529,-1.5514421007318122,506.50835782638416,-17.134242681742506,106.3311418424451,0.0,3.093655589123867,0.0,0.10426911838072839,0.9092564491654022,-0.7705794312593542,-367.2060096630327,0.30006835269993165,-31.0,0.8476794635532581,0.0,-0.9866289584890443,2.0162037037037037,-31.664652567975832,0.43307593307593306,-0.12236944092572137,-0.8369278109707005,-0.9837984320917664,Other Precious Metals & Mining,Basic Materials,AUMN
2015Q4,2015,Q4,2016-02-25,2015-12-31,-331000.0,1985000.0,-3108000.0,-0.005,-432000.0,-0.2176322418,17001000.0,7771000.0,5876000.0,6390000.0,9230000.0,330000.0,-477378000.0,329507661.495,329132661.495,0.11797730991632766,0.9195618153364632,0.2177518969472384,0.4763865654355939,-0.06994295635156707,0.11797730991632766,-0.042594260712906964,165.9988219118388,-248.87285611404835,42.40222127075023,0.0,7.324242424242424,0.0,0.11675783777424857,0.797339593114241,-0.019469442973942708,-172.9699010472441,-0.21763224181360202,0.9838709677419355,0.9939884368048034,0.0,-0.986773831372834,0.7860326894502229,0.9795641168117553,0.8231277031641248,0.9803349885125527,-0.8325207040566803,-0.9822980181241154,Other Precious Metals & Mining,Basic Materials,AUMN
2015Q3,2015,Q3,2015-11-16,2015-09-30,-16197000.0,1788000.0,-17572000.0,-0.31,-2019000.0,-1.1291946309,14725000.0,8973000.0,2927000.0,2655000.0,5752000.0,908000.0,-476096000.0,368073473.40000004,367152473.40000004,0.16942908007996646,1.102448210922787,0.0,0.0,-1.8857847422568936,0.16942908007996646,-1.8050819124038784,205.85764731543625,-5.681198268197814,41.020112938816446,0.0,4.192731277533039,0.0,0.12142614601018675,0.6677966101694915,-1.0999660441426147,-148.11809794768612,-1.1291946308724832,-3.8286604361370724,0.7339161397898483,2.0727978234540547,-0.9619270707877926,-0.015082956259426848,-3.7877623411173515,-2.897094699489909,0.8245706501916295,-0.8263961108515618,-0.9791062778634927,Other Precious Metals & Mining,Basic Materials,AUMN
2015Q2,2015,Q2,2015-08-06,2015-06-30,-3383000.0,1961000.0,-4509000.0,-0.0642,-1989000.0,-1.0142784294,32147000.0,25722000.0,5939000.0,3170000.0,6425000.0,1086000.0,-459276000.0,463132372.08,459841372.08,0.48818954068048787,1.8735015772870662,0.0,0.0,-0.1540340625085202,0.48818954068048787,-0.1315216546147267,236.17153089240182,-34.22497576707064,18.005301768136224,0.0,3.6372007366482504,0.0,0.061001026534357794,1.3460567823343847,-0.10523532522474881,-157.26056776910016,-1.014278429372769,-0.34591194968553446,0.8425652004834628,-0.9583045126077393,-0.9118834511096953,0.022123893805309734,-0.34512922465208745,0.09257395854296639,0.7017556088755066,-0.732520714883904,-0.9459382019807286,Other Precious Metals & Mining,Basic Materials,AUMN
2015Q1,2015,Q1,2015-05-06,2015-03-31,-2515000.0,2337000.0,-4969000.0,-0.0477,-2034000.0,-0.8703465982,36435000.0,29425000.0,9113000.0,3580000.0,7010000.0,1166000.0,-455426000.0,538848621.875,532796621.875,0.5584948634605803,2.5455307262569833,0.0,0.0,-0.1237855060821581,0.5584948634605803,-0.0854715378079864,230.57279498288403,-53.563481299701785,18.312612468139335,0.0,3.748713550600343,0.0,0.06414162206669412,2.0472067039106143,-0.06902703444490188,-203.80053777420574,-0.8703465982028241,0.4491916859122402,0.969502461260403,-0.937132468546501,-0.9520316697605992,0.06396686608375518,0.44906900328587074,0.19176968119713728,0.8328529065371654,-0.7534829154199782,-0.9395671627527712,Other Precious Metals & Mining,Basic Materials,AUMN
2014Q4,2014,Q4,2015-02-27,2014-12-31,-4565000.0,235000.0,-6148000.0,-0.0866,-2173000.0,-9.2468085106,41258000.0,32734000.0,12227000.0,4190000.0,8524000.0,1497000.0,-451995000.0,711264375.0,702685375.0,0.621300623976844,2.9181384248210023,0.0,0.0,-0.19010739933268458,0.621300623976844,-0.13945744485855685,3026.656914893617,-38.95204682365827,21.72861168815299,0.0,1.6085504342017367,0.0,0.005695865044355034,2.383054892601432,-0.11064520820204567,-111.39614330462021,-9.246808510638298,-0.42904290429042896,0.9747862384452614,-0.9997974857749315,-0.8430299331515455,-1.8934753661784287,-0.6721611721611722,-0.33391191147754395,0.8127081448745688,-0.9138196327676826,-0.9347480145399538,Other Precious Metals & Mining,Basic Materials,AUMN
2014Q3,2014,Q3,2014-11-06,2014-09-30,-2730000.0,0.0,-4609000.0,-0.0606,-751000.0,0.0,47631000.0,40292000.0,17625000.0,4630000.0,7339000.0,662000.0,-462939000.0,720470208.0,705515208.0,0.8947934180229142,3.806695464362851,0.0,0.0,-0.08645752287371952,0.8947934180229142,-0.06775538568450312,0.0,-65.97712527472528,17.881222277375162,0.0,1.134441087613293,0.0,0.0,3.54622030237581,-0.05731561378094099,-188.25978782336034,0.0,0.4490909090909091,0.9704987575918314,-1.0,-0.8900963776856448,0.03470437017994859,0.40079016681299384,0.16412767500906783,0.8968073216485208,0.0,-0.9446708040812147,Other Precious Metals & Mining,Basic Materials,AUMN
2014Q2,2014,Q2,2014-08-06,2014-06-30,-4556000.0,0.0,-5514000.0,-0.11,-778000.0,0.0,44121000.0,36223000.0,13482000.0,5235000.0,7898000.0,384000.0,-459327000.0,1233904747.5,1223504747.5,0.8439964690224194,2.575358166189112,0.0,0.0,-0.13752355587405618,0.8439964690224194,-0.12577644038318195,0.0,-67.70767929653205,34.06412355409547,0.0,2.0260416666666665,0.0,0.0,2.3415472779369626,-0.10326148546043834,-267.0789496753247,0.0,0.0833333333333333,0.9511380950224863,-1.0,-0.917382943765982,0.08037825059101655,0.1344984802431611,0.09024913380630259,0.9143882401893892,0.0,-0.8707231591856373,Other Precious Metals & Mining,Basic Materials,AUMN
2014Q1,2014,Q1,2014-05-01,2014-03-31,-5264000.0,0.0,-6061000.0,-0.12,-846000.0,0.0,49650000.0,41064000.0,18205000.0,5971000.0,8586000.0,385000.0,-454284000.0,896798297.4275,881778297.4275,0.9573452385701118,3.048903031318037,0.0,0.0,-0.13732068787158028,0.9573452385701118,-0.12819014221702707,0.0,-42.591104551078075,21.83903899833187,0.0,2.1974025974025975,0.0,0.0,2.838553006196617,-0.1060221550855992,-217.3002901447783,0.0,0.5,-1.0313564812295017,-1.0,0.5876149751777807,0.020833333333333332,0.47901821060965954,0.496469219905292,0.8861182704720301,0.0,-0.8790121459176583,Other Precious Metals & Mining,Basic Materials,AUMN
2013Q4,2013,Q4,2014-02-28,2013-12-31,-10104000.0,-117000.0,-12037000.0,-0.24,-864000.0,7.3846153846,54881000.0,46456000.0,22476000.0,5770000.0,8425000.0,449000.0,-448626000.0,506144680.6,486998680.6,1.0830515878388152,3.895320623916811,0.0,0.0,-0.21474865565005263,1.0830515878388152,-0.21749612536593765,-4326.022911111111,-12.523373926167855,10.895141221801277,0.0,1.6636971046770601,0.0,-0.0021318853519432953,3.6450606585788563,-0.1841074324447441,-106.13224587963934,7.384615384615385,-0.7142857142857141,-1.5515161863960183,-1.002169173296618,1.320981237600016,0.21454545454545454,-0.6267911769441313,-0.8884530906808911,0.7182016079340242,0.0,-0.8785815429862277,Other Precious Metals & Mining,Basic Materials,AUMN
2013Q3,2013,Q3,2013-11-07,2013-09-30,-6211000.0,500000.0,-6374000.0,-0.14,-1100000.0,-2.2,67081000.0,56370000.0,27113000.0,8064000.0,10711000.0,492000.0,-438522000.0,1017861991.25,994038991.25,1.3152937348175098,3.3622271825396823,0.0,0.0,-0.11121214023788928,1.3152937348175098,-0.11018272130565904,2035.7239825,-40.97013328167767,18.056803108923187,0.0,3.252032520325203,0.0,0.007453675407343361,3.2001488095238093,-0.09258955591001923,-157.78359808556812,-2.2,0.9724950884086445,0.9829105143852814,-0.995377326569178,1.3700183970762962,0.8227807314322539,0.9714836665824935,0.9756650682630341,0.8739131163072127,0.061844465890384545,-0.7044363031698478,Other Precious Metals & Mining,Basic Materials,AUMN
2013Q2,2013,Q2,2013-08-08,2013-06-30,-217805000.0,4467000.0,-261928000.0,-5.09,-6207000.0,-1.3895231699,76896000.0,62276000.0,36169000.0,11980000.0,14620000.0,1249000.0,-432311000.0,1509472468.5,1479481468.5,1.4543021126986524,3.0191151919866446,0.0,0.0,-3.485518132249392,1.4543021126986524,-3.497414734408119,337.91637978509067,-1.7325962081908128,24.23843002922474,0.0,8.54603682946357,0.0,0.0580914481897628,2.842320534223706,-2.832462026633375,-240.6300762792922,-1.389523169912693,-32.93333333333333,-2.2471485038700934,-0.8969821680932034,-0.3033973845465002,-0.10641711229946524,-33.793130990415335,-26.441382922996333,-11.471444873896344,-0.8831368463253317,-0.737503423288712,Other Precious Metals & Mining,Basic Materials,AUMN
2013Q1,2013,Q1,2013-05-08,2013-03-31,-6260000.0,5830000.0,-9545000.0,-0.15,-5610000.0,-0.9622641509,337660000.0,279523000.0,46444000.0,11603000.0,58137000.0,3628000.0,-214506000.0,2621734097.5,2585522097.5,6.530328062760377,4.002757907437732,0.0,0.0,-0.024463617448246718,6.530328062760377,-0.022395294841569387,449.69710077186966,-104.70184095447284,9.379314394522096,0.0,3.153252480705623,0.0,0.01726588876384529,3.6124278203912783,-0.01853935911864005,-215.21376600722377,-0.9622641509433962,0.42307692307692313,0.8279360760625362,-0.9413658437282284,5.143500646100925,0.5539122137404581,0.4276833059060157,0.26875047881713016,0.906563647938783,-0.8069583642038394,-0.4391194018416859,Other Precious Metals & Mining,Basic Materials,AUMN
2012Q4,2012,Q4,2013-03-01,2012-12-31,-10938000.0,7702000.0,-13053000.0,-0.26,-12576000.0,-1.6328226435,348102000.0,285272000.0,54792000.0,13306000.0,62830000.0,3388000.0,-208246000.0,4911738574.5,4867332574.5,6.664638498870498,4.11784157522922,0.0,0.0,-0.03741087952543421,6.664638498870498,-0.03834235396393618,637.7224843547131,-112.26317824328031,17.217738069281246,0.0,5.985242030696576,0.0,0.02212569878943528,3.78475875544867,-0.03142182463760622,-418.1270600578871,-1.6328226434692288,0.8505747126436781,-1.0771000055167677,-0.7692059513661542,5.668683516112738,-7.328476821192053,0.8272474571988123,0.8036375124108674,0.9256382644209888,-0.991830303454885,0.6838044423523307,Other Precious Metals & Mining,Basic Materials,AUMN
2012Q3,2012,Q3,2012-11-09,2012-09-30,-63316000.0,7063000.0,-66474000.0,-1.74,-1510000.0,-0.2137901741,359727000.0,294512000.0,64557000.0,13546000.0,65215000.0,5170000.0,-197308000.0,4639719929.25,4586158929.25,8.109090327372803,4.76576111029086,0.0,0.0,-0.21676003499779753,8.109090327372803,-0.2149861465746727,656.9049878592666,-18.319697743263948,15.753924896948172,0.0,1.658220502901354,0.0,0.019634333814253585,4.297209508341946,-0.17601125297795273,-721.1252609962698,-0.21379017414696305,-6.909090909090909,0.4483858888978147,0.0,2.6907882484888193,0.09309309309309309,-7.287434554973822,-5.035409478845106,0.15168661978968354,-0.7809078060660687,-0.003995355015285431,Other Precious Metals & Mining,Basic Materials,AUMN
2012Q2,2012,Q2,2012-08-08,2012-06-30,-7640000.0,4938000.0,-11014000.0,-0.22,-1665000.0,-0.337181045,389167000.0,320463000.0,36156000.0,13815000.0,68704000.0,5672000.0,-133992000.0,4001257117.0,3978194117.0,9.03021280399262,2.617155266015201,0.0,0.0,-0.02974055165150501,9.03021280399262,-0.023840505768216613,810.2991326447955,-130.93118838350787,12.4858630075859,0.0,1.1641396332863188,0.0,0.012688640095383216,2.0635541078537822,-0.019631674833683225,-343.78014580290403,-0.33718104495747264,0.24137931034482754,0.9245016285618237,0.0,5.013546281378573,-0.0783678756476684,0.24587898529266608,0.13063383061015077,0.9009067858947143,-0.8678958356202247,-0.11605127934156043,Other Precious Metals & Mining,Basic Materials,AUMN
2012Q1,2012,Q1,2012-05-09,2012-03-31,-10131000.0,6383000.0,-12669000.0,-0.29,-1544000.0,-0.241892527,399953000.0,327836000.0,44443000.0,15043000.0,72117000.0,6060000.0,-126352000.0,7476150347.25,7443906347.25,9.24157939458967,2.954397394136808,0.0,0.0,-0.03289410416853528,9.24157939458967,-0.030902646445173806,1171.259650203666,-184.48697925303526,22.804543574378652,0.0,1.308085808580858,0.0,0.015959375226589124,2.4225885794057036,-0.02533047633096889,-454.7260110242686,-0.2418925270249099,0.36956521739130443,-1.1494796873216784,0.0,53.756916593137674,0.5299847792998478,0.3826701602583633,0.24968907314184188,-1.0729702748497258,5.8009508146859226,14.325787657396333,Other Precious Metals & Mining,Basic Materials,AUMN
2011Q4,2011,Q4,2012-03-08,2011-12-31,-16411000.0,1836000.0,-16885000.0,-0.46,-3285000.0,-1.7892156863,413015000.0,337768000.0,58397000.0,15575000.0,75247000.0,5312000.0,-116221000.0,5152601840.75,5103952840.75,9.521558916506311,3.7494060995184593,0.0,0.0,-0.046959633975214805,9.521558916506311,-0.048586603822742234,2806.4280178376907,-78.49311194854062,15.254854932231591,0.0,0.9640436746987951,0.0,0.0044453591273924675,3.2518780096308184,-0.0397346343353147,-232.51813360785198,-1.7892156862745099,0.22033898305084737,0.9422672100437651,0.0,6.402896835555801,-2.4041450777202074,-0.39739441416893734,0.24610438898066705,-2.0831340214379246,-0.9588411443999688,3.82188013869244,Other Precious Metals & Mining,Basic Materials,AUMN
2011Q3,2011,Q3,2011-11-14,2011-09-30,-11744000.0,0.0,-22397000.0,-0.59,-965000.0,0.0,443835000.0,323271000.0,61023000.0,33214000.0,120564000.0,1523000.0,-99810000.0,3718016124.0,3677994124.0,16.172174620725233,1.8372674173541277,0.033699460385053004,0.04626768253261196,-0.060228606854421794,16.172174620725233,-0.036328653049608535,0.0,-79.14714160422344,11.50123618883228,0.0,0.6336178594878529,0.0,0.0,1.6960920093936291,-0.026460283663974224,-224.55856278311288,0.0,0.5241935483870968,-1.4718894698544494,0.0,1.094470789936825,0.0,0.36829648754773814,-0.1984054791588635,0.9307195878016792,-1.0,5.549555716715217,Other Precious Metals & Mining,Basic Materials,AUMN
2011Q2,2011,Q2,2011-08-08,2011-06-30,-18591000.0,0.0,-18689000.0,-1.24,0.0,0.0,102850000.0,97885000.0,87764000.0,4209000.0,4965000.0,0.0,-88066000.0,6664506737.0,6579508737.0,6.5285975717365385,20.851508671893562,0.0,0.0,-0.19109259024876815,6.5285975717365385,-0.18992695510037289,0.0,-89.62006800333495,68.08506652704705,0.0,0.0,0.0,0.0,20.470658113566166,-0.18075838599902772,-339.26424032783547,0.0,-0.14814814814814806,-0.12494696883619374,0.0,-0.004106478589024901,0.0,-0.16740973312401883,-0.18389712403395414,-1.304034525902136,-1.0,2.1271618902319527,Other Precious Metals & Mining,Basic Materials,AUMN
2011Q1,2011,Q1,2011-05-03,2011-03-31,-15925000.0,0.0,-15786000.0,-1.08,0.0,0.0,122234000.0,116933000.0,108253000.0,4522000.0,5301000.0,0.0,-69475000.0,8113021533.0,8008693533.0,7.912738397017638,23.939186200796108,0.0,0.0,-0.13569911812847874,7.912738397017638,-0.13618909974087726,0.0,-127.36297540031397,69.38179584035302,0.0,0.0,0.0,0.0,23.461300309597522,-0.13028290001145343,-484.8515826809299,0.0,-0.28571428571428586,0.08509227475046237,0.0,0.41275491280329024,0.0,-0.28916052780701046,-0.28508629111038747,-0.2678480172021997,-1.0,6.020641588810366,Other Precious Metals & Mining,Basic Materials,AUMN
2010Q4,2010,Q4,2011-02-17,2010-12-31,-12353000.0,0.0,-12284000.0,-0.84,0.0,0.0,135618000.0,131818000.0,123286000.0,2998000.0,3800000.0,0.0,-53550000.0,9864192847.5,10334235847.5,8.919991362729691,41.122748498999336,0.0,0.0,-0.09251505897678285,8.919991362729691,-0.09371254305178352,0.0,-199.63152366833967,74.83191102504969,0.0,0.0,0.0,0.0,40.557371581054035,-0.09108672890029347,-776.8304337297212,0.0,0.26956521739130435,0.5453048299184418,0.0,0.42299959949520416,-1.0,-0.20493562231759657,-0.18377180302592272,-1.2522093580220446,-1.0,7.2485934752653,Other Precious Metals & Mining,Basic Materials,AUMN
2010Q3,2010,Q3,2010-11-03,2010-09-30,-10252000.0,98000.0,-10377000.0,-1.15,67000.0,0.6836734694,43018000.0,39693000.0,32171000.0,2741000.0,3325000.0,0.0,-41197000.0,3463009852.0,3432741852.0,4.450119378407128,11.736957314848596,0.0,0.0,-0.2609224689680211,4.450119378407128,-0.25828231678129643,35336.8352244898,-84.44717742879439,87.24485052780088,0.0,0.0,0.0,0.002278116137430843,11.16490331995622,-0.23831884327490818,-363.72333284318876,0.6836734693877551,-1.8048780487804879,-1.3176656742933797,0.0,-0.3818862059594649,-0.9904653479436459,-1.8242424242424242,-2.9411317888340296,0.6363202759485274,0.0,1.9278734414863583,Other Precious Metals & Mining,Basic Materials,AUMN
2010Q2,2010,Q2,2010-08-05,2010-06-30,-3630000.0,7945000.0,-2633000.0,-0.41,7027000.0,0.8844556325,52358000.0,49312000.0,41889000.0,2420000.0,3046000.0,0.0,-30945000.0,1813507030.0,1779743030.0,5.540270775790707,17.309504132231407,0.0,0.0,-0.07352913571779553,5.540270775790707,-0.07361291369240752,228.257650094399,-124.89717837465565,36.776180848475015,0.0,0.0,0.0,0.15174376408571755,16.49586776859504,-0.06933037931166201,-309.2083597612958,0.8844556324732537,0.7388535031847134,-2.4660316755778866,0.0,-0.22977242077271634,3.5160668380462723,0.4843017474073022,0.6273705066515709,0.856975929784161,0.0,3.462415189171808,Other Precious Metals & Mining,Basic Materials,AUMN
2010Q1,2010,Q1,2010-05-04,2010-03-31,-7039000.0,3173000.0,-7066000.0,-1.57,1556000.0,0.4903876458,56532000.0,52360000.0,47426000.0,3532000.0,4172000.0,0.0,-27315000.0,893803792.5,853185792.5,11.642991546156367,13.427519818799547,0.0,0.0,-0.14623082971433088,11.642991546156367,-0.13443468296409472,281.6904483138985,-31.744700685466686,17.07035508976318,0.0,0.0,0.0,0.0561275030071464,13.017553793884485,-0.12451354984787377,-224.91288185707097,0.4903876457611094,0.5436046511627907,-6.689203753784298,0.0,0.6241526131872426,-0.9601984959328798,0.5445192183253527,-1.2435543912863642,-1.8192495624281988,0.0,67.98542876347794,Other Precious Metals & Mining,Basic Materials,AUMN
2009Q4,2009,Q4,2010-03-29,2009-12-31,-15454000.0,99049000.0,29012000.0,-3.44,39094000.0,0.3946935355,21700000.0,17800000.0,12600000.0,2500000.0,3900000.0,0.0,-20300000.0,1090553055.0,1081953055.0,3.958083451519926,5.04,0.0,0.0,-3.715634104662283,3.958083451519926,-0.8682022471910112,11.010237912548334,-17.641922075190887,61.26702556179775,0.0,0.0,0.0,4.564470046082949,4.2,-0.7121658986175116,-138.57090914866578,0.39469353552282205,-0.6699029126213591,-27.00777819408433,0.0,-0.4547332476698274,25.54039375424304,-1.5169381107491857,6.2874065974120645,0.571151598741205,0.0,3.2459679914399464,Other Precious Metals & Mining,Basic Materials,AUMN
2009Q3,2009,Q3,2009-11-02,2009-09-30,-6140000.0,2652000.0,-5487000.0,-2.06,1473000.0,0.5554298643,28496000.0,24325000.0,16240000.0,2743000.0,3377000.0,0.0,-13314000.0,466833593.75,453284593.75,8.141618985619541,5.920524972657674,0.0,0.0,-0.23650994894950547,8.141618985619541,-0.25241521068859196,176.03076687405732,-19.007882481677527,19.191514645426516,0.0,0.0,0.0,0.09306569343065693,5.168064163324827,-0.21546883773161146,-82.52317372282128,0.5554298642533937,0.05069124423963128,-5.699115896091118,0.0,0.11813805631554114,-0.31264582361175924,0.05407487290093976,-0.19023861171366593,-2.6506266958661002,0.0,0.05442734499799171,Other Precious Metals & Mining,Basic Materials,AUMN
2009Q2,2009,Q2,2009-08-10,2009-06-30,-6491000.0,3147000.0,-4610000.0,-2.17,2143000.0,0.6809659994,34773000.0,30522000.0,22085000.0,3655000.0,4251000.0,0.0,-7174000.0,182998768.75,167340768.75,10.215765454432873,6.042407660738714,0.0,0.0,-0.15551895952890102,10.215765454432873,-0.21266627350763384,58.15022839211948,-7.048173191727006,5.995634910883953,0.0,0.0,0.0,0.09050125097058062,5.68344733242134,-0.18666781698444196,-19.64560050993022,0.6809659993644741,-1.6497005988023952,-14.83288638686888,0.0,0.39560835599623995,0.44699527346387574,-1.0281097888409638,0.5570714834742506,-0.9710383731457087,0.0,0.5583461104063144,Other Precious Metals & Mining,Basic Materials,AUMN
2009Q1,2009,Q1,2009-05-11,2009-03-31,230916000.0,1561000.0,-10408000.0,3.34,1481000.0,0.9487508008,44189000.0,35578000.0,26288000.0,8128000.0,8611000.0,0.0,-683000.0,1327518720.0,1303145720.0,0.6030084457114097,3.234251968503937,0.0,0.0,-0.2923105168056956,0.6030084457114097,6.490415425262803,850.4283920563742,1.4372312009561918,37.312910225420204,0.0,0.0,0.0,0.035325533503813164,3.032234251968504,5.225644391138066,-67.46893270990039,0.948750800768738,8.277777777777779,21.226469273301863,0.0,-0.9242787078836093,1.0916063586317808,8.163333333333334,-1.182811374773857,4.3227986695104565,0.0,-0.8923377595218164,Other Precious Metals & Mining,Basic Materials,AUMN
2008Q4,2008,Q4,2009-03-16,2008-12-31,25200000.0,74192000.0,56933000.0,0.36,-16167000.0,-0.2179075911,606347000.0,-199080000.0,168522000.0,581131000.0,654635000.0,75008000.0,-880020000.0,1327518720.0,1877356720.0,-3.374189706341768,0.289989692513392,0.9624208580235409,-2.931288929073739,0.1711892147080076,-3.374189706341768,-0.12658227848101267,17.893017036877293,13.169828571428571,-6.668267631103074,0.0,1.204658169795222,0.0,0.12235897926434863,0.10407636144001955,0.0415603606515741,-16.53343031148419,-0.217907591114945,1.042452830188679,8.018918207707443,0.0,-2.0282840040639196,-1.6542960055040674,1.0504050405040504,1.125403359919295,1.2323274837071465,0.0,-1.5382819787031534,Other Precious Metals & Mining,Basic Materials,AUMN
2008Q3,2008,Q3,2008-11-10,2008-09-30,-499950000.0,148789000.0,-453999000.0,-8.48,24709000.0,0.166067384,721343000.0,-209565000.0,251795000.0,846608000.0,930908000.0,76618000.0,-890300000.0,1326483450.0,1878231450.0,-3.554671187190462,0.29741627766333417,0.8119868079401893,-2.7949371316775227,-1.1887911178106025,-3.554671187190462,2.385656001717844,8.915198368158936,-0.6633080558055805,-6.3296993772815116,-0.13851385138513853,1.619462789422851,0.05220570222719326,0.2062666443009775,0.05813906790391775,-0.6930822091570862,-16.08346104880267,0.16606738401360316,-3.4367816091954024,-161.7864201731445,0.0,-1.908709210606872,9.44174923129484,-3.080013646254145,-3.222217327459618,-16.099826694708057,0.0,-1.4937376072970274,Other Precious Metals & Mining,Basic Materials,AUMN
2008Q2,2008,Q2,2008-08-11,2008-06-30,240359000.0,59678000.0,204300000.0,3.48,-2927000.0,-0.0490465498,1422722000.0,123040000.0,263522000.0,453526000.0,1299682000.0,96062000.0,-558522000.0,1326048187.5,1829611187.5,2.087706937120639,0.5810515824892067,0.4117114938828527,4.760655071521456,0.27535831653644344,2.087706937120639,1.9535029258777634,22.220050730587488,1.3792370865039378,10.777374735858258,0.0,0.651714517707314,0.0,0.04194635353920161,0.19932705070933088,0.16894305422984954,-347.5879914809961,-0.04904654981735313,5.094117647058824,37.07947315711543,0.0,-0.4618960351511043,-1.0431233885819522,5.7999800299550675,9.222651533446028,35.660205131153155,0.0,-0.709759770706344,Other Precious Metals & Mining,Basic Materials,AUMN
2008Q1,2008,Q1,2008-05-12,2008-03-31,-50075000.0,136853000.0,-24846000.0,-0.85,67875000.0,0.4959701285,1351499000.0,-92851000.0,220896000.0,433017000.0,1444350000.0,54360000.0,-771036000.0,1325566485.0,1879474485.0,-1.5760412801927473,0.5101323966495541,0.4339263292092706,-6.316043984448202,-0.06437303243080539,-1.5760412801927473,0.5393049078631356,9.686060846309545,-6.617905566650025,-14.276275807476495,0.0,1.2689109639440765,0.0,0.10126015631532098,0.13898530542680773,-0.03705145175838088,-3133.726914893617,0.49597012853207456,-1.256797583081571,-8.131935580106163,0.0,-1.405397349415674,4.503973402530003,-1.2564489944331492,-1.1257140544123376,-3.175489739907013,0.0,-1.219851706803055,Other Precious Metals & Mining,Basic Materials,AUMN
2007Q4,2007,Q4,2008-02-29,2007-12-31,195263000.0,45932000.0,197639000.0,3.31,12332000.0,0.2684838457,1324911000.0,-84101000.0,168808000.0,368914000.0,1409012000.0,44211000.0,-761783000.0,1325566485.0,1872966485.0,-1.4275198727584004,0.45758089961346005,0.4439060435002804,-6.993210544464394,0.38669930122392127,-1.4275198727584004,-2.3217678743415653,28.859324327266393,1.697155227820939,-15.761601942901986,0.0,0.7599918572301011,0.0,0.03466798901963981,0.27529993440205575,0.14737820125276338,-23.899152348327775,0.26848384568492556,2.04746835443038,29.36622693150641,0.0,-1.3664705370599457,5.1452100840336135,2.053528072428268,2.3050043909750606,28.013058977941903,0.0,-1.1966555618242087,Other Precious Metals & Mining,Basic Materials,AUMN
2007Q3,2007,Q3,2007-11-09,2007-09-30,-185342000.0,0.0,-151447000.0,-3.16,-2975000.0,0.0,1365986000.0,-281261000.0,202363000.0,369290000.0,1646071000.0,28376000.0,-957046000.0,1319499157.5,1827913157.5,-4.796041334342421,0.5479785534403856,0.43231555813895606,-2.0996049932269316,-0.4907255392079939,-4.796041334342421,0.6589680048069231,0.0,-1.7798167138317273,-4.6913690753428305,0.0,0.10484212010149423,0.0,0.0,0.3778250155704189,-0.135683674649667,-15.446468878769432,0.0,-0.11267605633802827,-23.35836543961265,0.0,-2.217193839067144,0.1815680880330124,-0.1081932710302726,-0.05319267305525807,-9.302400783182586,0.0,-1.6586695281445372,Other Precious Metals & Mining,Basic Materials,AUMN
2007Q2,2007,Q2,2007-08-09,2007-06-30,-167247000.0,0.0,-143798000.0,-2.84,-3635000.0,0.0,1385002000.0,-131963000.0,405470000.0,259658000.0,1515901000.0,12691000.0,-805205000.0,1319668920.0,1752270920.0,-2.2499336424472283,1.5615540441657874,0.4214853119345676,-4.423649053143684,-0.31837099057449253,-2.2499336424472283,1.2673779771602647,0.0,-1.9726346660926655,-10.000294931154945,0.0,0.2864234496887558,0.0,0.0,1.325362592332992,-0.12075578230211942,-14.881917542514321,0.0,-2.4947368421052634,-14.876102376598263,0.0,-1.5594182499504776,-0.3310142804833394,-2.4935568276194644,-2.283612732758467,-19.78099925537361,0.0,-1.3073706229692141,Other Precious Metals & Mining,Basic Materials,AUMN
2007Q1,2007,Q1,2007-05-09,2007-03-31,111979000.0,0.0,112026000.0,1.9,-2731000.0,0.0,1327373000.0,9892000.0,437668000.0,148157000.0,1316691000.0,9634000.0,-661360000.0,1318740705.0,1716125705.0,0.1687746492969594,2.954082493571009,0.4107187655617524,55.112919530934086,0.20173498506875867,0.1687746492969594,11.3201577031945,0.0,2.944169676903705,133.31386019005257,0.0,0.28347519202823335,0.0,0.0,2.504032884035179,0.08436136639814129,-15.455683102058037,0.0,1.2383939774153074,34.275268832941265,0.0,-0.9560005310553547,0.1341154090044388,1.2384282079398707,1.2420320790915533,10.87378986775766,0.0,-0.9788065414138948,Other Precious Metals & Mining,Basic Materials,AUMN
