Quarters,Year,Quarter,FillingDate,Date,NetIncome,Revenue,OperatingIncome,EPSDiluted,GrossProfit,GrossProfitRatio,TotalAssets,CommonStockEquity,CurrentAssets,CurrentLiability,TotalLiability,Inventory,RetainedEarnings,MarketCap,EnterpriseValue,bookValuePerShare,currentRatio,debtToAssets,debtToEquity,roic,shareholdersEquityPerShare,roe,priceToSalesRatio,peRatio,pbRatio,payoutRatio,inventoryTurnover,dividendYield,assetTurnover,quickRatio,returnOnAssets,priceToFreeCashFlowsRatio,grossProfitMargin,epsdilutedGrowth,fiveYNetIncomeGrowthPerShare,fiveYRevenueGrowthPerShare,fiveYShareholdersEquityGrowthPerShare,grossProfitGrowth,netIncomeGrowth,operatingIncomeGrowth,threeYNetIncomeGrowthPerShare,threeYRevenueGrowthPerShare,threeYShareholdersEquityGrowthPerShare,Industry,Sector,Symbol
2023Q1,2023,Q1,2023-05-12,2023-03-31,3377049.0,0.0,6380114.0,0.0783,0.0,0.0,353107702.0,335685726.0,344445.0,5346976.0,17421976.0,0.0,-16049482.0,436856250.00000006,440033019.00000006,7.784016834782609,0.06441865458158032,0.009345590541664254,0.00983062353982844,0.014522496553549579,7.784016834782609,0.010060150725622453,0.0,32.34008819534452,1.3013846469003572,0.0,0.0,0.0,0.0,0.02304685863561011,0.009563793088829311,-4860.655236103076,0.0,4.317796610169491,0.0,0.0,12025.30600973913,0.0,6.165376266971638,31.13240072543167,0.0,0.0,12025.30600973913,Shell Companies,Financial Services,ACRO
2022Q4,2022,Q4,2023-04-05,2022-12-31,471301.0,0.0,-211736.0,-0.0236,0.0,0.0,348536442.0,332308677.0,530763.0,4152765.0,16227765.0,0.0,-15611853.0,343275000.0,346468607.0,9.632135565217391,0.1278095437618069,0.00946816344673651,0.009930526129475698,-0.0002789991714314057,9.632135565217391,0.0014182626955600078,0.0,182.08904712699527,1.0330004112411424,0.0,0.0,0.0,0.0,0.025619797893692516,0.0013522287577607164,-346.5072193420224,0.0,-2.18,1.4078567923733658,0.0,-0.3049612047502124,0.0,-0.5374409043487136,0.5517866215071973,1.4078567923733658,0.0,-0.3049612047502124,Shell Companies,Financial Services,ACRO
2022Q3,2022,Q3,2022-11-10,2022-09-30,1018899.0,0.0,-472400.0,0.02,0.0,0.0,348035240.0,331837376.0,797841.0,4122864.0,16197864.0,0.0,-15168506.0,418528125.0,421679059.0,7.694779733333333,0.19351620621005206,0.009481798452363617,0.00994463022754857,-0.0011989414020888221,7.694779733333333,0.0030704769073390936,0.0,102.69126895796344,1.2612446796830987,0.0,0.0,0.0,0.0,0.03615593432138436,0.002927574230701466,-1800.3377826146805,0.0,2.7735849056603774,2.3738979346009565,0.0,-0.33906238339187766,0.0,3.4305157561974666,0.4882843769667309,2.3738979346009565,0.0,-0.33906238339187766,Shell Companies,Financial Services,ACRO
2022Q2,2022,Q2,2022-08-04,2022-06-30,229973.0,0.0,-923169.0,0.0053,0.0,0.0,346518982.0,330818477.0,909718.0,3625505.0,15700505.0,0.0,-14182386.0,417018750.0,419982213.0,7.671153089855072,0.2509217336619312,0.00865753438003578,0.009068417300040953,0.0040887075885809076,7.671153089855072,0.0006951637105807727,0.0,453.33446752444854,1.2605666823138177,0.0,0.0,0.0,0.0,0.010077768476391564,0.0006636663846599896,-1137.087142767551,0.0,1.2345132743362832,0.0,0.0,11850.931523826086,0.0,1.2364369497697554,0.36043382775749433,0.0,0.0,11850.931523826086,Shell Companies,Financial Services,ACRO
2022Q1,2022,Q1,2022-05-16,2022-03-31,-972661.0,0.0,-1443430.0,-0.0226,0.0,0.0,346660861.0,330974024.0,1437117.0,3611837.0,15686837.0,0.0,-14026839.0,418743750.00000006,421340470.00000006,7.674759976811594,0.397890879350314,0.008653991083233363,0.00906415543958217,-0.0037215684260756905,7.674759976811594,-0.002938783498006478,0.0,-107.6283900557337,1.265186146451179,0.0,0.0,0.0,0.0,0.11165509406985974,-0.0028057998736696153,-407.69084354076637,0.0,0.3253731343283583,0.0,0.0,11856.504164173912,0.0,-0.21179702489223332,-0.6508304302774811,0.0,0.0,11856.504164173912,Shell Companies,Financial Services,ACRO
2021Q4,2021,Q4,2022-03-28,2021-12-31,-802660.0,0.0,-874366.0,-0.0335,0.0,0.0,346735255.0,332103608.0,1668434.0,2556647.0,14631647.0,0.0,-12897255.0,232930478.52,234500087.52,13.858414279962215,0.6525867669647003,0.0057680895471676225,0.00602221701849141,-0.002505151046926426,13.858414279962215,-0.0024168963560311577,0.0,-72.5495472927516,0.701378945934246,0.0,0.0,0.0,0.0,0.1683419729043548,-0.0023149073779647816,-508.1214151369393,0.0,-0.675,0.0,0.0,0.0,0.0,-0.6321160818315097,-0.6725986544468866,0.0,0.0,0.0,Shell Companies,Financial Services,ACRO
2021Q3,2021,Q3,2021-11-15,2021-09-30,-491791.0,0.0,-522759.0,-0.02,0.0,0.0,347376722.0,332942121.0,2345754.0,2359601.0,14434601.0,0.0,-12058742.0,276826955.68,277938149.68,11.642217873484508,0.9941316349670982,0.0057574381739948595,0.006007050096253817,-0.0015607442815470797,11.642217873484508,-0.0014771065869433806,0.0,-140.7238825436008,0.8314566953815976,0.0,0.0,0.0,0.0,0.376676395712665,-0.001415728138513553,-164.02169264806435,0.0,0.0,0.0,0.0,0.0,0.0,0.0,0.0,0.0,0.0,0.0,Shell Companies,Financial Services,ACRO
2021Q2,2021,Q2,2021-08-23,2021-06-30,0.0,0.0,0.0,0.0,0.0,0.0,1230487.0,25000.0,1230487.0,1205487.0,1205487.0,0.0,-465.0,375435000.0,375410000.0,0.0006472491909385113,1.0207385065123058,0.0,0.0,,0.0006472491909385113,0.0,0.0,0.0,15017.400000000001,0.0,0.0,0.0,0.0,0.020738506512305816,0.0,0.0,0.0,0.0,0.0,0.0,0.0,0.0,0.0,0.0,0.0,0.0,0.0,Shell Companies,Financial Services,ACRO
2021Q1,2021,Q1,2021-03-31,2021-03-31,0.0,0.0,0.0,0.0,0.0,0.0,834714.0,25000.0,834714.0,809714.0,809714.0,0.0,-465.0,375435000.0,375410000.0,0.0006472491909385113,1.030875099109068,0.0,0.0,,0.0006472491909385113,0.0,0.0,0.0,15017.400000000001,0.0,0.0,0.0,0.0,0.03087509910906814,0.0,0.0,0.0,0.0,0.0,0.0,0.0,0.0,0.0,0.0,0.0,0.0,0.0,Shell Companies,Financial Services,ACRO
