Quarters,Year,Quarter,FillingDate,Date,NetIncome,Revenue,OperatingIncome,EPSDiluted,GrossProfit,GrossProfitRatio,TotalAssets,CommonStockEquity,CurrentAssets,CurrentLiability,TotalLiability,Inventory,RetainedEarnings,MarketCap,EnterpriseValue,bookValuePerShare,currentRatio,debtToAssets,debtToEquity,roic,shareholdersEquityPerShare,roe,priceToSalesRatio,peRatio,pbRatio,payoutRatio,inventoryTurnover,dividendYield,assetTurnover,quickRatio,returnOnAssets,priceToFreeCashFlowsRatio,grossProfitMargin,epsdilutedGrowth,fiveYNetIncomeGrowthPerShare,fiveYRevenueGrowthPerShare,fiveYShareholdersEquityGrowthPerShare,grossProfitGrowth,netIncomeGrowth,operatingIncomeGrowth,threeYNetIncomeGrowthPerShare,threeYRevenueGrowthPerShare,threeYShareholdersEquityGrowthPerShare,Industry,Sector,Symbol
2023Q3,2023,Q3,2023-05-15,2023-03-31,153294.0,8298771.0,128435.0,0.0038,6104009.0,0.7355316829,34734721.0,29908125.0,25955508.0,3659925.0,4826596.0,2386259.0,17753682.0,71456066.43,63115244.43000001,0.7408381666496948,7.0918141765200104,0.04368697822562041,0.05073721605750946,0.004904513432474298,0.7408381666496948,0.005125496834054291,8.610439597622348,116.53434972993072,2.3891857623973416,0.0,0.9197501193290418,0.0,0.23891860251303013,5.846079359549718,0.004413278575060384,-300.6284112011915,0.7355316829443781,-0.1555555555555555,-0.8712439193605317,-0.16356434672514675,0.5563238047772516,-0.06684992296631218,-0.15677085052311956,-0.5612344945152177,1.5819647018986476,0.27287437271877873,0.5965507189799129,Asset Management,Financial Services,MGLD
2023Q2,2023,Q2,2023-02-14,2022-12-31,181794.0,8772248.0,292719.0,0.0045,6541294.0,0.7456804687,35216847.0,29754830.0,26165190.0,4204784.0,5462017.0,2583935.0,17600388.0,60555988.5,47689098.5,0.73704097820152,6.222719169403232,0.04862865775576104,0.057555294384138644,0.005625318344436151,0.73704097820152,0.006109730756317546,6.903132298585266,83.27555983695831,2.0351649967417056,0.0,0.8633940095242334,0.0,0.2490923733178044,5.1842168349194635,0.005162131635464129,535.7088128875874,0.7456804686780402,-0.55,7.022187357233878,-0.12796562299199224,0.3635345972542357,-0.05193471412355224,-0.6343409068966627,-0.6233148713408451,3.248887189104447,0.4024696615287597,0.5795579539040653,Asset Management,Financial Services,MGLD
2023Q1,2023,Q1,2022-11-14,2022-09-30,497168.0,8923288.0,777092.0,0.01,6899624.0,0.7732154336,34937483.0,29229383.0,25416519.0,4484729.0,5708100.0,2283538.0,17418594.0,50463323.75,38715803.75,0.7240254116238232,5.667347792921267,0.04645995820591884,0.055532954629935224,0.016675061343551126,0.7240254116238232,0.01700918558561431,5.655238713577327,25.37538807304573,1.726458740165675,0.0,0.8861967700997312,0.0,0.2554072942232272,4.753440620380853,0.014230218015419141,58.01855844990509,0.7732154335935364,-0.6551724137931035,466.29555612630696,-0.037756091814404875,0.3214313474840527,-0.11574627712099493,-0.5612881592241749,-0.5317546636715368,27.73115929289835,0.4011352339680107,0.5764415056312612,Asset Management,Financial Services,MGLD
2022Q4,2022,Q4,2022-09-28,2022-06-30,1133245.0,9865299.0,1659583.0,0.029,7802765.0,0.7909304117,35310577.0,29039274.0,25238382.0,4807649.0,6271303.0,2200742.0,16921426.0,54648455.4,43630389.4,0.7439365541519039,5.249630744673748,0.05373896892140845,0.06534440220509645,0.036298837529659116,0.7439365541519039,0.03902456376836418,5.539462655921528,12.055745977259992,1.8818809106591299,0.0,0.9371993627603781,0.0,0.2793865135650431,4.403768869149974,0.032093641517101236,47.52428059337024,0.7909304117391678,0.2946428571428572,-0.5282161397820365,-0.014320424297963142,0.6658753290575009,0.15969924494661775,0.30237986333139494,0.5902222750300158,7.660105394120065,0.38336164850293436,0.6150126833204702,Asset Management,Financial Services,MGLD
2022Q3,2022,Q3,2022-05-16,2022-03-31,870134.0,8793688.0,1043617.0,0.0224,6728266.0,0.7651244847,34070086.0,28262184.0,26417951.0,4211698.0,5807902.0,2288099.0,15788181.0,72230614.5176,58796307.5176,0.7278144981805529,6.272517877587615,0.0806101281928082,0.09717557567384034,0.021559409586292218,0.7278144981805529,0.03078792495300434,8.213915994927271,20.75272731487334,2.555733644561935,0.0,0.902680347310147,0.0,0.25810583513056,5.336483290112444,0.02553953048430814,-221.30494513412074,0.7651244847440574,-0.15789473684210523,6.69741068077837,2.1948148705347528,10.883934558024805,-0.04255563786924115,-0.1497075737661665,-0.2132937323086317,1.3163102320812794,-0.0673099357513021,0.24713686791691683,Asset Management,Financial Services,MGLD
2022Q2,2022,Q2,2022-02-14,2021-12-31,1023335.0,9445116.0,1326565.0,0.0266,7027318.0,0.7440160608,30876434.0,24328396.0,22742235.0,4799529.0,6548038.0,2144681.0,14918047.0,83486755.03,73106306.03,0.6323472423982652,4.738430583501006,0.09408479619116637,0.1194079132878304,0.04225172149124379,0.6323472423982652,0.042063397849985674,8.839145546756653,20.395753841606123,3.431658833159408,0.0,1.1273462113946084,0.0,0.30590048060601815,3.976836268725535,0.03314291410724438,-36.117577268186785,0.7440160607873954,0.18749999999999994,-0.22651278658770396,-0.1492178588125239,0.5479647431300235,0.04444711311948725,0.17606598523905514,0.27112245201065144,11.448091246690147,0.08375140882377621,0.08257197193813152,Asset Management,Financial Services,MGLD
2022Q1,2022,Q1,2021-11-15,2021-09-30,870134.0,8793688.0,1043617.0,0.0224,6728266.0,0.7651244847,34070086.0,28262184.0,26417951.0,4211698.0,5807902.0,2288099.0,15788181.0,84264519.92,70830212.92,0.7278144981805529,6.272517877587615,0.0806101281928082,0.09717557567384034,0.021559409586292218,0.7278144981805529,0.03078792495300434,9.58238681199515,24.21021357629974,2.981528954733293,0.0,0.902680347310147,0.0,0.25810583513056,5.336483290112444,0.02553953048430814,-258.1752222681802,0.7651244847440574,0.24444444444444452,-0.36589465332743676,-0.10681418175686828,0.628959689526666,-0.10047526665482143,0.2512496189309359,0.3484381965126721,9.053311300553927,0.23312851796683978,0.42514963942142425,Asset Management,Financial Services,MGLD
2021Q4,2021,Q4,2021-09-22,2021-06-30,695412.0,9649078.0,773945.0,0.018,7479801.0,0.775182976,31507680.0,25286664.0,24109135.0,5064223.0,6221016.0,1951792.0,15775705.0,83486755.03,69532829.03,0.6572546850129983,4.760677995420028,0.06725436465014244,0.0838002592987355,0.0237288109387132,0.6572546850129983,0.027501136567480787,8.652303881262023,30.013414720338442,3.301612068321863,0.0,1.1114283694164133,0.0,0.3062452709942465,4.148805453472329,0.022071190262183696,44.802203131607364,0.7751829760314923,-0.6880415944540728,4.4662695803378565,-0.6260162583469632,-0.23113710480691677,-0.10377603102646975,-0.686671466689255,-0.7302023660912086,-0.39580998839899606,0.01333267876997054,0.1444324944626483,Asset Management,Financial Services,MGLD
2021Q3,2021,Q3,2021-05-14,2021-03-31,2219434.0,10745057.0,2868613.0,0.0577,8345906.0,0.7767204958,27891229.0,21442044.0,20426174.0,4753720.0,6449185.0,1849104.0,12145696.0,81185166.23,70122532.23,0.573124840912209,4.296882020817381,0.06567476822193816,0.08542795640191765,0.08838413613177354,0.573124840912209,0.10350850879701581,7.5555826488403,9.144805187944314,3.7862605929733193,0.0,1.2974667730965916,0.0,0.38524860270589006,3.8330930303004807,0.07957462182824572,90.83278927753481,0.7767204957591197,0.4425,989.0373737629815,-0.09862186161686518,-0.30526424266038443,0.10049160064653621,0.6418506452195166,0.6506839264762494,1.0115633516754448,0.1686282157386894,0.20399821874000862,Asset Management,Financial Services,MGLD
2021Q2,2021,Q2,2021-02-16,2020-12-31,1351788.0,9961822.0,1737833.0,0.04,7583798.0,0.7612862386,29697577.0,23091264.0,21630832.0,4447012.0,6606313.0,1893717.0,13497484.0,81185166.23,70336582.23,0.6172068766607242,4.864127193720188,0.08328861307439324,0.10711713312878844,0.048523989926081215,0.6172068766607242,0.0585411002186801,8.149630281488667,15.014404298233154,3.515838986986594,0.0,1.25574412649831,0.0,0.33544224836928616,4.222274866809444,0.045518460984207566,103.45169532496395,0.7612862386017337,-0.02676399026763983,5.626497523074349,-0.39265827435148637,-0.2796090212460632,0.0523083617589503,-0.14595579501746264,-0.14825009349074086,49.32058600226137,0.068588191127387,0.1418400806474855,Asset Management,Financial Services,MGLD
2021Q1,2021,Q1,2020-11-16,2020-09-30,1582808.0,9543362.0,2040309.0,0.0411,7206821.0,0.755165842,29973623.0,24656755.0,22284533.0,3290520.0,5316868.0,1925561.0,15080292.0,81319740.95,69340761.95,0.6579602655509935,6.772343884857104,0.07621060690594528,0.09264430781747234,0.05543224789885484,0.6579602655509935,0.06419368647658623,8.521078939476466,12.844220674585925,3.2980715000818233,0.0,1.2134339031586119,0.0,0.31839200753275637,5.885218141813452,0.0528066960740782,22.59087521029694,0.7551658419747674,-0.12553191489361706,699.3287904215645,-0.4057225829258351,-0.23854250093823848,-0.07440601642042198,-0.12583871397099067,-0.046034935081755046,1601.678113296528,0.10864178746139255,0.20085470252769005,Asset Management,Financial Services,MGLD
2020Q4,2020,Q4,2020-09-28,2020-06-30,1810659.0,9025526.0,2138767.0,0.047,7786158.0,0.8626819091,24424325.0,19149896.0,17598802.0,3605599.0,5274429.0,1174603.0,9926262.0,81185166.23,73118976.23,0.5118579692535539,4.880964854938112,0.07152697157444474,0.09122754504776423,0.06938115934976959,0.5118579692535539,0.09455189730534307,8.995062030733722,11.20933955951949,4.239457291569625,0.0,1.0551377784664264,0.0,0.3695302121962429,4.149785375467433,0.0741334305042207,52.92245719146828,0.862681909065466,32.57142857142857,-0.16269413881535486,1.4442113352343597,-0.43381568406018367,0.8283988778094976,31.98584493186621,21.46745593209656,-0.21351790314003002,-0.05912715981748735,0.14618855358310273,Asset Management,Financial Services,MGLD
2020Q3,2020,Q3,2020-05-15,2020-03-31,54892.0,6027850.0,95194.0,0.0014,4258457.0,0.7064636645,22282599.0,17319712.0,15090935.0,3125619.0,4962887.0,1049184.0,8207753.0,80995291.23,76130493.23,0.46402419781755505,4.828142841465962,0.0915215949450062,0.1177467038712884,0.003042288476311058,0.46402419781755505,0.0031693367649531356,13.436845845533648,368.88477023063473,4.676480257292962,0.0,1.6864468005611981,0.0,0.2705182640498983,4.013200585228078,0.0024634469255583697,-383.7311794023869,0.7064636644906559,1.7000000000000002,-0.9840136292239869,-0.6909730452565218,1.4829866039668278,0.045782581607351026,1.7327335344528392,1.901834097540642,1.3739257907755187,1.2783584952977753,6.576701500161357,Asset Management,Financial Services,MGLD
2020Q2,2020,Q2,2020-02-14,2019-12-31,-74914.0,5796536.0,-105556.0,-0.002,4072029.0,0.7024935237,22009100.0,17457137.0,14978530.0,2790742.0,4551963.0,1219403.0,8132839.0,81185166.23,76621197.23,0.4666121786667185,5.367221333967812,0.08943191679805171,0.11275136352541656,-0.0033486026617284507,0.4666121786667185,-0.004291310768770389,14.005807301119152,-270.9278847411699,4.650542997399859,0.0,1.4142223694709624,0.0,0.2633699696943537,4.349957824836549,-0.0034037738935258598,-176.02761066072284,0.7024935237183035,-3.0,0.9228459701209586,-0.5425582645844161,1.6917642057336437,-0.01905080350778382,-3.346368066836853,0.41793036515831616,-1.058228981558906,-0.4630664971424775,0.14225089138010144,Asset Management,Financial Services,MGLD
2020Q1,2020,Q1,2019-11-14,2019-09-30,-17236.0,5901956.0,-181346.0,-0.0005,4151111.0,0.7033449589,21609086.0,17182759.0,14728006.0,2796801.0,4426327.0,1108434.0,8115603.0,81185166.23,76967855.23,0.45927832338688557,5.266018569072308,0.08384681332657938,0.10544598803952264,-0.0007582923437619705,0.45927832338688557,-0.0010030985128756098,13.755637322609658,-1177.5523066546762,4.724803870554199,0.0,1.5795663070602308,0.0,0.2731238146768447,4.169399252932189,-0.0007976274424563815,3612.886219126875,0.7033449588577075,0.8809523809523809,-1.0075795799780032,-0.21015837836066967,-0.6002133746420187,-0.18861808799671625,0.8940639942963209,-103.97898921067575,-1.0130370649236207,-0.3777931327597451,0.02793483358864365,Asset Management,Financial Services,MGLD
2019Q4,2019,Q4,2019-09-30,2019-06-30,-162702.0,6819063.0,1761.0,-0.0042,5116100.0,0.7502643692,21253608.0,17193330.0,15524342.0,3222643.0,4060278.0,1008662.0,8152861.0,80995291.23,75204274.23,0.46063821159742746,4.817270172339908,0.03250262261353461,0.04017825517220922,0.00302507747283731,0.46063821159742746,-0.009463088302266054,11.877774296849875,-124.45343516060036,4.710855385780416,0.0,1.6883386109519343,0.0,0.3208426070528825,3.790431021990335,-0.007655264931958847,158.84326206543548,0.7502643691662623,-1.5599999999999998,0.9719551119377244,-0.7193254830898747,1.5377745955871733,-0.04167310565085252,-1.5689796260937074,-0.9955311260496524,-2.318255423613966,-0.7275734579085543,-0.461140959385694,Asset Management,Financial Services,MGLD
2019Q3,2019,Q3,2019-05-15,2019-03-31,285954.0,7176959.0,394059.0,0.0075,5338575.0,0.7438491707,22947985.0,17250368.0,16713947.0,4807153.0,5697617.0,1085993.0,8176966.0,64143331.629999995,57218726.629999995,0.5835883108773906,3.476890999724785,0.030995924043004212,0.04123355513343251,0.016098235358970744,0.5835883108773906,0.016576689842210904,8.93739697133563,56.078365427656195,3.718374682209678,0.0,1.6928138579162113,0.0,0.3127489842790119,3.187028580118003,0.01246096334819811,-227.08578337693785,0.743849170658492,3.6874999999999996,1.1164853163955146,-0.6539093492309389,2.1052150120845887,0.07966472922304062,3.5273824036984847,3.1110334467001897,162.12112456499295,-0.237984276153976,-0.2925805371014166,Asset Management,Financial Services,MGLD
2019Q2,2019,Q2,2019-02-14,2018-12-31,63161.0,6695940.0,95854.0,0.0016,4944660.0,0.7384564378,22662819.0,17265956.0,16603475.0,4516970.0,5396863.0,1219902.0,8239679.0,64143331.629999995,57059476.629999995,0.5841156604730605,3.6757992636656875,0.030872108187423638,0.04052188016695977,0.0038069826033142254,0.5841156604730605,0.0036581235351231057,9.579436439095929,253.88820486534408,3.7150176700322874,0.0,1.4355907277797724,0.0,0.2954592718584568,2.8740733279167228,0.002786987797060904,138.19705011806678,0.7384564377817006,-0.19999999999999998,1.0240489604335234,-0.646844044313318,1.9398474297760326,0.07153676956582983,-0.1676638026461441,-0.40868824951882743,1.2736011479267204,-0.48330879900656926,-0.318232397814003,Asset Management,Financial Services,MGLD
2019Q1,2019,Q1,2018-11-14,2018-09-30,75884.0,6252244.0,162104.0,0.002,4614550.0,0.7380630059,21795115.0,17386752.0,15879374.0,3533483.0,4408363.0,1212076.0,8315563.0,73878481.11,65842602.11,0.5106933882929148,4.4939720949556,0.03190733336346241,0.03999734970625911,0.004257605338697166,0.5106933882929148,0.004364472444307022,11.816314448060568,243.39281373543827,4.249124914762688,0.0,1.3511479478184536,0.0,0.28686446481241323,3.4031766956286473,0.003481697618938923,551.1468619493454,0.7380630058583766,-0.9130434782608695,1.0289114394697227,-0.7799708998429015,1.7258883529565245,-0.17229346752993308,-0.9141880751685503,-0.7215688632011061,37.851905978378,-0.5714497269774094,-0.4089744767318909,Asset Management,Financial Services,MGLD
2018Q4,2018,Q4,2018-09-28,2018-06-30,884306.0,7315899.0,582205.0,0.023,5575104.0,0.7620531667,23101149.0,16975997.0,16698836.0,5167242.0,6125152.0,931065.0,7611061.0,64143331.629999995,57418913.629999995,0.57430620695684,3.231672911777695,0.03461715259271303,0.047107454130676386,0.05607876655281418,0.57430620695684,0.052091550204680176,8.767662269531058,18.133805388067024,3.7784721350975734,0.0,1.8696814937732598,0.0,0.3166898321810746,2.5651049437978712,0.03827974097738602,101.40933573536921,0.7620531666716558,0.008771929824561351,1.1020558810325851,-0.730805426599243,2.241925155499229,-0.06969358531067733,0.014456742196892523,-0.7817954014019394,-0.4824227175521133,1.5076048666997162,-0.3647394659107549,Asset Management,Financial Services,MGLD
2018Q3,2018,Q3,2018-05-15,2018-03-31,871704.0,7264285.0,2668161.0,0.0228,5992761.0,0.824962264,20292957.0,14070219.0,15597072.0,3125257.0,6222738.0,782268.0,6748079.0,64141218.05,57680439.05,0.47601801397346555,4.990652608729458,0.042802337776599045,0.06173223032278318,0.11377048615946854,0.47601801397346555,0.0619538331279705,8.82966706978044,18.39535497428026,4.558651009625366,0.0,1.6254327161535433,0.0,0.3579707481763254,4.6872836377936276,0.04295598714371691,60.60034017365343,0.8249622640080889,33.57142857142857,3.0347772970072477,-0.6909622966962407,1.783471503178122,0.016419570579950447,40.43826629869248,0.4583071212797786,-0.679422945695995,-0.5297277326328372,1.4954705489011462,Asset Management,Financial Services,MGLD
2018Q2,2018,Q2,2018-02-14,2017-12-31,-22103.0,7365517.0,1829629.0,-0.0007,5895952.0,0.8004804008,21539441.0,15977810.0,14518622.0,4503956.0,5561631.0,926422.0,6725976.0,64143331.629999995,59370081.629999995,0.5405370569149528,3.2235266063878067,0.03964118660275352,0.05343967665155613,-0.004054542071019259,0.5405370569149528,-0.0013833560419106248,8.708598680852953,-725.5048141654979,4.014525872444346,0.0,1.586280334448016,0.0,0.3419548817446098,2.974641404134499,-0.0010261640494755645,111.33366363150367,0.8004804007648071,-1.035,0.9919595430888187,-0.523541093317083,1.7726902442190418,0.103598948577598,-29.373555840821567,17.92869779327326,0.9711880917862284,-0.26430864108980984,1.8013596835702224,Asset Management,Financial Services,MGLD
2018Q1,2018,Q1,2017-11-14,2017-09-30,779.0,6789936.0,96659.0,0.02,5342477.0,0.7868228802,22238588.0,16195747.0,15508381.0,5019793.0,6042841.0,944386.0,6726755.0,64143331.629999995,57893073.629999995,0.5479099712613416,3.089446317806332,0.03664863974277503,0.050322717439337625,0.00018547115493422912,0.5479099712613416,4.8099047237524766e-05,9.446824186560816,20585.151357509625,3.96050467014581,0.0,1.5326984940479846,0.0,0.30532226236665744,2.465975389821851,3.5029202393605205e-05,153.76046741808975,0.7868228802156604,-0.5744680851063829,-0.9999459464872527,-0.5867951803865084,2.5059594082579393,-0.10337008426930934,-0.999571718700004,-0.9670079115614472,-0.9995664179615898,0.15009813615763987,-0.5230624498120718,Asset Management,Financial Services,MGLD
2017Q4,2017,Q4,2017-10-13,2017-06-30,1818898.0,7578829.0,2929763.0,0.047,5958397.0,0.7861896607,19595883.0,13199907.0,15033489.0,3452836.0,6395976.0,444274.0,5876375.0,64141218.05,58104225.05,0.44657396695633844,4.353953967115728,0.0353897295671749,0.05253771863695706,0.22547697309414108,0.44657396695633844,0.13779627386768709,8.463209560474315,8.8159448811863,4.859217421001527,0.0,3.647370766689025,0.0,0.38675618751142776,4.1637986860656,0.09282041539031438,61.336836546268074,0.7861896606982425,1.9161793372319689,-0.4609143299648042,-0.8109497910547718,1.559014821965246,5.150730337658584,16.645626892375446,46.39734411801165,1.3959056805689842,-0.606084601956967,1.521355216378766,Asset Management,Financial Services,MGLD
2017Q3,2017,Q3,2017-05-17,2017-03-31,-116256.0,2095232.0,-64536.0,-0.0513,968730.0,0.4623497541,4637947.0,1810307.0,2263171.0,2827639.0,2827640.0,445576.0,-6547778.0,64143331.629999995,64763531.629999995,0.061243563285114634,0.800374800319277,0.49673142017362426,1.2726095629083907,-0.025023948201478963,0.061243563285114634,-0.0642189418700806,30.6139518821782,-137.93552941353565,35.43229498090655,0.0,2.52819272133149,0.0,0.45175850435548315,1.8089660667433147,-0.025066263154796722,57.794907779832116,0.4623497541083756,-2.943181818181818,-1.2844598665934972,-0.8005274574071055,1.0690327518752,-0.8699968731505625,-1.114374988932024,-1.0219309245201846,0.9526423237902707,-0.8989627492100538,1.1159846835083063,Asset Management,Financial Services,MGLD
2017Q2,2017,Q2,2017-02-21,2016-12-31,1016446.0,8529205.0,2942694.0,0.0264,7451590.0,0.8736558683,16580743.0,12074580.0,12629997.0,4493054.0,4506163.0,496037.0,2228923.0,64141218.05,57672432.05,0.40850235459474565,2.8110049422953742,0.036910288037152496,0.05068499276993486,0.14703482929863698,0.40850235459474565,0.084180650589917,7.5201871745373685,15.77585480438705,5.312086884181478,0.0,2.172448829421999,0.0,0.5144042700619629,2.452772434962945,0.06130280168988808,22.914149325681613,0.8736558682784621,-0.029411764705882304,1.9744691224992463,-0.5079091630553013,1.4427953996400782,0.15513573049070392,-0.02687834902314075,0.18264834677263783,1.3870311605331855,-0.5501395175317737,1.6572840175392558,Asset Management,Financial Services,MGLD
2017Q1,2017,Q1,2016-11-21,2016-09-30,1044521.0,7494138.0,2488224.0,0.0272,6450835.0,0.8607841222,17560756.0,13206503.0,14500251.0,3649331.0,4354253.0,465206.0,3303279.0,64141218.05,59029385.05,0.446797120186588,3.9733997820422426,0.04007879842986259,0.0532929875531774,0.17045243158557646,0.446797120186588,0.0790914142827969,8.558852005394082,15.351825872816343,4.85679048041711,0.0,2.242668839180922,0.0,0.4267548618066329,3.4953296919353165,0.05948041189115093,-1923.6786746843416,0.8607841222032474,7.242424242424241,-0.7290672351514402,-0.6890763990191667,1.5129657232300784,8.075904131463986,138.45540720961282,15.465655522909554,1.458371314264177,-0.6962287660142362,1.6350676024259394,Asset Management,Financial Services,MGLD
2016Q4,2016,Q4,2016-10-21,2016-06-30,7490.0,1519021.0,151116.0,0.0033,710765.0,0.4679099236,4764983.0,1936303.0,2360821.0,2828680.0,2828680.0,436541.0,-6431522.0,4915280.02,5472096.02,0.8548399059470064,0.8346016516537749,0.3393506335699414,0.8350965732119405,0.004219928752561804,0.8548399059470064,0.003868196248211153,3.2358209794334636,164.06141588785047,2.5384870136543713,0.0,1.8515007754139932,0.0,0.31878833565618175,0.6714806906401573,0.0015718838870988627,23.46139719815756,0.4679099235626104,1.1064516129032258,1.0119187137774328,0.09193047884077571,1.947250067653572,3.3398870401465426,56.0735294117647,3.0307741926813865,1.0112802969262298,-0.2706002219005463,2.848573409550433,Asset Management,Financial Services,MGLD
2016Q3,2016,Q3,2016-05-23,2016-03-31,-136.0,721725.0,-74413.0,-0.031,163775.0,0.2269216114,2444643.0,1868601.0,1055966.0,576043.0,576042.0,307654.0,-6442524.0,4915262.66,4440976.66,0.8249537106120794,1.8331374567523604,0.006953980601666583,0.009097715349611821,-0.0379432269981562,0.8249537106120794,-7.278172279689458e-05,6.810437022411584,-9035.409301470587,2.630450620544461,0.0,1.8135632886294344,0.0,0.29522715586693027,1.1340559645720891,-5.563184481333266e-05,-180.38323094425485,0.226921611417091,-2.9743589743589745,0.9951211310617151,4.107143282529632,2.69636054792392,-0.47672542422702974,0.992312040700961,-6.993662047480933,0.9958573597030117,-0.5993355458390914,2.3577799678430726,Asset Management,Financial Services,MGLD
2016Q2,2016,Q2,2016-02-18,2015-12-31,-17690.0,993064.0,-9309.0,-0.0078,312981.0,0.3151669983,2534120.0,1940667.0,1050819.0,593453.0,593453.0,285951.0,-6440305.0,4915280.02,4345392.02,0.8567665265996381,1.770686136897109,0.006708443167647941,0.008759874826541596,-0.013920006846934577,0.8567665265996381,-0.009115422687148284,4.9496105185567085,-69.46410429621254,2.532778688976522,0.0,2.378320061828775,0.0,0.39187725916689026,1.2685806626641032,-0.0069807270373936515,32.027627679676804,0.3151669983002103,-76.99999999999999,0.9389104786729712,0.36437064031969824,2.3542308029792727,0.09452668464177429,-128.12408759124088,-14.317596566523605,0.916022955219041,-0.16169375536453107,2.2247358959168175,Asset Management,Financial Services,MGLD
2016Q1,2016,Q1,2015-11-23,2015-09-30,-137.0,970654.0,699.0,-0.0001,285951.0,0.2945962207,3062535.0,1957233.0,1363906.0,1105302.0,1105302.0,295329.0,-6439012.0,4915280.02,4503299.02,0.8640800916160215,1.2339668253563278,0.15248805319775938,0.2386021490543027,-2.2576665180056513e-06,0.8640800916160215,-6.999677606089821e-05,5.063884782837138,-8969.48908759124,2.511341276179177,0.0,2.3184414669741202,0.0,0.31694462267370005,0.9556184644558682,-4.4734182629749535e-05,-180.38386803185438,0.29459622069244035,-1.0017241379310344,0.9991129091038548,1.1861328830672278,2.265918494034784,0.2790508353275334,-1.001046400611037,1.0114633386358791,-1.000124053859751,-0.2291544039157154,3.374969633171453,Asset Management,Financial Services,MGLD
2015Q4,2015,Q4,2015-10-09,2015-06-30,130925.0,223565.0,-60977.0,0.058,223565.0,1.0,2334259.0,2047758.0,2151328.0,286501.0,286501.0,85849.0,-6349570.0,4915262.66,2962200.66,0.9040483016628861,7.508972045472791,0.007282825084962722,0.008301762219949818,0.06320675316491882,0.9040483016628861,0.06393577756746646,21.98583257665556,9.385645713194577,2.4003142265834145,0.0,0.0,0.0,0.09577557588939359,7.209325621900098,0.05608846319110262,-21.980228510611656,1.0,1.29,2.511892052922241,4.600038880354874,2.5109736692121634,0.6348206973206973,0.7681576317424303,0.22218253715160405,-0.49363637851933645,-0.9272271572988433,2.131674566357944,Asset Management,Financial Services,MGLD
2015Q3,2015,Q3,2015-05-20,2015-03-31,74046.0,420638.0,-78395.0,-0.2,136752.0,0.3251061483,419043.0,-773300.0,397501.0,1192342.0,1192343.0,296763.0,-5055341.0,1746635.17,2109079.17,-0.9607392710407864,0.33337834279091066,0.9155766830611656,-0.49614121298331826,0.20220244453557518,-0.9607392710407864,-0.09575326522694944,4.152347553002819,5.897128710531291,-2.258677317987844,0.0,0.9566084720804143,0.0,1.0038062919557182,0.08152694445050161,0.17670262956307586,933.0316079059828,0.3251061482795183,-4.333333333333334,4.383377498339822,46.186336447028204,-0.5957948348205436,-0.12395741246108313,3.5404329776649397,-6.224243635878982,5.653597745866862,0.4706482881806278,-0.0829297342768913,Asset Management,Financial Services,MGLD
2015Q2,2015,Q2,2015-02-17,2014-12-31,-29147.0,380384.0,15006.0,-0.0375,156102.0,0.410380037,435189.0,-757538.0,414707.0,1192727.0,1192727.0,187696.0,-5084489.0,2437059.73,2732605.73,-0.674524895620839,0.34769649718669904,0.8787653180572119,-0.5048314407990094,-0.057741240356477076,-0.674524895620839,0.03847595764172886,6.406840797720198,-20.9031781143857,-3.217079182826472,0.0,1.1949215753132725,0.0,0.8740662103132202,0.18776886915446703,-0.06697549800201752,22.29310302875072,0.41038003701522674,-1.8640552995391704,0.4490953552751991,45.1320143985779,-0.20867867882912716,0.1414970164970165,-1.2276931489727365,-0.8835977194275297,0.2645576044091249,-0.42239626088169624,0.26884994085306274,Asset Management,Financial Services,MGLD
2015Q1,2015,Q1,2014-11-18,2014-09-30,128010.0,420638.0,128915.0,0.0434,136752.0,0.3251061483,3177425.0,2419453.0,3158323.0,757972.0,757972.0,296763.0,-6480496.0,4570137.18,2233759.1799999997,1.1488086250400038,4.16680695329115,0.0053502443015964185,0.0070263815829445745,0.15407831064489716,1.1488086250400038,0.052908653319572646,10.864774889572505,8.925351886571361,1.8889133948871912,0.0,0.9566084720804143,0.0,0.13238329779617142,3.2050840928160933,0.04028733959102103,-12.308973376247357,0.3251061482795183,1.27125,3.652387278592176,20.455158631378872,3.0588209006553693,-0.3663021316033364,2.0232041372585066,2.0857280016170328,-0.5339889472084925,-0.7550663393557101,2.318941910257834,Asset Management,Financial Services,MGLD
2014Q4,2014,Q4,2014-10-10,2014-06-30,-125107.0,523919.0,-118736.0,-0.16,215800.0,0.411895732,691582.0,-689449.0,667904.0,1381031.0,1381031.0,474034.0,-4893709.0,1746635.17,2146881.17,-0.8565637264707088,0.48362708729927134,0.6083154275270323,-0.610197418518266,0.43903418383433107,-0.8565637264707088,0.1814593972868189,3.3337885627358426,-3.490282658044714,-2.53337834995772,0.0,0.6499934603846982,0.0,0.7575659863906232,0.13872606769869758,-0.18089973423252775,-75.93405660377358,0.41189573197383567,-1.4390243902439024,-3.1909010480401956,41.319060902729625,-0.4900533859641693,0.025953095212060417,-0.8808274576424072,-0.2090503635215771,0.43975853835772677,0.05984272398374522,0.050839762855813556,Asset Management,Financial Services,MGLD
2014Q3,2014,Q3,2014-05-15,2014-03-31,-66517.0,561899.0,-98206.0,-0.0656,210341.0,0.3743395165,345465.0,-422921.0,320466.0,563686.0,768386.0,144708.0,-4626430.0,1738037.63,2093129.63,-0.5280314730584976,0.5685186433581817,1.2105423125352786,-0.9888371587128565,21.123580694830036,-0.5280314730584976,0.15727996481612405,3.093149533990984,-6.532306139783814,-4.1096035193333975,0.0,2.429430301019985,0.0,1.6265005138002402,0.3083684888395312,-0.19254338355549766,-20.580426874755773,0.37433951653233055,0.2620922384701912,-2.953611762319066,71.49124869428255,0.18240817520710534,-0.030494521955963624,0.06529987072115115,-0.3116168496407298,-5.748394340730304,10.244809637516157,-0.08579638764700373,Asset Management,Financial Services,MGLD
2014Q2,2014,Q2,2014-02-14,2013-12-31,-71164.0,513751.0,-74874.0,-0.0889,216957.0,0.4222999079,477126.0,-497784.0,453092.0,770210.0,974910.0,272484.0,-4701294.0,1738037.63,2030335.63,-0.6215005137719601,0.58827073135898,0.613464787079304,-0.5880060427816081,0.34705026470706274,-0.6215005137719601,0.1429616058370699,3.383035030588748,-6.1057473933449495,-3.4915498087523904,0.0,1.0892162475594898,0.0,1.0767616939760147,0.23197958998195298,-0.14915137720434435,-14.193392049259312,0.4222999079320527,-0.15304798962386518,-1.6224339462813298,54.621596994829574,-0.0818747000898202,-0.29185339439180347,-0.15237879327654888,-0.12957682733650147,0.3049943590048086,0.9961671136940875,0.017637695116522245,Asset Management,Financial Services,MGLD
2014Q1,2014,Q1,2013-11-14,2013-09-30,-61754.0,668560.0,-66285.0,-0.0771,306373.0,0.4582580471,648352.0,-563551.0,623246.0,1211903.0,1211903.0,277872.0,-4767810.0,1738211.23,2115206.23,-0.7035426125972043,0.5142705315524427,0.6450199891417008,-0.7420801311682528,0.42337935435697993,-0.7035426125972043,0.10958014447671995,2.5999330351800887,-7.036836601677623,-3.08439028588362,0.0,1.30343107617896,0.0,1.0311682542816247,0.28338819195925746,-0.09524764325551552,72.67680854622235,0.4582580471461051,0.7341379310344828,-2.674698307933863,35.06990556865427,-0.2989545207393045,-0.07585364382239382,0.7369775029175505,-1.4617470103245933,-0.13072855930449204,3.25792698889924,-0.03072344018791013,Asset Management,Financial Services,MGLD
2013Q4,2013,Q4,2013-10-15,2013-06-30,-234786.0,736392.0,-26926.0,-0.29,331520.0,0.4501950048,385295.0,-370380.0,359095.0,550975.0,755675.0,190281.0,-4573889.0,1738037.63,1698593.63,-0.4624322201815619,0.6517446345115477,0.0,0.0,0.08020066146525633,-0.4624322201815619,0.6339057184513203,2.3602071043683255,-1.8506614853526189,-4.6925795939305575,0.0,2.127758420441347,0.0,1.9112420353235833,0.29749807160034486,-0.6093668487782089,-460.16352396081544,0.4501950048343817,-19.863309352517984,0.5825132036227666,290.18201271425966,0.2599441442802265,0.23292969563535748,-19.626021259773346,-6.422070076520338,-6.667573609562015,51.16555658118636,0.22711772456798338,Asset Management,Financial Services,MGLD
2013Q3,2013,Q3,2013-05-28,2013-03-31,-11383.0,624577.0,4966.0,-0.0139,268888.0,0.4305121706,450344.0,-477180.0,432490.0,553826.0,631326.0,49046.0,-4706083.0,1704283.28,1815028.28,-0.6075754026056044,0.7809131387836613,0.45454141722771924,-0.4289785825055535,-0.019602886452635766,-0.6075754026056044,0.023854729871327383,2.7287000321817807,-37.43045067205482,-3.5715731589756485,0.0,7.252151041879053,0.0,1.386888689535111,0.6923546384604551,-0.0252762332794486,85.54780042164441,0.4305121706370872,0.918235294117647,0.7563925130035086,536.1985131058728,0.023069659363181262,0.4638459109567414,0.8441538882803943,1.0393670825868437,0.46695238166284175,70.80491309787641,-0.00918711087107694,Asset Management,Financial Services,MGLD
2013Q2,2013,Q2,2013-02-14,2012-12-31,-73040.0,410741.0,-126146.0,-0.17,183686.0,0.4472063904,411009.0,-549417.0,391258.0,643938.0,721438.0,201982.0,-4778321.0,1704283.28,1674495.28,-0.6995520662503947,0.6076019741030969,0.0,0.0,0.23101867493693848,-0.6995520662503947,0.13294091737241476,4.149289406219491,-5.833390197152245,-3.1019849768026835,0.0,1.1241348238951985,0.0,0.9993479461520307,0.29393513040075286,-0.17770900393908648,-26.665257690020965,0.4472063904017374,-1.3469387755102042,-2.1693366096554527,106.40738277471162,-0.07414406755966678,-0.015616291532690247,-1.1906636420827863,-27.85975749256463,-0.9740935414103828,70.23158762722126,-0.25352477380316124,Asset Management,Financial Services,MGLD
2013Q1,2013,Q1,2012-11-14,2012-09-30,383083.0,436797.0,-4371.0,0.49,186600.0,0.4272007363,287778.0,-285869.0,225425.0,368947.0,573647.0,118531.0,-4614789.0,1705025.42,1901479.42,-0.3638278483848059,0.6109956172566792,0.7113121920369173,-0.7160622522903848,0.10977736397551541,-0.3638278483848059,-1.3400648548810818,3.903473283928232,1.1126997413093245,-5.964359269455589,0.0,2.110814892306654,0.0,1.5178262410608176,0.28972725079754,1.3311754199417607,-21.936076524245113,0.42720073626879307,3.4545454545454546,9.41742718280465,38.711457899650114,-0.27966277753536245,-0.600049725864737,3.2730477072202206,-1.0364614614614616,22.275721492523882,58.71744951086638,0.3479711396934999,Asset Management,Financial Services,MGLD
2012Q4,2012,Q4,2012-10-16,2012-06-30,89651.0,1065196.0,119880.0,0.11,466558.0,0.4380020203,444289.0,-627411.0,437490.0,692664.0,801336.0,37442.0,-4668865.0,1704283.28,1828522.28,-0.7988589021421368,0.6316049339939711,0.5371998856600095,-0.38040773910562614,-0.18376391184318652,-0.7988589021421368,-0.14289038604678592,1.5999715357549222,4.752549553267671,-2.7163745614915897,0.0,15.98840873884942,0.0,2.3975295359552002,0.5613486481179908,0.20178532441721492,27.61180240753042,0.4380020202854686,7.270676691729324,-0.2551642531786015,0.0,-0.4203767703939815,3.273918141511854,7.324914105302256,17.703357949003763,4.077806782571862,87.17831947033596,-0.38967174917512126,Asset Management,Financial Services,MGLD
2012Q3,2012,Q3,2012-05-18,2012-03-31,10769.0,276777.0,-7177.0,0.0133,109164.0,0.3944113853,193919.0,-691000.0,192234.0,733426.0,777118.0,99314.0,-4732454.0,1690178.28,1725299.28,-0.8871667668099485,0.26210415229348294,0.22531056781439673,-0.0632301013024602,0.010320756402931213,-0.8871667668099485,-0.01558465991316932,6.106642820754614,39.23712229547776,-2.4459888277858175,0.0,1.687707674648086,0.0,1.4272814938195844,0.12669308151060912,0.05553349594418288,57.10061756756757,0.3944113853390997,1.3767705382436262,2.091151137263067,0.0,0.21304290404351994,-0.4280145244195734,1.3917994615440588,-2.010486577181208,1.6582083720317817,35.71841938340785,-0.3736686784414495,Asset Management,Financial Services,MGLD
2012Q2,2012,Q2,2012-02-17,2011-12-31,-27486.0,456729.0,-2384.0,-0.0353,190851.0,0.4178648608,135838.0,-718562.0,133010.0,666928.0,745723.0,32312.0,-4760016.0,1690178.28,1668049.28,-0.9225532942004201,0.19943682076625963,0.0,0.0,0.003417197382502088,-0.9225532942004201,0.03825139653919912,3.700615200698883,-15.37308338790657,-2.3521676348039557,0.0,8.228460014855163,0.0,3.3623065710625895,0.15098781277739126,-0.20234396855077372,-418.257431328879,0.4178648607817765,-1.2715384615384615,0.5415751500951111,0.0,0.1815095261301808,-0.35203047494881795,-1.2705581257997833,-1.0189487572826337,-0.04155547899535354,49.84825113815167,-0.605931204179457,Asset Management,Financial Services,MGLD
2012Q1,2012,Q1,2011-11-15,2011-09-30,101590.0,635131.0,125813.0,0.13,294537.0,0.4637421256,243274.0,-678414.0,237012.0,657034.0,750768.0,35624.0,-4719868.0,1690178.28,1732183.28,-0.8710077495493552,0.36073019052286487,0.3853021695701144,-0.13816637038740356,-0.2135013852713003,-0.8710077495493552,-0.14974632009363015,2.6611490857791544,4.159312629195787,-2.4913670413641227,0.0,9.560801706714575,0.0,2.61076399450825,0.30651077417607003,0.41759497521313416,57.10061756756757,0.46374212564022227,1.4814814814814814,8.039358643152951,0.0,0.16462216378715536,1.2938304102675928,1.4701260117265411,1.76559324302944,7.216953102270553,34.24016732655658,-0.6081463064467671,Asset Management,Financial Services,MGLD
2011Q4,2011,Q4,2011-10-13,2011-06-30,-216091.0,478358.0,-164334.0,-0.27,128404.0,0.2684265759,256718.0,-702899.0,254412.0,782096.0,850686.0,140233.0,-4744353.0,1690178.28,1636474.28,-0.9024437528566513,0.3252951044373069,0.0,0.0,0.22629240919670782,-0.9024437528566513,0.30742823648916845,3.5332915515158105,-1.955401057887649,-2.4045819954218173,0.0,2.495518173325822,0.0,1.863359795573353,0.1459910292342628,-0.8417446380853699,45.101488458972646,0.26842657591176483,-20.951219512195124,-5.216427272847924,0.0,0.1903839296767435,9.783003023177695,-20.82957874532781,-77.03133903133903,0.6048755667887187,193.50697601720077,-0.4442306452977599,Asset Management,Financial Services,MGLD
2011Q3,2011,Q3,2011-05-17,2011-03-31,-9899.0,50184.0,-2106.0,-0.0123,11908.0,0.2372867846,106924.0,-391174.0,103158.0,485089.0,498098.0,241771.0,-4409594.0,1745493.75,1698758.75,-0.4863080031080031,0.21265788339871652,0.02814148367064457,-0.007692229033626979,0.0059025497011522795,-0.4863080031080031,0.025305874112287626,34.78187769010043,-44.08257778563491,-4.462192655953617,0.0,0.15831509982586828,0.0,0.4693427107104111,0.14452399456594564,-0.0925797762897011,-35.11282714087425,0.2372867846325522,0.9053846153846153,0.42611365283794733,0.0,0.7027655063689161,-0.9160847045558649,0.9039342416831645,0.9725559696630092,0.7931532482127944,41.14417671928072,0.21805747715710724,Asset Management,Financial Services,MGLD
2011Q2,2011,Q2,2011-02-17,2010-12-31,-103044.0,259004.0,-76738.0,-0.13,141905.0,0.5478872913,306186.0,-509941.0,289150.0,567438.0,629033.0,50673.0,-4551394.0,1749080.76,1760631.76,-0.6326591632052484,0.5095710897049546,0.050933092956568886,-0.030581969286642963,0.16823369652673575,-0.6326591632052484,0.20207043559941248,6.753103272536332,-4.2435288808664255,-3.4299669177414644,0.0,2.3108756142324314,0.0,0.8459041236372662,0.42026970347421216,-0.33654053418510316,-25.427120427981624,0.5478872913159643,-0.9061583577712612,-9.423901615612076,0.0,0.38962828886178613,0.8899499227531831,-0.8726760563380281,-0.9832527847414261,-3.3567459134306765,64.9940026845599,0.028568251414556975,Asset Management,Financial Services,MGLD
2011Q1,2011,Q1,2010-11-22,2010-09-30,-55025.0,158196.0,-38693.0,-0.0682,75084.0,0.4746264128,273608.0,-550864.0,259189.0,587579.0,651486.0,241771.0,-4592317.0,1751281.14,1772919.14,-0.6825716629369971,0.4411134502764735,0.10199628665828485,-0.05066041709024369,0.07100665962044768,-0.6825716629369971,0.09988853873188301,11.070325039824015,-7.956752112676057,-3.1791533663481366,0.0,0.34376331321787973,0.0,0.5781848483962457,0.025559116306062675,-0.20110888570509633,-192.97863801652892,0.4746264128043693,-0.7853403141361257,-2.605994849428008,0.0,0.351197777078806,16.985522674047264,-0.7893145161290323,-0.24254977520873475,-0.17712213679191327,13.002535103485016,-1.400755065722908,Asset Management,Financial Services,MGLD
2010Q4,2010,Q4,2010-10-08,2010-06-30,-30752.0,14177.0,-31140.0,-0.0382,-4697.0,-0.3313112788,11889.0,-481275.0,5072.0,483164.0,493164.0,0.0,-4399695.0,1745493.75,1740625.75,-0.5983216783216784,0.010497470838059127,0.0,0.0,0.06133822635215886,-0.5983216783216784,0.06389694041867955,123.12151724624391,-14.19008316532258,-3.626811594202898,0.0,0.0,0.0,1.192446799562621,0.010497470838059127,-2.586592648666835,-1458.2236842105262,-0.33131127883191086,-0.40441176470588236,-15.248279996546662,0.0,0.6294452833421444,0.28638711637800063,-0.5199683669434559,-0.8800941858358993,-1.2494607504813282,0.0,-0.06382017003553926,Asset Management,Financial Services,MGLD
2010Q3,2010,Q3,2010-05-18,2010-03-31,-20232.0,8241.0,-16563.0,-0.0272,-6582.0,-0.7986894794,27571.0,-447980.0,12731.0,475551.0,475551.0,0.0,-4315108.0,1614692.66,1610489.66,-0.6020443543726767,0.026771050844178648,0.0,0.0,0.038494766618172443,-0.6020443543726767,0.045162730479039244,195.93406868098532,-19.952212584025304,-3.60438559757132,0.0,0.0,0.0,0.2989010191868267,0.026771050844178648,-0.7338145152515324,-79.15160098039215,-0.7986894794321078,0.4645669291338583,0.17821257460748327,0.0,0.8682361417269787,-0.8656462585034014,0.44682014545852244,0.5085892300845571,-1.1458086633418911,0.0,0.4659593951453653,Asset Management,Financial Services,MGLD
2010Q2,2010,Q2,2010-02-16,2009-12-31,-36574.0,5700.0,-33705.0,-0.0508,-3528.0,-0.6189473684,16553.0,-433260.0,3634.0,449813.0,449813.0,0.0,-4351680.0,1684694.69,1684159.69,-0.5580680022206279,0.00807891279264939,0.0,0.0,0.08389637865389106,-0.5580680022206279,0.08441582421640585,295.56047192982453,-11.515657912724887,-3.8884150163873885,0.0,0.0,0.0,0.3443484564731469,0.00807891279264939,-2.2095088503594513,-144.6089862660944,-0.6189473684210526,-1.2183406113537116,0.9779697981498429,0.0,0.9014016466248551,0.1936,-0.9841588455487441,-1.6499724821133737,0.3880155612395384,0.0,0.5048813478195512,Asset Management,Financial Services,MGLD
2010Q1,2010,Q1,2009-11-16,2009-09-30,-18433.0,7488.0,-12719.0,-0.0229,-4375.0,-0.5842681624,14868.0,-448836.0,5000.0,453704.0,463704.0,0.0,-4367256.0,1745493.75,1742907.75,-0.5579934731934731,0.011020400966268757,0.0,0.0,0.03353554499675914,-0.5579934731934731,0.04106845261966509,233.10546875,-23.67348980090056,-3.8889343769216373,0.0,0.0,0.0,0.5036319612590799,0.011020400966268757,-1.2397767016411083,-233.91768292682926,-0.5842681623931624,0.38274932614555257,0.06082117352294481,0.0,0.6538782481827303,-11.393767705382436,0.3320650795376309,0.41813440688046116,-0.23677977147208779,0.0,0.46483210913057416,Asset Management,Financial Services,MGLD
2009Q4,2009,Q4,2009-10-13,2009-06-30,-27597.0,11445.0,-21859.0,-0.0371,-353.0,-0.030843163,27651.0,-427748.0,6907.0,455399.0,455399.0,196.0,-4294876.0,1614692.66,1612126.66,-0.5748543874597163,0.015166919558453137,0.0,0.0,0.05703155118358887,-0.5748543874597163,0.06451695858309098,141.08280122324157,-14.62742924955611,-3.774868988282821,0.0,60.19387755102041,0.0,0.41390908104589347,0.01473652774819444,-0.9980470869046327,-308.6776256929841,-0.030843162953254698,-0.7666666666666666,0.103784451417411,0.0,0.8732692610683397,0.8149895178197065,-0.939353478566409,-1.0699810606060607,0.16898531804709682,0.0,0.4842766114675,Asset Management,Financial Services,MGLD
2009Q3,2009,Q3,2009-05-15,2009-03-31,-14230.0,6556.0,-10560.0,-0.021,-1908.0,-0.2910311165,65393.0,-437511.0,35627.0,502904.0,502904.0,196.0,-4236191.0,1470027.44,1619317.44,-0.6458375157949433,0.07084254648998616,2.4573272368602144,-0.36728676536132804,0.040420055935058,-0.6458375157949433,0.03252489651688757,224.2262721171446,-25.82620238931834,-3.3599782405470946,0.0,43.183673469387756,0.0,0.10025537901610264,0.027329271590601785,-0.21760738917009464,-73.53446250812866,-0.2910311165344722,0.3805309734513274,-0.21835656444696583,0.0,0.8857688305492292,0.6681739130434783,0.4096905334771426,0.4250871080139373,0.020437106566297877,0.0,0.6052600702673734,Asset Management,Financial Services,MGLD
2009Q2,2009,Q2,2009-02-17,2008-12-31,-24106.0,8205.0,-18368.0,-0.0339,-5750.0,-0.7007921999,40137.0,-408727.0,13378.0,448864.0,448864.0,196.0,-4257407.0,1543933.3,1537242.3,-0.57446626094534,0.029804127753618022,0.0,0.0,0.051010611326647255,-0.57446626094534,0.05897824220078439,188.1698110907983,-16.01191923172654,-3.7774194021926615,0.0,71.19897959183673,0.0,0.20442484490619628,0.029367469879518073,-0.6005929690808979,-74.56453684922245,-0.7007921998781231,-0.6142857142857142,0.08781150730709633,0.0,0.8979043678246568,-3.3527630582891748,-0.5441675741464352,-0.8604274283399169,-1.7625749866082951,0.0,0.4457711591373501,Asset Management,Financial Services,MGLD
2009Q1,2009,Q1,2008-11-19,2008-09-30,-15611.0,17218.0,-9873.0,-0.021,-1321.0,-0.0767220351,31729.0,-403020.0,7977.0,434749.0,434749.0,196.0,-4270148.0,1614692.66,1772750.66,-0.5416222056772092,0.018348518340467718,5.06451511235778,-0.39871966651779067,0.0499158719594319,-0.5416222056772092,0.0387350503697087,93.77933906377046,-25.85825155339184,-4.006482705572924,0.0,94.58673469387755,0.0,0.5426581360900123,0.01789768349093385,-0.49201046361372874,-231.26506158693783,-0.07672203507956789,0.97,0.981084693508997,0.0,0.9122731103677804,-1.5102356122054847,0.9671802698992346,0.7298990506935136,-0.10958805846722984,0.0,0.48517392369497037,Asset Management,Financial Services,MGLD
2008Q4,2008,Q4,2008-10-14,2008-06-30,-475659.0,2139.0,-36553.0,-0.7,2589.0,1.2103786816,40109.0,-423301.0,7355.0,463409.0,463410.0,196.0,-4221961.0,1470027.44,1624899.44,-0.6248612406854119,0.015871508753606427,4.006382607394849,-0.37961639589795443,0.25851716572862765,-0.6248612406854119,1.1236897621314383,687.2498550724638,-0.7726267346985971,-3.472771006919426,0.0,-2.295918367346939,0.0,0.05332967663118003,0.01544855624297327,-11.859158792291007,-44.990740037950665,1.2103786816269284,-10.76470588235294,-31.33970054336103,0.0,0.8891409027778032,1.3721966647498562,-12.526104760279816,-0.06363847989291742,-297.41634270445996,0.0,0.6130087068846398,Asset Management,Financial Services,MGLD
2008Q3,2008,Q3,2008-05-20,2008-03-31,-35166.0,875.0,-34366.0,-0.0595,-6956.0,-7.9497142857,44651.0,-367600.0,12479.0,412251.0,412251.0,196.0,-3906260.0,1282621.9,1419416.9,-0.6219229532881047,0.03027039352239291,3.191417885377707,-0.38764961915125135,0.1562239004886717,-0.6219229532881047,0.09566376496191513,1465.8536,-9.118338025365409,-3.489178182807399,0.0,39.954081632653065,0.0,0.019596425611968376,0.03027039352239291,-0.7875747463662628,-23.177540251901913,-7.949714285714285,-1.030716723549488,-0.6783725354934256,0.0,0.8900944472101612,-0.020390200968167817,-1.027559963099631,-0.9814345018450185,-0.798187056094935,0.0,0.8638854973415033,Asset Management,Financial Services,MGLD
2008Q2,2008,Q2,2008-02-19,2007-12-31,-17344.0,2878.0,-17344.0,-0.0293,-6817.0,-2.3686587908,33316.0,-384943.0,3211.0,418259.0,418259.0,0.0,-3923604.0,1282621.9,1422557.9,-0.6512646556245453,0.007677061342373984,4.277224156561412,-0.3701846766923934,0.07153846471129297,-0.6512646556245453,0.045056021281072785,445.6643154968728,-18.48797711023985,-3.331978760491813,0.0,0.0,0.0,0.08638492015848241,0.0061301729311264075,-0.5205907071677273,94.93167789208792,-2.368658790826963,0.4939550949913644,0.2695021884806191,0.0,0.883689981396016,0.4636084664411047,0.4953298222131696,0.589491124260355,0.9862779866752335,0.0,0.8849358458100154,Asset Management,Financial Services,MGLD
2008Q1,2008,Q1,2007-11-14,2007-09-30,-34367.0,8306.0,-42250.0,-0.0579,-12709.0,-1.5300987238,276304.0,-168694.0,27412.0,444998.0,444998.0,196.0,-3967354.0,1287534.78,1415706.78,-0.2843154108815608,0.061600276855176876,0.5617001563495281,-0.9200090103975245,3.1311123027117023,-0.2843154108815608,0.20372390245059102,155.01261497712497,-9.36606904879681,-7.632368548970325,0.0,107.21938775510205,0.0,0.03006109213040709,0.06115982543741769,-0.12438111645144478,-49.50723958934133,-1.5300987238141104,-1.3860000000000001,-2.3406517365135406,0.0,0.9493634315527658,0.0,-1.3793937119138038,-0.13107030036943834,-1.373849717954248,0.0,0.8236399656795775,Asset Management,Financial Services,MGLD
2007Q4,2007,Q4,2007-10-15,2007-06-30,90584.0,0.0,-37354.0,0.15,0.0,0.0,68573.0,-332434.0,38411.0,401007.0,401007.0,0.0,-3871095.0,1282621.9,1410061.9,-0.5624274620603312,0.09578635784412741,2.0780773773934347,-0.42865651527822063,0.1984206848590289,-0.5624274620603312,-0.27248717038570064,0.0,3.5398687958138297,-3.858275326831792,0.0,0.0,0.0,0.0,0.09578386412207268,1.3209863940618027,-36.70191718888602,0.0,12.811023622047243,1.1103974132973313,0.0,0.8999818736990187,0.0,16.072212978369386,-5.204983388704319,4.703337690014596,0.0,0.8760088651713405,Asset Management,Financial Services,MGLD
2007Q3,2007,Q3,2007-05-16,2007-03-31,-6010.0,0.0,-6020.0,-0.0127,0.0,0.0,903.0,-534701.0,903.0,535604.0,535604.0,0.0,-3915328.0,1029239.6799999999,1155836.68,-1.12733816286601,0.001685947080305599,141.19601328903656,-0.23845102216004832,0.014771564519055756,-1.12733816286601,0.011239926613191297,0.0,-42.8136306156406,-1.924888264656322,0.0,0.0,0.0,0.0,0.001685947080305599,-6.655592469545958,-1159.0536936936937,0.0,0.8350649350649351,0.0,0.0,0.0,0.0,0.8391413735881377,0.8316648956993457,0.265058282530541,0.0,0.8006044034896922,Asset Management,Financial Services,MGLD
2007Q2,2007,Q2,2007-02-14,2006-12-31,-37362.0,0.0,-35762.0,-0.077,0.0,0.0,605.0,-547063.0,605.0,547668.0,547668.0,0.0,-3952690.0,,,,,,,,,,,,,,,,,,,,,,,,,,,,,,,Asset Management,Financial Services,MGLD
2007Q1,2007,Q1,2006-11-20,2006-09-30,-8993.0,0.0,-8993.0,-0.0185,0.0,0.0,41079.0,-506056.0,41079.0,547135.0,547135.0,0.0,-3961683.0,,,,,,,,,,,,,,,,,,,,,,,,,,,,,,,Asset Management,Financial Services,MGLD
