Quarters,Year,Quarter,FillingDate,Date,NetIncome,Revenue,OperatingIncome,EPSDiluted,GrossProfit,GrossProfitRatio,TotalAssets,CommonStockEquity,CurrentAssets,CurrentLiability,TotalLiability,Inventory,RetainedEarnings,MarketCap,EnterpriseValue,bookValuePerShare,currentRatio,debtToAssets,debtToEquity,roic,shareholdersEquityPerShare,roe,priceToSalesRatio,peRatio,pbRatio,payoutRatio,inventoryTurnover,dividendYield,assetTurnover,quickRatio,returnOnAssets,priceToFreeCashFlowsRatio,grossProfitMargin,epsdilutedGrowth,fiveYNetIncomeGrowthPerShare,fiveYRevenueGrowthPerShare,fiveYShareholdersEquityGrowthPerShare,grossProfitGrowth,netIncomeGrowth,operatingIncomeGrowth,threeYNetIncomeGrowthPerShare,threeYRevenueGrowthPerShare,threeYShareholdersEquityGrowthPerShare,Industry,Sector,Symbol
2023Q3,2023,Q3,2023-05-05,2023-03-31,11748000.0,1898000.0,-2869000.0,0.4,-695000.0,-0.366174921,137382000.0,68457000.0,124272000.0,5631000.0,68925000.0,1683000.0,-3246309000.0,65823190.0,44210190.0,2.360830430734214,22.069259456579648,0.4549722671092283,0.9130549103816995,0.5630915779873622,2.360830430734214,0.17161137648450853,34.68028977871444,1.4007318266939053,0.9615260674584045,0.0,1.540701128936423,0.0,0.013815492568167591,21.602379683892735,0.08551338603310478,-15.830493025493025,-0.36617492096944154,-0.45945945945945943,3.2865025445982097,4.595936648618823,-0.12027799722584026,-0.6087962962962963,-0.602167287504233,-0.029053084648493543,1.8868766894518558,-0.897479561031804,0.05368688863174727,Medical Distribution,Healthcare,GEG
2023Q2,2023,Q2,2023-02-13,2022-12-31,29530000.0,1879000.0,-2788000.0,0.74,-432000.0,-0.2299095263,169690000.0,56145000.0,156169000.0,44453000.0,107591000.0,0.0,-3258057000.0,58182060.0,125065060.0,1.9492761170711383,3.5131262232020335,0.5059461370734869,1.5291477424525781,-0.019693713226820213,1.9492761170711383,0.5259595689731944,30.964374667376266,0.4925673890958347,1.036282126636388,0.0,0.0,0.0,0.011073133360834464,1.705734146176861,0.1740232188107726,-81.94656338028169,-0.22990952634379988,3.466666666666667,22.54145025823188,-0.36490962312093456,-0.31102688097189174,-1.3515052888527257,4.4582503806066285,-1.8333333333333333,15.146201689300614,-0.8998772594187789,-0.12573914709746173,Medical Distribution,Healthcare,GEG
2023Q1,2023,Q1,2022-11-14,2022-09-30,-8539000.0,18579000.0,-984000.0,-0.3,1229000.0,0.0661499542,158278000.0,26039000.0,74729000.0,24731000.0,124363000.0,1017000.0,-3287587000.0,57086000.0,108230000.0,0.9122727113477911,3.0216732036715053,0.47011587207318767,2.8575982180575292,-0.009639880395478808,0.9122727113477911,-0.32793118015284767,3.0726088594649874,-1.6713315376507787,2.1923268942739735,0.0,17.059980334316617,0.0,0.11738207457764187,2.9243055274756378,-0.0539493802044504,-97.58290598290598,0.06614995424942138,-0.764705882352941,-1.2938766465372324,7.548701970331594,-0.6747263366675379,0.7967836257309941,-0.7609816457001444,0.24539877300613497,-1.4573176905387972,0.07446534863310594,-0.6027613608198472,Medical Distribution,Healthcare,GEG
2022Q4,2022,Q4,2022-09-12,2022-06-30,-4849000.0,18065000.0,-1304000.0,-0.17,684000.0,0.0378632715,168087000.0,33496000.0,84440000.0,19694000.0,125833000.0,898000.0,-3279296000.0,59931250.0,110252250.0,1.2016502242152467,4.287600284350564,0.43974846359325825,2.2067112491043708,-0.011975498641927481,1.2016502242152467,-0.14476355385717699,3.317533905341821,-3.089876778717261,1.7892061738715068,-0.07217983089296762,19.35523385300668,0.005840025028678694,0.10747410567146776,4.150807352493145,-0.0288481560144449,5.119703570818384,0.03786327151951287,0.2608695652173913,-2.096934989605347,11.054964725143343,-0.5784444227464617,2.386138613861386,0.20961695191524043,0.3274883960804538,-4.558896973941331,0.09027479673152967,-0.500712816640791,Medical Distribution,Healthcare,GEG
2022Q3,2022,Q3,2022-05-05,2022-03-31,-6135000.0,16622000.0,-1939000.0,-0.23,202000.0,0.0121525689,137465000.0,34981000.0,65586000.0,17566000.0,90485000.0,949000.0,-3274750000.0,48584020.0,67077020.0,1.3032188361522987,3.7336900831151087,0.2999963627105081,1.1788971155770276,-0.024017639261297637,1.3032188361522987,-0.1753809210714388,2.9228745036698354,-1.9797889160554198,1.3888688144992996,0.0,17.302423603793468,0.0,0.12091805186774815,3.4681771604235454,-0.04462954206525297,4.576059150419139,0.012152568884610757,-0.43750000000000006,-1.1038563810946205,5.9298401499522875,-0.548294614797923,0.025380710659898477,-0.4751142101466699,0.3407004420265216,-2.3632108880569183,0.11086604475037003,-0.46626967263109376,Medical Distribution,Healthcare,GEG
2022Q2,2022,Q2,2022-02-10,2021-12-31,-4159000.0,16749000.0,-2941000.0,-0.16,197000.0,0.0117618962,156137000.0,40511000.0,82941000.0,30223000.0,106435000.0,913000.0,-3268841000.0,55305579.99999999,72183580.0,1.5309122515304965,2.744300698143798,0.26793136796531253,1.032657796647824,-0.032206056237359414,1.5309122515304965,-0.10266347411814075,3.3020228073317806,-3.3244517912959846,1.3651990817308879,0.0,18.129244249726177,0.0,0.107271178516303,2.65708235449823,-0.026636863779885615,13.864522436700925,0.011761896232610902,-15.0,0.8013101125308429,2.9698994813211317,-0.7752680874150498,-0.9382057716436637,-19.795,-3.938061938061938,0.0891371795094308,0.025802372537453412,-0.32760633907685605,Medical Distribution,Healthcare,GEG
2022Q1,2022,Q1,2021-11-12,2021-09-30,-200000.0,16538000.0,1001000.0,-0.01,3188000.0,0.19276817027451928,161120000.0,43617000.0,86593000.0,30959000.0,107326000.0,1071000.0,-3264603000.0,58199680.00000001,78191680.0,1.678739127087984,2.7970218676313836,0.25932845084409134,0.9579521746108168,0.010775688942442692,1.678739127087984,-0.004585368090423459,3.5191486274035557,-72.74960000000002,1.334334777724282,0.0,12.46498599439776,0.0,0.10264399205561073,2.576924319260958,-0.0012413108242303873,-16.243282165782865,0.19276817027451928,0.7887175153179801,0.9762535162027366,0.0,-0.4734596342999602,3.9711090400745572,0.8359310910582445,1.5806264501160092,0.903764175136756,1.4636662563440543,-0.3143278433312301,Medical Distribution,Healthcare,GEG
2021Q4,2021,Q4,2021-09-21,2021-06-30,-1219000.0,12498000.0,-1724000.0,-0.04733,-1073000.0,-0.08585373659785565,161869000.0,54360000.0,88534000.0,33005000.0,97960000.0,1066000.0,-3265433000.0,57953250.0,63182250.0,2.110494234577008,2.682442054234207,0.18293187701165758,0.5447203826342899,0.14972744861460052,2.110494234577008,-0.02242457689477557,4.637001920307249,-11.885408121410993,1.0661009933774834,0.0,12.73076923076923,0.0,0.07721058386720125,2.5177700348432057,-0.007530781063699659,-573.7945544554456,-0.08585373659785565,0.5697272727272727,-1.0118420799268384,2.361706706789485,-0.3961609524988524,-1.422108575924469,0.5583333333333333,-3.548812664907652,0.5272212276695473,4.813909706483658,-0.17847985592734514,Medical Distribution,Healthcare,GEG
2021Q3,2021,Q3,2021-05-14,2021-03-31,-2760000.0,15121000.0,-379000.0,-0.11,2542000.0,0.16811057469744065,215257000.0,55328000.0,83284000.0,35464000.0,150393000.0,1187000.0,-3264214000.0,62847080.0,121349080.0,2.1480762511162013,2.3484096548612676,0.38476332941553587,1.4969454887218046,-0.0025991559870073362,2.1480762511162013,-0.049884326200115674,4.1562780239402155,-5.692670289855073,1.13590008675535,0.0,10.597304128053917,0.0,0.07024626376842565,2.1833408526956912,-0.01282188267977348,-2.9866026707218554,0.16811057469744065,-10.0,0.8850702077690833,3.9255185006011573,3.9689516818668564,1.2259194395796849,-6.908309455587393,0.6846921797004991,0.3952517450569469,33.25181261404666,-0.19955710620188125,Medical Distribution,Healthcare,GEG
2021Q2,2021,Q2,2021-02-16,2020-12-31,-349000.0,16579000.0,-1202000.0,-0.01,1142000.0,0.06888232100850473,199379000.0,57403000.0,67865000.0,20690000.0,136741000.0,967000.0,-3261454000.0,73952640.0,124237640.0,2.235493418490537,3.2800869985500243,0.41719037611784593,1.4490357646812884,-0.007826709499325775,2.235493418490537,-0.0060798216121108655,4.460621267868991,-52.97467048710602,1.2883061860878349,0.0,15.963805584281282,0.0,0.08315319065698995,3.1328661188980185,-0.0017504351009885696,-15.02796992481203,0.06888232100850473,0.9333333333333332,0.988770211980468,4.401101820077206,13.497410134007815,-0.42957042957042957,0.9070820021299254,-1.7824074074074074,0.7144294300586904,5.285554748483127,-0.2098631591411304,Medical Distribution,Healthcare,GEG
2021Q1,2021,Q1,2020-09-30,2020-09-30,-3756000.0,16655000.0,-432000.0,-0.15,2002000.0,0.12020414290003002,187668000.0,57467000.0,55244000.0,21231000.0,126376000.0,1127000.0,-3261105000.0,60359360.0,145357360.0,2.246911166718799,2.6020441806791954,0.5726229298548501,1.8699949536255591,-0.002604949356323935,2.246911166718799,-0.0653592496563245,3.6240984689282496,-4.017529286474973,1.050330798545252,0.0,13.001774622892635,0.0,0.08874714922096469,2.45683199095662,-0.02001406739561353,520.3393103448276,0.12020414290003002,-2.0714285714285716,0.8501841930024628,4.425537569318958,0.6969280078732968,-0.6248828930110549,-2.051511758118701,-1.1531914893617021,-0.12604468297940213,7.552428917337534,-0.19885685794386337,Medical Distribution,Healthcare,GEG
2020Q4,2020,Q4,2020-06-30,2020-06-30,3572000.0,15940000.0,2820000.0,0.14,5337000.0,0.3348180677540778,195445000.0,60794000.0,61328000.0,25514000.0,130765000.0,1470000.0,-3257349000.0,59592080.0,131329080.0,2.3769940569283703,2.403699929450498,0.574361073447773,1.8464980096720072,0.015591731802915544,2.3769940569283703,0.058755798269566076,3.7385244667503135,4.170778275475923,0.9802296279238083,0.0,7.2129251700680275,0.0,0.08155747141139451,2.2840009406600297,0.018276241397835707,10.04078854254423,0.3348180677540778,1.3043478260869568,1.1611516986979344,7.6497554256716205,0.05408197889848663,1.8926829268292682,1.3074804166307996,3.794846382556987,3.486414946004216,10.593072393479375,-0.16611749275787716,Medical Distribution,Healthcare,GEG
2020Q3,2020,Q3,2020-03-31,2020-03-31,-11617000.0,16236000.0,-1009000.0,-0.46,1845000.0,0.11363636363636363,194797000.0,56977000.0,57461000.0,28753000.0,134183000.0,1750000.0,-3260921000.0,47299800.0,124859800.0,2.2405426661423515,1.9984349459186868,0.5967905049872432,2.0403496147568316,-0.005558476592700519,2.2405426661423515,-0.20388928866033662,2.9132668144863265,-1.0179004906602394,0.8301560278708954,0.0,8.223428571428572,0.0,0.08334830618541353,1.874343546760338,-0.0596364420396618,-101.93922413793103,0.11363636363636363,-5.571428571428571,0.5076963363637709,4.305827054094042,-0.26711463782819717,-0.1644021739130435,-5.310157523085279,-2.737037037037037,-3.2049808634870462,6.144757506790538,-0.2234111724017115,Medical Distribution,Healthcare,GEG
2020Q2,2020,Q2,2019-12-31,2019-12-31,-1841000.0,16551000.0,-270000.0,-0.07,2208000.0,0.1334058365053471,174671000.0,56637000.0,36673000.0,24637000.0,114235000.0,1753000.0,-3249304000.0,84842680.0,175030680.0,2.2296275883788677,1.488533506514592,0.564541337714904,1.7410703250525275,-0.001595467546329035,2.2296275883788677,-0.0325052527499691,5.126136185124766,-11.521276480173817,1.4980080159612974,0.0,8.181973759269823,0.0,0.09475528278878577,1.3499208507529326,-0.010539814851921613,1805.1634042553192,0.1334058365053471,0.4166666666666666,0.9313681398799941,4.40036590962373,-0.4345704430657229,0.11571500757958565,0.40401424409193915,0.6910755148741419,0.9083789245241735,3.086670473285215,-0.6726994171040042,Medical Distribution,Healthcare,GEG
2020Q1,2020,Q1,2019-09-30,2019-09-30,-3089000.0,15371000.0,-874000.0,-0.12,1979000.0,0.12874894281439073,178139000.0,58270000.0,39036000.0,24673000.0,115962000.0,1544000.0,-3247463000.0,93118910.0,183599910.0,2.2965356875418754,1.5821343168645887,0.5646321131251438,1.7261541101767632,-0.005709744886742944,2.2965356875418754,-0.05301184142783594,6.058090560145729,-7.536331337002267,1.5980592071391795,0.0,8.67357512953368,0.0,0.08628655151314422,1.459530661046488,-0.017340391492037116,-95.60463039014374,0.12874894281439073,-2.8350910834132312,0.8959124390614559,4.0171453690632015,-0.537318015657532,0.17100591715976332,-2.8904282115869018,0.4457831325301205,0.6244325173015967,0.0,-0.2796863305026693,Medical Distribution,Healthcare,GEG
2019Q4,2019,Q4,2019-06-30,2019-06-30,-794000.0,15082000.0,-1577000.0,-0.03129,1690000.0,0.1120541042302082,182726000.0,61066000.0,42400000.0,18068000.0,117644000.0,1336000.0,-3244374000.0,109357629.99999999,199405630.0,2.406731565049462,2.346690281160062,0.5591431980123245,1.673107785019487,-0.004751673316495166,2.406731565049462,-0.013002325352896865,7.250870574194403,-34.43250314861461,1.7908104346117313,0.0,10.023952095808383,0.0,0.08253888335540646,2.185355324330308,-0.004345303897639088,-42.78467527386541,0.1120541042302082,-1.1840588235294118,-1.0132604164248415,-0.8315325355650828,-0.6063769556945138,-0.3127287515250102,-1.1874409820585459,-2.0502901353965184,-1.007830116852602,2.668112939240616,-0.31140371197380506,Medical Distribution,Healthcare,GEG
2019Q3,2019,Q3,2019-03-31,2019-03-31,4236000.0,14084000.0,-517000.0,0.17,2459000.0,0.1745952854302755,180346000.0,61690000.0,42657000.0,15404000.0,114830000.0,1781000.0,-3243580000.0,108134200.0,186169200.0,2.441717791411043,2.769215788106985,0.5357923103367971,1.5663478683741288,0.0011182951730684607,2.441717791411043,0.068665910196142,7.677804600965635,6.381857884796979,1.7528643216080402,0.0,6.527231892195396,0.0,0.07809432978829584,2.5748506881329525,0.02348818382442638,-244.6475113122172,0.1745952854302755,2.0,1.1809144093581423,0.0,-0.29756595759736193,-0.2067741935483871,1.9746893695352048,-3.218884120171674,1.1798272348665153,3.677065295556945,4.374806708880599,Medical Distribution,Healthcare,GEG
2019Q2,2019,Q2,2018-12-31,2018-12-31,-4346000.0,15541000.0,233000.0,-0.17,3100000.0,0.19947236342577698,181940000.0,57346000.0,42161000.0,19008000.0,120732000.0,1587000.0,-3247816000.0,85132060.0,160861060.0,2.276809465200302,2.2180660774410774,0.5336374628998571,1.6930561852613957,0.0014531167170787989,2.276809465200302,-0.07578558225508318,5.477901035969372,-4.897150253106304,1.484533533289157,0.0,7.839319470699433,0.0,0.0854182697592613,2.064236111111111,-0.023886995712872377,-76.76470694319207,0.19947236342577698,-1.125,0.7605404012594323,0.0,-0.4734076337641607,0.8971848225214198,-1.1686626746506985,1.095374539500614,0.8574324764864211,4.161640410401127,13.76534904597819,Medical Distribution,Healthcare,GEG
2019Q1,2019,Q1,2018-09-30,2018-09-30,-2004000.0,6473000.0,-2443000.0,-0.08,1634000.0,0.2524331839950564,187341000.0,61340000.0,45808000.0,19600000.0,122161000.0,1698000.0,-3243470000.0,82678200.0,157149200.0,2.4483116468428197,2.337142857142857,0.5191549100303724,1.585572220410825,-0.014860639682713481,2.4483116468428197,-0.032670361917182915,12.772779236829908,-10.314146706586826,1.3478676230844473,0.0,2.84982332155477,0.0,0.034551966734457484,2.1583163265306125,-0.010697071116306628,-96.24935972060536,0.2524331839950564,0.20079920079920074,0.8945653134734123,0.0,-0.5295686155359036,36.52173913043478,0.20095693779904306,0.04644808743169399,0.9184009088201529,1.1525799723915287,0.8490310908005406,Medical Distribution,Healthcare,GEG
2018Q4,2018,Q4,2018-06-30,2018-06-30,-2508000.0,2091000.0,-2562000.0,-0.1001,-46000.0,-0.021999043519846963,133587000.0,64364000.0,63594000.0,8510000.0,69001000.0,0.0,-3238547000.0,90194400.0,109727400.0,2.569010936377425,7.472855464159812,0.46782246775509595,0.9709620284631161,-0.01883978255421342,2.569010936377425,-0.038965881548691815,43.13457675753228,-8.99066985645933,1.401317506680753,0.0,0.0,0.0,0.015652720698870397,7.3410105757931845,-0.01877428192863078,-112.04273291925466,-0.021999043519846963,0.4438888888888889,0.9018533914797774,7.383997932465873,-0.5006241481152549,0.9704939063502245,0.42490254528777804,0.2754524886877828,0.8844934745930523,0.1583107682080476,0.13923218433615675,Medical Distribution,Healthcare,GEG
2018Q3,2018,Q3,2018-03-31,2018-03-31,-4361000.0,-448000.0,-3536000.0,-0.18,-1559000.0,-3.4799107142857144,135308000.0,66049000.0,64546000.0,8027000.0,69013000.0,0.0,-3236039000.0,98448000.0,117066000.0,2.683609621322932,8.041111249532827,0.4648653442516333,0.9523232751442111,-0.02595321224789121,2.683609621322932,-0.06602673772502234,-219.75,-5.643659711075442,1.4905297582098138,0.0,0.0,0.0,-0.003310964614065687,7.919521614550891,-0.032230171165045673,1295.3684210526317,3.4799107142857144,-2.6,0.877252173466274,-6.121231095942358,-0.3796506320353547,-6.996153846153846,-2.730538922155689,-2.5219123505976095,0.8090478208991272,-1.1512695500027736,-0.12218667425008833,Medical Distribution,Healthcare,GEG
2018Q2,2018,Q2,2017-12-31,2017-12-31,-1169000.0,2523000.0,-1004000.0,-0.05,260000.0,0.10305192231470471,79346000.0,69492000.0,68547000.0,5474000.0,10251000.0,0.0,-3231679000.0,99476100.0,57160100.0,2.829248432538067,12.52228717573986,0.06327981246691705,0.07225292119956254,-0.013169976650838208,2.829248432538067,-0.016822080239452024,39.42770511296076,-21.27375962360992,1.4314755655327231,0.0,0.0,0.0,0.031797444105562976,12.455608330288637,-0.01473294179920853,-85.3139794168096,0.10305192231470471,0.6153846153846154,0.9660496179227157,282.568751160329,-0.473109594363675,1.1998462720983858,0.6141914191419142,0.7019002375296912,0.954929676324905,-0.14862599923178038,-0.2825076725794611,Medical Distribution,Healthcare,GEG
2018Q1,2018,Q1,2017-09-30,2017-09-30,-3030000.0,1769000.0,-3368000.0,-0.13,-1301000.0,-0.7354437535330696,75469000.0,65160000.0,66107000.0,5851000.0,10673000.0,0.0,-3230510000.0,82477150.0,43781150.0,2.804631343347824,11.298410528114852,0.06936622984271688,0.08034069981583794,-0.04656435780450712,2.804631343347824,-0.046500920810313075,46.6236009044658,-6.805045379537954,1.265763505217925,0.0,0.0,0.0,0.023440087983145397,11.198940352076567,-0.04014893532443785,-42.015868568517575,-0.7354437535330696,-1.3144027060708565,0.9279867091820915,210.7586070531858,-0.5771749402205629,0.0,-1.3218390804597702,-3.545209176788124,0.8884960944846656,-0.3694073244309902,-0.4349522185399998,Medical Distribution,Healthcare,GEG
2017Q4,2017,Q4,2017-06-30,2017-06-30,-1305000.0,1249000.0,-741000.0,-0.05617,0.0,0.0,76694000.0,66226000.0,68014000.0,5728000.0,10478000.0,0.0,-3227480000.0,78992200.0,38333200.0,2.8505143545818448,11.873952513966481,0.06825827313740318,0.07904750400144958,-0.008365144790544201,2.8505143545818448,-0.019705251713828406,63.24435548438751,-15.132605363984675,1.1927671911333917,0.0,0.0,0.0,0.01628549821368034,11.843575418994414,-0.017015672673220853,-101.27205128205128,0.0,0.4893636363636364,-1.0144231697300765,108.92664952868763,-0.6602797788012866,0.0,0.481937276697102,0.6607142857142857,-1.0238020135988215,-0.9847634700946443,-0.5337958938250206,Medical Distribution,Healthcare,GEG
2017Q3,2017,Q3,2017-03-31,2017-03-31,-2519000.0,2072000.0,-2184000.0,-0.11,0.0,0.0,84032000.0,66897000.0,71362000.0,5465000.0,17559000.0,0.0,-3226175000.0,76517100.0,43020100.0,2.885108034674602,13.0580054894785,0.1571544173648134,0.19740795551370016,-0.025618981064053782,2.885108034674602,-0.03765490231251028,36.92910231660232,-7.593995633187773,1.143804654917261,0.0,0.0,0.0,0.024657273419649656,13.024336688014639,-0.029976675552170602,-28.392244897959184,0.0,0.8607594936708861,0.9089994150164386,34.69337006080994,-0.24662296982477688,0.0,0.6838604417670683,-3.5454545454545454,0.8827750340471963,0.0,-0.1700113310827532,Medical Distribution,Healthcare,GEG
2017Q2,2017,Q2,2016-12-31,2016-12-31,-7968000.0,1606000.0,858000.0,-0.79,0.0,0.0,87995000.0,68619000.0,75071000.0,3329000.0,19522000.0,0.0,-3223656000.0,37773750.0,1627750.0,6.812171150600616,22.550615800540704,0.15566793567816353,0.19962401084247802,0.00952464629176234,6.812171150600616,-0.11611944213701744,23.520392278953924,-1.1851703689759037,0.5504852883312202,0.0,0.0,0.0,0.01825103699073811,22.440072093721838,-0.09055059946587875,11.192222222222222,0.0,-1.4419948934486533,0.3957541010578508,-0.9647174382112618,0.47998394421693324,0.0,-1.3332357247437774,1.3380614657210401,-0.09776520728178326,0.0,0.5755544678758229,Medical Distribution,Healthcare,GEG
2017Q1,2017,Q1,2016-09-30,2016-09-30,-3415000.0,0.0,-2538000.0,-0.323506,0.0,0.0,71698000.0,33588000.0,71698000.0,38110000.0,38110000.0,0.0,-3215688000.0,49408929.57000001,15141929.570000008,3.188243934263399,1.8813434794017319,0.39257719880610337,0.8380076217696797,-0.03783108857827926,3.188243934263399,-0.10167321662498512,0.0,-3.617051945095169,1.4710292238299394,0.0,0.0,0.0,0.0,1.6377328785095775,-0.047630338363692154,-4.7390110847880305,0.0,-1.0808765,-1.9726066139958,-1.0,-0.4514014150824571,0.0,-1.0811106096952712,-1.1310882702339755,0.5727117280305288,0.0,-0.38739416203860505,Medical Distribution,Healthcare,GEG
2016Q4,2016,Q4,2016-06-30,2016-06-30,42103000.0,-3754000.0,19361000.0,4.0,0.0,0.0,81751000.0,36821000.0,80821000.0,44914000.0,44930000.0,0.0,-3212273000.0,69425340.27,23354340.269999996,3.4951271258637795,1.7994611925012245,0.4237257036611173,0.9407674968088863,0.34483610672956017,3.4951271258637795,1.1434507482143341,-18.493697461374534,0.4122351154905826,1.8854822049917166,0.0,0.0,0.0,-0.04591992758498367,1.7970120675067907,0.5150151068488459,-13.586172264187866,0.0,5.280029489403183,2.587200636454024,-1.080213210544639,-0.3548476317652526,0.0,5.302370733701205,3.2442332212820215,4.91836851053715,-36.796112860181324,-0.320601535318928,Medical Distribution,Healthcare,GEG
2016Q3,2016,Q3,2016-03-31,2016-03-31,-9786000.0,1251000.0,-8627000.0,-0.934573,0.0,0.0,60826000.0,-7594000.0,58421000.0,14182000.0,68420000.0,0.0,-3254376000.0,102126128.65,79680128.65,-0.723513374850717,4.119376674658017,0.5492716930260086,-4.399525941532789,-0.33458288557849925,-0.723513374850717,1.2886489333684488,81.63559444444445,-2.6089855060801144,-13.44826555833553,0.0,0.0,0.0,0.02056686285470029,3.9385136087998873,-0.16088514779863874,-8.34023100449163,0.0,0.22932429100486776,0.3229406821897227,-0.9759116904175852,-1.0932700738266894,0.0,0.22798990217734302,0.2521022973558734,0.3541140860571863,32.533319515377514,-1.167249014624322,Medical Distribution,Healthcare,GEG
2016Q2,2016,Q2,2015-12-31,2015-12-31,-12676000.0,1252000.0,-11535000.0,-1.212667,0.0,0.0,73146000.0,1615000.0,70696000.0,17223000.0,71531000.0,0.0,-3244587000.0,108085952.4,72200952.4,0.15419950169213664,4.104743656738083,0.4405572416810215,19.953560371517028,-0.3365936618274856,0.15419950169213664,-7.848916408668731,86.33063290734825,-2.1317046465762073,66.92628631578947,0.0,0.0,0.0,0.017116452027451944,3.9545955989084365,-0.17329724113417003,-11.864539231613612,0.0,-0.24949975374077038,-1.086910424216703,-0.9765787220190159,-0.9829046089433747,0.0,-0.2406773025349907,-0.2771257750221435,0.13665067028225175,329.00431574010906,-0.971283455683457,Medical Distribution,Healthcare,GEG
2016Q1,2016,Q1,2015-09-30,2015-09-30,-10217000.0,1251000.0,-9032000.0,-0.970522,0.0,0.0,80841000.0,13801000.0,78150000.0,12500000.0,67040000.0,0.0,-3231912000.0,91304498.88,48765498.879999995,1.3241051808289603,6.252,0.3837904033844213,2.2480979639156584,-0.20201957966722925,1.3241051808289603,-0.7403086732845446,72.9852109352518,-2.234131811686405,6.615788629809433,0.0,0.0,0.0,0.015474820944817605,6.18176,-0.1263838893630707,-11.207131321959002,0.0,-0.11985461258870359,-108.56757603291288,-0.9774818539625699,-0.8599213870357275,0.0,-0.13107494741503375,-0.2195517148258169,0.4587341292318487,332.80110474179514,-0.8003784513190352,Medical Distribution,Healthcare,GEG
2015Q4,2015,Q4,2015-06-30,2015-06-30,-9033000.0,751000.0,-7406000.0,-0.86665,0.0,0.0,88884000.0,23504000.0,86127000.0,10738000.0,65380000.0,0.0,-3221695000.0,77546286.72,33665286.72,2.2550371835521976,8.020767368224995,0.3361009855542055,1.2710176991150441,-0.13874629997377197,2.2550371835521976,-0.38431756296800546,103.25737246338215,-2.1461941414812356,3.299280408441117,0.0,0.0,0.0,0.008449214706808875,7.9593965356677225,-0.1016268394761712,-7.6422870523307385,0.0,0.10702694014149083,-1.3617514594261657,-0.9871293499157536,-0.7585254338359645,0.0,0.06364672955322899,0.15446968832058455,-1.222535567886494,146.33221267464447,-0.7312478958135062,Medical Distribution,Healthcare,GEG
2015Q3,2015,Q3,2015-03-31,2015-03-31,-9647000.0,1251000.0,-8759000.0,-0.970522,0.0,0.0,99296000.0,31783000.0,96373000.0,13708000.0,67513000.0,0.0,-3212662000.0,71110514.16,25943514.159999996,3.0571529761528025,7.030420192588269,0.2897196261682243,0.9051379668376176,-0.14465491899390595,3.0571529761528025,-0.3035270427587075,56.842936978417264,-1.8428141950865553,2.23737577195356,0.0,0.0,0.0,0.012598694811472768,6.9783338196673474,-0.09715396390589752,-7.265813237968733,0.0,0.09999935086432417,-0.7115608829135174,-0.9767494514994143,-0.6821328423515394,0.0,0.11963862018616536,0.12610994712162027,0.2227242113218293,47.06422657290487,-0.20169754397945483,Medical Distribution,Healthcare,GEG
2015Q2,2015,Q2,2014-12-31,2014-12-31,-10958000.0,1252000.0,-10023000.0,-1.078357,0.0,0.0,109678000.0,40919000.0,106572000.0,14764000.0,68759000.0,0.0,-3203015000.0,124523820.0,78456820.0,3.9432455573560143,7.218369005689515,0.25258483925673336,0.6770204550453335,-0.1460610299903821,3.9432455573560143,-0.26779735575160685,99.45992012779553,-2.840934020806716,3.0431784745472763,0.0,0.0,0.0,0.011415233684056966,7.146572744513682,-0.099910647531866,-12.494864539434076,0.0,0.09090932082721787,-39.34647408881629,-0.9812390498136855,-0.6084030000659161,0.0,0.09572536722231391,0.12117492327926348,0.1933533636399327,-0.9733002900364683,-0.1433068864576149,Medical Distribution,Healthcare,GEG
2015Q1,2015,Q1,2014-09-30,2014-09-30,-12118000.0,1251000.0,-11405000.0,-1.186193,0.0,0.0,120206000.0,51425000.0,113078000.0,14385000.0,68781000.0,0.0,-3192054000.0,231247944.72,184149944.72,4.963529519753303,7.860827250608272,0.22194399613995974,0.5187943607194944,-0.1460232510498822,4.963529519753303,-0.2356441419543024,184.85047539568345,-4.770753109423998,4.496800091784152,0.0,0.0,0.0,0.01040713441924696,7.775808133472367,-0.10081027569339301,-7.681890333853769,0.0,-1.5,-10.125742605101474,-0.9812873924065931,-0.49268891414552773,0.0,-1.4978022429445836,-1.4558899948035335,-4.509347460739238,-0.9817321510801302,-0.14592944364458665,Medical Distribution,Healthcare,GEG
2014Q4,2014,Q4,2014-06-30,2014-06-30,24343000.0,36396000.0,25017000.0,2.372386,0.0,0.0,150441000.0,63071000.0,134989000.0,25526000.0,87370000.0,0.0,-3179936000.0,276037882.92,207853882.92000002,6.114305551637434,5.288294288176761,0.17078456006009,0.40736630146977215,0.28183723130999055,6.114305551637434,0.38596185251541915,7.584291760633037,2.834879461446823,4.376621314391717,0.0,0.0,0.0,0.24192872953516661,5.2473948131317085,0.16181094249572922,3.510235292352298,0.0,3.4444432995851715,6.29278838339878,-0.43146608240875367,-0.35033005510181037,0.0,3.5811684869048883,4.1571176173649675,1.9372229388420787,-0.2057534975292768,0.12861666105345979,Medical Distribution,Healthcare,GEG
2014Q3,2014,Q3,2014-03-31,2014-03-31,-9431000.0,0.0,-7924000.0,-0.970522,0.0,0.0,68819000.0,35374000.0,51768000.0,8052000.0,33445000.0,0.0,-3204279000.0,264993518.25640202,278844518.256402,3.476081231853852,6.429210134128167,0.35953733707261076,0.6994685362130378,-0.1318096378728147,3.476081231853852,-0.266608243342568,0.0,-7.024533937451013,7.491194613456267,0.0,0.0,0.0,0.0,6.329980129160457,-0.13704064284572576,-39.21762886730828,0.0,-0.2857150427237199,0.08135892823770623,-1.0,-0.6376796161866082,0.0,-0.2931578225695873,-0.11574204449450859,0.3270093554493767,-1.0,-0.5518889292275024,Medical Distribution,Healthcare,GEG
2014Q2,2014,Q2,2013-12-31,2013-12-31,-7293000.0,0.0,-7102000.0,-0.75485,0.0,0.0,75612000.0,43760000.0,51689000.0,7091000.0,31852000.0,0.0,-3194848000.0,167604428.838959,180372428.838959,4.3236659153934855,7.289380905373008,0.3151748399724911,0.5445840950639854,-0.10507316062789425,4.3236659153934855,-0.16665904936014625,0.0,-5.745386975145996,3.8300829259359923,0.0,0.0,0.0,0.0,7.206458891552672,-0.09645294397714649,-20.618086952756673,0.0,0.0,0.9132070684417022,-1.0,-0.588216362743916,0.0,-0.01489006401335931,-0.07818430241384546,-0.2424878874769565,-1.0,-0.5206550033512686,Medical Distribution,Healthcare,GEG
2014Q1,2014,Q1,2013-09-30,2013-09-30,-7186000.0,0.0,-6587000.0,-0.75485,0.0,0.0,83555000.0,49297000.0,49647000.0,9690000.0,34258000.0,0.0,-3187555000.0,196642519.08,209969519.08,5.204396916740312,5.123529411764705,0.27469331578002515,0.46558614114449154,-0.09117081205276198,5.204396916740312,-0.14576951944337382,0.0,-6.841167516003341,3.988934804957706,0.0,0.0,0.0,0.0,5.07296181630547,-0.08600323140446413,18.813865200918485,0.0,0.2222226801659313,0.44561900534923427,-1.0,-0.7225593936342477,0.0,0.1748765644735331,0.3088142707240294,-84.24979884576572,-1.0,-0.4494208526877668,Medical Distribution,Healthcare,GEG
2013Q4,2013,Q4,2013-06-30,2013-06-30,-8709000.0,85000.0,-9530000.0,-0.970522,0.0,0.0,78238000.0,43927000.0,76165000.0,10471000.0,34311000.0,0.0,-3180369000.0,197756917.32,172239917.32,5.144443662386677,7.273899341037151,0.28242030726756817,0.5030163680651991,-0.14503871152056574,5.144443662386677,-0.1982607507910852,2326.5519684705882,-5.676797488804684,4.5019445288774556,0.0,0.0,0.0,0.0010864285896878755,5.586285932575685,-0.11131419514813773,-25.172723691446027,0.0,0.30769225282035,-4.629534512505227,-0.9954193234314854,-0.7436098663020215,0.0,0.2852101116217991,0.1511534693150441,-1.779491915881083,-0.9982218253503272,-0.44912114505654643,Medical Distribution,Healthcare,GEG
2013Q3,2013,Q3,2013-03-31,2013-03-31,-12184000.0,30000.0,-11227000.0,-1.401865,0.0,0.0,50444000.0,36513000.0,49014000.0,12213000.0,13931000.0,0.0,-3171659000.0,214724522.200429,206482522.200429,4.325964947990203,4.013264554163596,0.0,0.0,-0.3074795278393997,4.325964947990203,-0.3336893709089913,7157.484073347633,-4.405870859332505,5.880769101427683,0.0,0.0,0.0,0.0005947188962017287,2.355195283714075,-0.24153516771072872,-6.650906681134551,0.0,0.0,0.25065228542564494,-0.9995311887452819,-0.7801024785308222,1.0,-0.04944013781223083,-0.2683009489380931,-1.6625830329170999,-0.9993132315368881,-0.5502082516541406,Medical Distribution,Healthcare,GEG
2013Q2,2013,Q2,2012-12-31,2012-12-31,-11610000.0,3000.0,-8852000.0,-1.401865,-3153000.0,-1051.0,64283000.0,44471000.0,59511000.0,18667000.0,19812000.0,0.0,-3159477000.0,119258294.4,94643294.4,5.369709530241278,3.1880323565650612,0.0,0.0,-0.199051066987475,5.369709530241278,-0.2610690112657687,39752.764800000004,-2.568008062015504,2.6817093026916416,0.0,0.0,0.0,4.6668637120233966e-05,3.0687309155193656,-0.18060762565530544,-7.826374484840531,-1051.0,0.23529408555930373,-3.1977040136389703,-0.9999561916127253,-0.7479184575907034,-1052.0,0.2316346790205162,0.10422991297308237,-51.90629009851311,-0.9999436729711825,-0.4667432925557225,Medical Distribution,Healthcare,GEG
2013Q1,2013,Q1,2012-09-30,2012-09-30,-15110000.0,3000.0,-9882000.0,-1.833208,3000.0,1.0,80596000.0,55342000.0,72742000.0,23876000.0,25254000.0,0.0,-3147866000.0,2568079128.6,2536940128.6,6.633077388579653,3.0466577316133354,0.0,0.0,-0.17856239384192837,6.633077388579653,-0.2730295254960067,856026.3761999999,-42.489727475182,46.403800524014315,0.0,0.0,0.0,3.722269095240459e-05,2.9307672977048083,-0.18747828676361109,-173.12114929216665,1.0,-1.4722222866205728,0.023757903604085077,-0.9999564618685478,-0.6797196946475597,-0.25,-1.4743666216682887,-0.22,-15.130113061621762,-0.9999442760157266,-0.32204821605970024,Medical Distribution,Healthcare,GEG
2012Q4,2012,Q4,2012-06-30,2012-06-30,31853000.0,4000.0,-8100000.0,3.882087,4000.0,1.0,97493000.0,68629000.0,87529000.0,27078000.0,28864000.0,0.0,-3132756000.0,2508695392.32,2468986392.32,8.390770336024499,3.2324765492281555,0.0,0.0,-0.06450614322478854,8.390770336024499,0.4641332381354821,627173.84808,19.689631999497696,36.55445063049149,0.0,0.0,0.0,4.102858666776076e-05,3.08623236575818,0.3267208927820459,-122.87287027085273,1.0,4.251813922008473,1.239833891722474,-0.9999150458107753,-0.6242098297377244,-0.8,4.339939184229841,-0.4091858037578288,9.734489258254987,-0.9999211975979008,-0.10844637124840124,Medical Distribution,Healthcare,GEG
2012Q3,2012,Q3,2012-03-31,2012-03-31,-9537000.0,20000.0,-5748000.0,-1.193822,20000.0,1.0,97434000.0,30593000.0,86460000.0,58268000.0,66841000.0,0.0,-3164608000.0,2426307007.32,2398481007.32,3.8295672938204306,1.4838333218919475,0.0,0.0,-0.18788611773935213,3.8295672938204306,-0.31173797927630503,121315.35036600001,-63.60246952186223,79.30922130291243,0.0,0.0,0.0,0.00020526715520249604,1.0583682295599643,-0.09788164295831024,-268.81309631287394,1.0,0.07743798632024487,0.6863210874625257,-0.9996990154528304,-0.915785809640827,-0.998860009119927,0.08218650755461457,0.20826446280991737,-0.1833733638045838,-0.999568329478717,-0.6008349059793872,Medical Distribution,Healthcare,GEG
2012Q2,2012,Q2,2011-12-31,2011-12-31,-10391000.0,35868000.0,-7260000.0,-1.294029,17544000.0,0.4891267982602877,112449000.0,36535000.0,97950000.0,63415000.0,75914000.0,0.0,-3155072000.0,2443144647.6,2409092647.6,4.602868279226481,1.544587242765907,0.0,0.0,-0.2728012453757171,4.602868279226481,-0.28441220747228685,68.11488367346938,-58.78030621691848,66.8713465882031,0.0,0.0,0.0,0.31897126697436173,1.4016872979578965,-0.09240633531645458,779.3124872727273,0.4891267982602877,-5.000003091123222,0.2816423385506772,-0.5337651035868223,-0.9223118106041329,-0.4837266788299688,-4.933005299015897,-3.388943731490622,0.8423187303885857,-0.2776251529062831,-0.5616252784281001,Medical Distribution,Healthcare,GEG
2012Q1,2012,Q1,2011-09-30,2011-09-30,2642000.0,52396000.0,3039000.0,0.323507,33982000.0,0.6485609588518207,130296000.0,46069000.0,108619000.0,66019000.0,84227000.0,0.0,-3144681000.0,2418069162.2400002,2394087162.2400002,5.811615308381826,1.6452687862585014,0.0,0.0,0.05622028387993046,5.811615308381826,0.05734875946949142,46.14988094969082,228.81048090840272,52.487988934858585,0.0,0.0,0.0,0.4021305335543685,1.407170662990957,0.020276907963406397,-135.51920429524185,0.6485609588518207,1.1299078818446118,1.115651244588896,-0.3846125499957297,-0.9050729437261406,0.8400476499891705,1.1323647294589179,1.2875662376987131,1.2435522171125861,-0.0060628747882543,-0.6901892570999698,Medical Distribution,Healthcare,GEG
2011Q4,2011,Q4,2011-06-30,2011-06-30,-19960000.0,35215000.0,-10568000.0,-2.49028,18468000.0,0.5244356098253585,147817000.0,42945000.0,119314000.0,81572000.0,104872000.0,0.0,-3147323000.0,2433289109.7599998,2386023109.7599998,5.417521965279418,1.4626832736723385,0.0,0.0,-0.2543587560478445,5.417521965279418,-0.4647805332401909,69.09808632003407,-30.477068008016033,56.66059168145301,0.0,0.0,0.0,0.2382337620165475,1.2688912862256656,-0.135031829897779,-486.463236657337,0.5244356098253585,-0.7764050033348432,-3.202028978706877,-0.5849726762297748,-0.9143190190547591,-0.153232462173315,-0.844050258684405,-0.059554842590735915,-9.960337726099603,1.044182177838252,-0.7300001181575148,Medical Distribution,Healthcare,GEG
2011Q3,2011,Q3,2011-03-31,2011-03-31,-10824000.0,38892000.0,-9974000.0,-1.401865,21810000.0,0.5607837087318729,157135000.0,60973000.0,122814000.0,69963000.0,96162000.0,0.0,-3127364000.0,2468415637.8,2413692637.8,7.75718668557205,1.7554135757471807,0.0,0.0,-0.16958111559497321,7.75718668557205,-0.17752119790727044,63.46846749460044,-57.012556305432376,40.48374916438424,0.0,0.0,0.0,0.24750692080058548,1.5375984448923001,-0.06888344417220861,-205.5813806779379,0.5607837087318729,-1.5999992581313442,-2.220184409305806,-0.6288389570101237,-0.8769154126005411,-0.08572626283797946,-1.3867695700110254,-1.3446168312176774,0.2851540171485558,-0.34736816865115766,-0.6056865586662947,Medical Distribution,Healthcare,GEG
2011Q2,2011,Q2,2010-12-31,2010-12-31,-4535000.0,39911000.0,-4254000.0,-0.539179,23855000.0,0.5977048933877879,172252000.0,70533000.0,141301000.0,70598000.0,101719000.0,0.0,-3116538000.0,2403094066.38,2347553066.38,9.019945854492581,2.0014872942576276,0.0,0.0,-0.06763496565637289,9.019945854492581,-0.06429614506684814,60.21132185061763,-132.47486584233738,34.07049276764068,0.0,0.0,0.0,0.2317012284327613,1.7295957392560697,-0.02632770591923461,-523.5499055294118,0.5977048933877879,-60.16692907012676,-1.4777013933907082,-0.660254561622159,-0.8706705365978431,-0.14955436720142604,-64.87323943661971,-1.7968441814595661,-1.909184344989494,-0.38274261216662664,-0.576557754075263,Medical Distribution,Healthcare,GEG
2011Q1,2011,Q1,2010-09-30,2010-09-30,71000.0,41528000.0,-1521000.0,0.009112844091687533,28050000.0,0.6754478905798498,189326000.0,73647000.0,158702000.0,77734000.0,115679000.0,0.0,-3112003000.0,2450488538.52,2390202538.52,9.452586321415659,2.041603416780302,0.0,0.0,-0.030129932115525813,9.452586321415659,0.0009640582780018195,59.00810389424003,8628.480769436619,33.273433249419526,0.0,0.0,0.0,0.21934652398508392,1.7937710654282553,0.0003750145252104835,-623.3753595828033,0.6754478905798498,1.024834021233649,1.0077152548232704,-0.6648100060402793,-0.658552265769191,-0.03055229142185664,1.024833857992305,-0.017391304347826087,1.004912321610971,-0.354605998515437,-0.5435787861293769,Medical Distribution,Healthcare,GEG
2010Q4,2010,Q4,2010-06-30,2010-06-30,-2859000.0,43617000.0,-1495000.0,-0.36695,28934000.0,0.6633652016415618,188609000.0,72759000.0,155324000.0,75502000.0,115850000.0,0.0,-3112075000.0,2347644685.32,2286709685.32,9.338611595311173,2.0572170273635138,0.0,0.0,-0.037536544011748364,9.338611595311173,-0.039294107945408815,53.824075138592754,-205.28547440713535,32.26603836391374,0.0,0.0,0.0,0.2312561966820247,1.8185743424015257,-0.015158343451266907,-519.8504617626219,0.6633652016415618,0.32316154295927535,0.9617450020693705,-0.6371484406894982,-0.6119695944190456,0.12895548012017635,0.31944775053558677,0.6763368694522623,0.977401698608093,-0.02751697913169421,-0.5817596834526206,Medical Distribution,Healthcare,GEG
2010Q3,2010,Q3,2010-03-31,2010-03-31,-4201000.0,40103000.0,-4619000.0,-0.542153,25629000.0,0.6390793706206518,187055000.0,74525000.0,153458000.0,74618000.0,112530000.0,0.0,-3109217000.0,2307881445.3599997,2248035445.3599997,9.617706336097184,2.0565815218848,0.0,0.0,-0.08271112641818344,9.617706336097184,-0.056370345521637034,57.54884785078422,-137.34119527255413,30.967882527474,0.0,0.0,0.0,0.21439148913421185,1.8054892921279049,-0.022458635160781587,-521.7909666199412,0.6390793706206518,-21.0418743090892,-0.29115083608317,-0.6968117185527497,-0.7078162912031655,-0.1263039476375537,-20.72300469483568,-9.367753623188406,0.8575481441716287,-0.3777957767431896,-0.7885016008169693,Medical Distribution,Healthcare,GEG
2010Q2,2010,Q2,2009-12-31,2009-12-31,213000.0,49742000.0,552000.0,0.02705101287628213,29334000.0,0.5897229705279241,201739000.0,77886000.0,158171000.0,78359000.0,123853000.0,0.0,-3105016000.0,2242451761.92,2170603761.92,10.0696521117878,2.0185428604244566,0.0,0.0,0.004546960664474398,10.0696521117878,0.002734766196749095,45.081656586385755,2631.985636056338,28.791461391264157,0.0,0.0,0.0,0.24656610769360413,1.7298714889163975,0.0010558196481592554,376.7560083870968,0.5897229705279241,-0.7491467332219098,-0.9095758765949855,-0.5787252438804773,-0.6880345158960582,0.08231561081799063,-0.7848484848484848,1.3034634414513468,1.0151111883186303,-0.3364762239926567,-0.8300422708288907,Medical Distribution,Healthcare,GEG
2010Q1,2010,Q1,2009-09-30,2009-09-30,990000.0,49842000.0,-1819000.0,0.107836,27103000.0,0.5437783395529875,199822000.0,75574000.0,160350000.0,76649000.0,124248000.0,0.0,-3105230000.0,2241267509.52,2154802509.52,9.783995773309684,2.0920038095735105,0.0,0.0,-0.028027652671361432,9.783995773309684,0.013099743297959616,44.96744732394366,565.9766438181819,29.656594986635614,0.0,0.0,0.0,0.24943199447508282,1.8425680700335294,0.004954409424387705,-238.53421770114943,0.5437783395529875,1.2418552492879091,-0.19085678267855527,-0.5334936136262972,-0.6849115698191092,-0.07311651448308881,1.2874564459930313,0.23086680761099365,1.04447423284791,-0.3992389939378173,-0.8401879911052172,Medical Distribution,Healthcare,GEG
2009Q4,2009,Q4,2009-06-30,2009-06-30,-3444000.0,47937000.0,-2365000.0,-0.44587,29241000.0,0.6099881093935791,208367000.0,72696000.0,166990000.0,82103000.0,135671000.0,0.0,-3106218000.0,2038274298.36,1946729298.36,9.41140282023607,2.033908626968564,0.0,0.0,-0.04416348182260745,9.41140282023607,-0.04737537140970617,42.519855192440076,-147.9583549912892,28.038328083525915,0.0,0.0,0.0,0.2300604222357667,1.7074771932816097,-0.016528528989715262,614.6786183232811,0.6099881093935791,0.5405874364517239,-2.6550876514335866,-0.5119240782356597,-0.6713858738141707,0.010296099229520092,0.5565855542680571,0.5191134607564051,0.25592378473399563,-0.4202034564078906,-0.8511536767406458,Medical Distribution,Healthcare,GEG
2009Q3,2009,Q3,2009-03-31,2009-03-31,-7767000.0,44652000.0,-4918000.0,-0.970522,28943000.0,0.648190450595718,206434000.0,73864000.0,164490000.0,79870000.0,132570000.0,0.0,-3108330000.0,1831135868.16,1743135868.16,9.593943336194302,2.059471641417303,0.0,0.0,-0.07205532158254732,9.593943336194302,-0.10515271309433553,41.00904479441011,-58.9396120818849,24.790640476551502,0.0,0.0,0.0,0.2163015782283926,1.7116314010266684,-0.037624616100061035,435.6735351320486,0.648190450595718,0.8831168424510969,-0.030951152679311162,-0.5418324411624844,-0.6728756808643144,0.014120532585844428,0.8782411036212573,0.9198043212392988,-1.8938993882714417,-0.5649484980001991,-0.8477712855273147,Medical Distribution,Healthcare,GEG
2009Q2,2009,Q2,2008-12-31,2008-12-31,-63790000.0,48064000.0,-61325000.0,-8.303352,28540000.0,0.5937916111850865,226255000.0,80675000.0,166014000.0,80209000.0,145580000.0,0.0,-3100563000.0,1950058087.2,1883905087.2,10.499848765735782,2.069767731800671,0.0,0.0,-0.7726117882327675,10.499848765735782,-0.790703439727301,40.57211399800266,-7.6424913277943265,24.17177672389216,0.0,0.0,0.0,0.2124328744116152,1.7215524442394246,-0.2819385206956752,-258.73133703064883,0.5937916111850865,-4.923075331790152,-4.078939634270096,-0.49935819214412386,-0.6424443256488828,-0.05100751479683448,-5.072924600152323,-10.139872842870117,-7.838554528143189,-0.583597401303184,-0.849451445875359,Medical Distribution,Healthcare,GEG
2009Q1,2009,Q1,2008-09-30,2008-09-30,-10504000.0,51045000.0,-5505000.0,-1.401865,30074000.0,0.5891664217846998,322711000.0,143988000.0,197728000.0,114190000.0,178723000.0,0.0,-3036401000.0,1915889664.0,1854452664.0,18.758598407470714,1.7315701900341536,0.0,0.0,-0.039834791943297164,18.758598407470714,-0.07295052365474901,37.533346341463414,-45.59904950495049,13.305898158179847,0.0,0.0,0.0,0.15817558124761782,1.4268412295297312,-0.03254924684934818,-563.49696,0.5891664217846998,-6.006660714285713,0.45476621592480226,-0.45483336347509096,-0.38698807961526266,1.5093032957863997,-5.869726471951785,0.7631544981284688,-0.15857761770081616,-0.5818022103548541,-0.3223991079494013,Medical Distribution,Healthcare,GEG
2008Q4,2008,Q4,2008-06-30,2008-06-30,2157000.0,16681000.0,-23243000.0,0.28,11985000.0,0.7184821053893652,504744000.0,154015000.0,364099000.0,283173000.0,350729000.0,0.0,-3025897000.0,2319331814.4,2273023814.4,20.064904948513778,1.285782895968189,0.2968673228408857,0.972905236502938,-0.08009474522472378,20.064904948513778,0.01400512937051586,139.04033417660813,268.814535744089,15.059129399084506,0.0,0.0,0.0,0.03304843643510374,1.1242561967419211,0.004273453473443964,-147.85999071783758,0.7184821053893652,1.1442523426838045,1.1241785157040074,-0.8179735828498469,-0.38645915445010803,-0.6411031921902138,1.1462571196094387,-0.7957969558834892,1.0292956182463298,-0.8591445096134747,-0.16627936330232737,Medical Distribution,Healthcare,GEG
2008Q3,2008,Q3,2008-03-31,2008-03-31,-14748000.0,58043000.0,-12943000.0,-1.941043,33394000.0,0.5753320813879366,468826000.0,150610000.0,305045000.0,255953000.0,318216000.0,0.0,-3028055000.0,2339003071.2,2308480071.2,19.67264077870271,1.1918008384351815,0.31917171829207425,0.9935329659385167,-0.04530116571334692,19.67264077870271,-0.097921784742049,40.29776323070826,-39.649496053702194,15.530197670805391,0.0,0.0,0.0,0.1238049937503466,1.0983735295151844,-0.031457299723138224,-185.57625128530623,0.5753320813879366,-4.000001545561611,0.5418099050688832,-0.34046619886426827,-0.4742494536088366,0.029979643451977053,-4.025851456709068,0.021693121693121695,-3.587718414600777,-0.5558550525664194,-0.40234969298493645,Medical Distribution,Healthcare,GEG
2008Q2,2008,Q2,2007-12-31,2007-12-31,4874000.0,63181000.0,-13230000.0,0.647014,32422000.0,0.5131606020797391,482150000.0,162764000.0,313694000.0,260170000.0,319386000.0,0.0,-3013306000.0,2292291600.0,2291272600.0,21.301478398298016,1.205727024637737,0.309924297417816,0.9180777076011895,-0.04452179497892361,21.301478398298016,0.02994519672654887,36.28134407495924,117.57753385309807,14.083529527413924,0.0,0.0,0.0,0.13104013273877424,1.087016181727332,0.010108887275744063,-119.97129847699796,0.5131606020797391,1.352940855593037,1.1187974206941813,-0.3198261894040588,-0.4893819835805675,-0.03715142695928489,1.3445740544361966,0.15967987804878048,1.0945298499671416,-0.4583421850427771,-0.3400639915975345,Medical Distribution,Healthcare,GEG
2008Q1,2008,Q1,2007-09-30,2007-09-30,-14145000.0,62972000.0,-15744000.0,-1.833208,33673000.0,0.5347297211459061,517680000.0,157914000.0,310675000.0,283394000.0,359766000.0,0.0,-3018180000.0,2220693471.8747997,2242538471.8747997,20.71022562964193,1.0962652702597797,0.28825336114974504,0.9449637144268399,-0.055069120574796626,20.71022562964193,-0.08957407196322048,35.26477596193228,-39.248735805493105,14.062676342026672,0.0,0.0,0.0,0.12164271364549528,0.9215544436367742,-0.02732382939267501,-179.62415852744476,0.5347297211459061,0.88710417814947,0.9270673539319303,-0.36783493109770476,0.0,0.38208011820719096,0.8857560534349912,0.4744467069466235,-12.711526460501693,-0.40292351392385983,-0.333038092663802,Medical Distribution,Healthcare,GEG
2007Q4,2007,Q4,2007-06-30,2007-06-30,-123814000.0,43894000.0,-29957000.0,-16.23805,24364000.0,0.5550644735043514,548287000.0,170252000.0,365120000.0,157929000.0,378035000.0,0.0,-3003850000.0,2232579211.2000003,2301015211.2000003,22.32833905732106,2.3119249789462355,0.2717864913813386,0.8752731245447924,-0.10915482439850412,22.32833905732106,-0.7272396212672979,50.862970137148594,-4.5079296590046365,13.113380231656603,0.0,0.0,0.0,0.08005661268642153,1.9853098544282557,-0.22581968932329236,-904.6107014586711,0.5550644735043514,-3.302323825309976,0.8137013566254986,-0.5529092587988772,0.0,-0.342969634863276,-2.8084896954783143,0.13603853031089577,-132.11431341142475,-0.5472671166327693,-0.22037046244308592,Medical Distribution,Healthcare,GEG
2007Q3,2007,Q3,2007-03-31,2007-03-31,-32510000.0,71052000.0,-34674000.0,-3.774251,37082000.0,0.5218994539210718,752033000.0,388443000.0,452609000.0,143506000.0,363590000.0,0.0,-2880036000.0,2584145503.7999997,2633254503.7999997,45.47413301116299,3.153937814446783,0.1978782845965536,0.3830961041903188,-0.06569518503225649,45.47413301116299,-0.08369310297778568,36.36977852558689,-19.87192789756998,6.652573231593824,0.0,0.0,0.0,0.09447989649390386,2.914888576087411,-0.043229485940111674,175.48183510797227,0.5218994539210718,-1.058823112270948,0.8237996677680247,-0.4643137364911917,0.0,-0.24119585012993922,-1.0607251521298176,-0.6773413312693498,-2.8893278594829983,-0.34289839522260607,0.550529774700874,Medical Distribution,Healthcare,GEG
2007Q2,2007,Q2,2006-12-31,2006-12-31,-15776000.0,83904000.0,-20672000.0,-1.833208,48869000.0,0.5824394546147978,889110000.0,512902000.0,568253000.0,156184000.0,376208000.0,0.0,-2847526000.0,,,,,,,,,,,,,,,,,,,,,,,,,,,,,,,Medical Distribution,Healthcare,GEG
2007Q1,2007,Q1,2006-09-30,2006-09-30,-24537000.0,91451000.0,-28573000.0,-2.911565,53820000.0,0.5885118806792708,912053000.0,521264000.0,588176000.0,168686000.0,390789000.0,0.0,-2831750000.0,,,,,,,,,,,,,,,,,,,,,,,,,,,,,,,Medical Distribution,Healthcare,GEG
