Year,Date,FillingDate,NetIncome,Revenue,OperatingIncome,EPSDiluted,GrossProfit,GrossProfitRatio,TotalAssets,CommonStockEquity,CurrentAssets,CurrentLiability,TotalLiability,Inventory,RetainedEarnings,EnterpriseValue,bookValuePerShare,currentRatio,debtToAssets,debtToEquity,roic,shareholdersEquityPerShare,roe,priceToSalesRatio,peRatio,pbRatio,payoutRatio,inventoryTurnover,dividendYield,assetTurnover,quickRatio,returnOnAssets,priceToFreeCashFlowsRatio,grossProfitMargin,epsdilutedGrowth,fiveYNetIncomeGrowthPerShare,fiveYRevenueGrowthPerShare,fiveYShareholdersEquityGrowthPerShare,grossProfitGrowth,netIncomeGrowth,operatingIncomeGrowth,threeYNetIncomeGrowthPerShare,threeYRevenueGrowthPerShare,threeYShareholdersEquityGrowthPerShare,Industry,Sector,Price,MarketCap,AvgVolume,Symbol
2022,2022-12-31,2023-03-01,-481994000.0,215040000.0,-404357000.0,-5.03,141022000.0,0.6557942708,1220140000.0,1045595000.0,1124336000.0,139842000.0,174545000.0,31621000.0,-1861360000.0,1953189119.7999997,10.913587955850359,8.040045193861644,0.016713655809989018,0.019503727542691005,-0.40490859169258553,10.913587955850359,-0.4609758080327469,13.677762833891368,-6.102287828894136,2.813007062772871,0.0,2.340786186395117,0.0,0.17624207058206434,7.5588235294117645,-0.3950317176717426,-7.491266803013554,0.6557942708333333,0.3302263648468708,-1.2275829310225799,0.0,0.009481046476739993,0.5316325089874339,0.30944835411699984,0.4223999520043882,-0.778001345944776,10.126786344289476,1.3841105332534853,Biotechnology,Healthcare,27.56,2711592682,598259,ZLAB
2021,2021-12-31,2022-03-01,-697984000.0,144312000.0,-700064000.0,-7.51,92073000.0,0.6380134708,1609956000.0,1379956000.0,1500881000.0,192901000.0,230000000.0,18951000.0,-1418074000.0,4895994239.2,14.839495203636197,7.780576565181104,0.0096524377063721,0.0112612286188835,-0.492304845733329,14.839495203636197,-0.5058016342550052,40.49943344420422,-8.373478817852558,4.2353192704694935,0.0,2.75652999841697,0.0,0.08963723232187712,7.588913484118796,-0.4335422831431418,-10.28646648186575,0.638013470813238,-1.1705202312138727,-9.140595076417343,0.0,15.193014306448683,1.8574576376388803,-1.5956527398151763,-1.3196212073518643,-1.907915670230805,629.6876154206145,2.109358359201618,Biotechnology,Healthcare,27.56,2711592682,598259,ZLAB
2020,2020-12-31,2021-03-01,-268905000.0,48958000.0,-301801000.0,-3.46,32222000.0,0.6581559704,1297638000.0,1169345000.0,1216036000.0,98043000.0,128293000.0,13144000.0,-713603000.0,10088034337.62,15.055735558068168,12.403088440786185,0.014332194340794583,0.01590463036999346,-0.2511826277068658,15.055735558068168,-0.22996207278433653,214.70550957187794,-39.0902078340678,8.98926521909274,0.0,1.2732805842970176,0.0,0.037728549872922956,12.157492120804138,-0.20722651463659356,-46.362768553924596,0.6581559704236284,-0.22261484098939924,-7.668069007528402,0.0,41.4104821359024,2.488760489587151,-0.4764039809589924,-0.48527082522057685,-0.5330149387132769,0.0,0.39261989257056323,Biotechnology,Healthcare,27.56,2711592682,598259,ZLAB
2019,2019-12-31,2019-12-31,-182135109.0,12984751.0,-203195939.0,-2.83,9235945.0,0.7112916528,355153488.0,294660034.0,292464293.0,46635257.0,60493454.0,6004932.0,-444697632.0,2622973166.1000004,4.57763505660834,6.271312989655016,0.06132028752593864,0.07390929032472725,-0.5740662776352385,4.57763505660834,-0.6181194868117066,206.17469592601356,-14.698577906250904,9.085477432273697,0.0,0.6242878353993018,0.0,0.03656095586480626,5.998110914238127,-0.5128349154774456,-12.979821331568512,0.7112916528010433,-0.09689922480620154,-6.083987223458802,0.0,13.28664245372065,106.56731732314644,-0.3412489298127178,-0.4332982158847293,-2.822765756573143,0.0,5.378210913281144,Biotechnology,Healthcare,27.56,2711592682,598259,ZLAB
2018,2018-12-31,2019-03-29,-135795157.0,129452.0,-141768082.0,-2.58,85862.0,0.6632728733,301987149.0,251081713.0,269144397.0,48841494.0,50905436.0,3822.0,-249626508.0,1162290797.2,4.772526511690501,5.510568472782589,0.012062155664776319,0.014507691366595065,-0.5457315929812818,4.772526511690501,-0.5408404912388024,9436.700770942125,-8.995900996675454,4.865347514177585,0.0,11.40502354788069,0.0,0.000428667247691391,5.392777604223163,-0.44967197263086184,-11.34726690077747,0.6632728733430152,-0.14159292035398244,-5.4622196517143,0.0,13.809742612704062,0.0,-1.7641281091647265,-1.7586149849168249,-5.4622196517143,0.0,13.809742612704062,Biotechnology,Healthcare,27.56,2711592682,598259,ZLAB
2017,2017-12-31,2017-12-31,-49127664.0,0.0,-51391036.0,-2.26,0.0,0.0,249634228.0,235170960.0,230614654.0,12069144.0,14463268.0,0.0,-110551613.0,254556222.82000005,10.81108753249071,19.107788754529732,0.0,0.0,-0.21413758424984344,10.81108753249071,-0.2089019154405799,0.0,-9.8562873011833,2.0589972963498555,0.0,0.0,0.0,0.0,19.02870228410565,-0.19679858965494107,-11.672307990697472,0.0,-2.054054054054054,-4.654262583249106,0.0,30.017596511070106,0.0,-0.346143264128744,-0.3338169825608827,-4.654262583249106,0.0,30.017596511070106,Biotechnology,Healthcare,27.56,2711592682,598259,ZLAB
2016,2016-12-31,2016-12-31,-36495123.0,0.0,-38529301.0,-0.74,0.0,0.0,88907285.0,-51551749.0,84092297.0,5173456.0,140459034.0,0.0,-60167437.0,1293165100.79,-1.0455492317015267,16.25456889939723,0.0,0.0,0.7271263505130344,-1.0455492317015267,0.7079318104221838,0.0,-37.73418905287701,-26.71323277101617,0.0,0.0,0.0,0.0,16.22682593608605,-0.4104851812762025,-40.0468992941278,0.0,-0.8499999999999999,-0.8531052318018901,0.0,-1.806315798183583,0.0,-0.8531052318018901,-1.3566133194678203,-0.8531052318018901,0.0,-1.806315798183583,Biotechnology,Healthcare,27.56,2711592682,598259,ZLAB
2015,2015-12-31,2015-12-31,-19694037.0,0.0,-16349437.0,-0.4,0.0,0.0,13939825.0,-18369903.0,13229716.0,3940985.0,32309728.0,0.0,-22655225.0,1363953174.79,-0.37257005515140856,3.3569566999113167,0.0,0.0,0.9725994979289755,-0.37257005515140856,1.0720817088691215,0.0,-69.925423151688,-74.96576714585808,0.0,0.0,0.0,0.0,3.3394433117608924,-1.4127894001538757,-112.84692198308993,0.0,0.0,0.0,0.0,0.0,0.0,0.0,0.0,0.0,0.0,0.0,Biotechnology,Healthcare,27.56,2711592682,598259,ZLAB
TTM,,,,,,,,,,,,,,,,1852045682.0,10.413931416841224,8.608686576750161,0.017346766101973037,0.020271822396583445,-0.3229437426530627,10.413931416841224,-0.32078565437558176,11.732706292132887,-7.5696743970952465,2.6464549166734916,0.0,2.075563077724255,0.0,0.19752084056222086,7.956976557482338,-0.299166548440526,-7.360318023273173,0.6550966189845704,,,,,,,,,,,Biotechnology,Healthcare,27.56,2711592682,598259,ZLAB
