Quarters,Year,Quarter,FillingDate,Date,NetIncome,Revenue,OperatingIncome,EPSDiluted,GrossProfit,GrossProfitRatio,TotalAssets,CommonStockEquity,CurrentAssets,CurrentLiability,TotalLiability,Inventory,RetainedEarnings,MarketCap,EnterpriseValue,bookValuePerShare,currentRatio,debtToAssets,debtToEquity,roic,shareholdersEquityPerShare,roe,priceToSalesRatio,peRatio,pbRatio,payoutRatio,inventoryTurnover,dividendYield,assetTurnover,quickRatio,returnOnAssets,priceToFreeCashFlowsRatio,grossProfitMargin,epsdilutedGrowth,fiveYNetIncomeGrowthPerShare,fiveYRevenueGrowthPerShare,fiveYShareholdersEquityGrowthPerShare,grossProfitGrowth,netIncomeGrowth,operatingIncomeGrowth,threeYNetIncomeGrowthPerShare,threeYRevenueGrowthPerShare,threeYShareholdersEquityGrowthPerShare,Industry,Sector,Symbol
2023Q1,2023,Q1,2023-04-28,2023-03-31,103066000.0,1000530000.0,134586000.0,3.64,234626000.0,0.2345017141,3762370000.0,2183215000.0,3426602000.0,208426000.0,1579155000.0,2657409000.0,1939049000.0,1741410180.0,2176012180.0,79.09626114049706,16.44037692034583,0.25972086743196443,0.4475812047828546,0.031668226500658155,79.09626114049706,0.04720836014776374,1.740487721507601,4.224017086138979,0.7976356794910259,0.0,0.28821457291670194,0.0,0.26593078299050865,2.6031493191828274,0.02739390331094496,6.981838585518402,0.23450171409153148,-0.21720430107526886,4.8138266343542515,1.3282754329698843,1.828843155933109,-0.14535699064950772,-0.20958625714176157,-0.181280644337109,2.349618477580219,0.7871854044814462,1.1707088447789595,Residential Construction,Consumer Cyclical,MHO
2022Q4,2022,Q4,2023-02-17,2022-12-31,130395000.0,1217000000.0,164386000.0,4.65,274531000.0,0.225580115,3714923000.0,2070725000.0,3382683000.0,228597000.0,1644198000.0,2828602000.0,1835983000.0,1266948300.0,1954923300.0,75.47749225441953,14.79758264544154,0.35170796272224214,0.6309712781755182,0.03796619080243179,75.47749225441953,0.0629706986683408,1.0410421528348397,2.429058437823536,0.6118380277439062,0.0,0.333192509939539,0.0,0.32759763795911784,1.588367301408155,0.03510032374829842,6.572501750836511,0.22558011503697617,-0.004282655246252586,7.3003157031053725,0.9790063050705597,1.8013506327711033,0.009620653513046357,-0.009081237176077209,-0.017388445560237904,2.219051563018137,0.6913532283671211,1.1283861995076214,Residential Construction,Consumer Cyclical,MHO
2022Q3,2022,Q3,2022-10-28,2022-09-30,131590000.0,1012928000.0,167295000.0,4.67,271915000.0,0.2684445489,3587913000.0,1937773000.0,3267823000.0,296326000.0,1650140000.0,3016735000.0,1705588000.0,1000600139.9999999,1871684140.0,70.16340792236947,11.027797088341893,0.2614737313864634,0.4841356546922679,0.045067679412897,70.16340792236947,0.06790785091958655,0.987829480476401,1.900980583630975,0.5163660242969635,0.0,0.24563410442083908,0.0,0.2823167674355538,0.22867045078730858,0.036675917169674964,-10.658969895817798,0.26844454887218044,-0.025052192066805867,4.459059237628105,0.9692966824147695,1.4825963598393486,-0.043519401168537426,-0.03835191978836288,-0.08514477893528012,2.5234305879541328,0.5707497914353609,1.0565241981811173,Residential Construction,Consumer Cyclical,MHO
2022Q2,2022,Q2,2022-07-29,2022-06-30,136838000.0,1040654000.0,182865000.0,4.79,284287000.0,0.2731810957,3493324000.0,1818267000.0,3199470000.0,329384000.0,1675057000.0,2816265000.0,1573998000.0,1112106060.0,1865039060.0,64.843158232588,9.713495494620261,0.34040615757370346,0.6540013100386247,0.044881214823505995,64.843158232588,0.07525737419201911,1.0686607268121777,2.0317931787953634,0.6116296781495787,0.0,0.26857096189456603,0.0,0.297897933315089,0.9108062322395745,0.03917128786221948,143.9433160755889,0.27318109573402877,0.5158227848101266,6.178135635665751,1.0299730748784792,1.3372144693298649,0.33399809487163845,0.48997702501116086,0.4878564745128351,3.4528556763300022,0.6422535580714956,0.9791275812408168,Residential Construction,Consumer Cyclical,MHO
2022Q1,2022,Q1,2022-04-29,2022-03-31,91839000.0,860811000.0,122905000.0,3.16,213109000.0,0.2475677007,3306511000.0,1703689000.0,3001613000.0,281387000.0,1602822000.0,2582552000.0,1437160000.0,1260604400.0,1990572400.0,59.938397129186605,10.667205663374641,0.286880642465729,0.5567765008754532,0.03414851482400991,59.938397129186605,0.053905965231917326,1.4644380706101572,3.431560665948018,0.7399263597992357,0.0,0.250799209464127,0.0,0.2603381630969926,0.7768873473188171,0.027775198691309358,18.505371324554837,0.24756770069155715,-0.17493472584856395,3.7343124479549568,0.8408318984785018,1.2074282850117581,-0.12517549117002325,-0.190010848187118,-0.134264542214333,4.013093697315536,0.7309329290629224,0.8912884833284448,Residential Construction,Consumer Cyclical,MHO
2021Q4,2021,Q4,2022-02-17,2021-12-31,113383000.0,1051752000.0,141966000.0,3.83,243602000.0,0.2316154379,3239853000.0,1624184000.0,2964457000.0,244505000.0,1615669000.0,2452434000.0,1345321000.0,1792835940.0,2569941940.0,56.33073214719245,12.124320566041595,0.3128148098077289,0.6239896464932545,0.0423426104606102,56.33073214719245,0.06980920880885418,1.7046185222371815,3.953052794510641,1.1038379518576713,0.0,0.32952976512313886,0.0,0.324629543377431,0.9667205169628433,0.03499634088336724,-343.1921784073507,0.2316154378598757,0.2640264026402641,3.7182343743890356,0.7199045714433547,1.1244126070485605,0.09852358920244957,0.24580275128554477,0.13373263057019646,2.370215827767294,0.40227473997144814,0.8292111154247362,Residential Construction,Consumer Cyclical,MHO
2021Q3,2021,Q3,2021-10-29,2021-09-30,91012000.0,904319000.0,125220000.0,3.03,221754000.0,0.2452165662780501,3046600000.0,1544467000.0,2790157000.0,227311000.0,1502133000.0,2353143000.0,1231938000.0,1690650000.0,2429087000.0,52.8022905982906,12.274623753359934,0.3149721000459529,0.6213107822957693,0.03838498350582512,52.8022905982906,0.058927772493682286,1.8695283412158763,4.644030457522085,1.0946494810183707,0.0,0.2900652446536398,0.0,0.29682892404647804,0.9729269591000875,0.02987330138515066,-8.063577611904705,0.2452165662780501,-0.15363128491620118,6.0149991423308915,0.7237305905113184,1.0623752466295182,-0.08126180769613205,-0.15421859172730398,-0.11638934755916847,2.025131541970009,0.5500313639670503,0.7998338262780531,Residential Construction,Consumer Cyclical,MHO
2021Q2,2021,Q2,2021-07-29,2021-06-30,107607000.0,961040000.0,141714000.0,3.58,241368000.0,0.25115291767252146,2861412000.0,1466544000.0,2621035000.0,221909000.0,1394868000.0,2076469000.0,1140926000.0,1717329570.0,2212035570.0,50.10228553858768,11.811305535151796,0.3028267163204739,0.5908530531644465,0.04524179484279647,50.10228553858768,0.07337454587110923,1.7869491072171815,3.989818436532939,1.1710044635551338,0.0,0.34658451438475607,0.0,0.33586215476834513,1.675488601183368,0.03760625872820831,17.56769034831978,0.25115291767252146,0.25614035087719295,4.697975513446208,1.0185692401468398,0.9918604022991006,0.19376233363502826,0.26796361322555556,0.2732957761664735,2.763162813444558,0.6808109912072859,0.7543284893279728,Residential Construction,Consumer Cyclical,MHO
2021Q1,2021,Q1,2021-04-28,2021-03-31,84866000.0,828776000.0,111297000.0,2.85,202191000.0,0.24396338697066516,2709560000.0,1353422000.0,2470958000.0,198216000.0,1356138000.0,1960534000.0,1033319000.0,1713916050.0,2294286050.0,46.645597104945715,12.465986600476247,0.3222921802801931,0.6452311252513998,0.037585933490673476,46.645597104945715,0.06270475875225909,2.0680087864513452,5.048888983809771,1.266357462786921,0.0,0.3195991500274925,0.0,0.3058710639365801,1.477680913750656,0.03132095247936934,22.849167444340754,0.24396338697066516,0.0516605166051661,6.8484363717214505,1.1712715685067872,0.9023006554968063,-0.06902505732519269,0.059725534757688895,0.08137230135442373,3.55405598661525,0.834676014753291,0.6682593617206937,Residential Construction,Consumer Cyclical,MHO
2020Q4,2020,Q4,2021-02-19,2020-12-31,80083000.0,906427000.0,102922000.0,2.71,217182000.0,0.2396023066391447,2643045000.0,1258698000.0,2411711000.0,185669000.0,1384347000.0,1916608000.0,948453000.0,1274489040.0,1938029040.0,43.741242702251874,12.989303545556877,0.3497291949247932,0.73436996006985,0.03619964448072977,43.741242702251874,0.06362368097828074,1.406058116097601,3.9786504002097822,1.0125455351482247,0.0,0.3596170943667145,0.0,0.34294800126369396,1.4047040701463356,0.030299521952899023,-39.69876152504361,0.2396023066391447,0.07968127490039849,4.16743097538386,0.6557706448780412,0.8073069725190615,0.11653659890804775,0.08901641350612617,0.07103313353313354,3.8601373865928172,0.40528358345459653,0.6234582557288497,Residential Construction,Consumer Cyclical,MHO
2020Q3,2020,Q3,2020-10-30,2020-09-30,73537000.0,847921000.0,96096000.0,2.51,194514000.0,0.22940108807306342,2420555000.0,1174740000.0,2185967000.0,176581000.0,1245815000.0,1843409000.0,868370000.0,1319470650.0,1952914650.0,40.99884828813737,12.379400954802612,0.34535715982491616,0.7116093773941468,0.03600925825384377,40.99884828813737,0.06259853244122103,1.5561245092408373,4.485737281912506,1.1232022830583788,0.0,0.3544557935867732,0.0,0.35030024106041796,1.1468504538993436,0.030380222717517263,12.227397114288626,0.22940108807306342,0.328042328042328,3.0557442909613157,1.0033444321857605,0.7293175862529442,0.243671796576792,0.3491047185734204,0.29441398725737145,1.9405119863508098,0.5889494819715131,0.4506648769163467,Residential Construction,Consumer Cyclical,MHO
2020Q2,2020,Q2,2020-07-31,2020-06-30,54508000.0,714194000.0,74239000.0,1.89,156403000.0,0.21899231861371,2327708000.0,1094405000.0,2088369000.0,169088000.0,1233303000.0,1830810000.0,794833000.0,982607639.9999999,1722529640.0,38.35845220987697,12.350781841408024,0.358268734738206,0.7620076662661446,0.028499993029708875,38.35845220987697,0.049806059000095944,1.3758273522320263,4.506712959565569,0.8978464462424788,0.0,0.30466897165735385,0.0,0.30682284891403905,0.5560595666161998,0.023417026534256015,9.311345235387764,0.21899231861371,0.7339449541284402,2.5105667913355822,0.9019784600197261,0.6590549817436515,0.34045543756802854,0.717003717003717,0.6137509781758108,1.8102288842544088,0.3692306767048017,0.38259659106126853,Residential Construction,Consumer Cyclical,MHO
2020Q1,2020,Q1,2020-05-01,2020-03-31,31746000.0,577603000.0,46004000.0,1.09,116679000.0,0.20200552974967234,2198963000.0,1037681000.0,1999923000.0,150256000.0,1161282000.0,1822531000.0,740325000.0,470741340.00000006,1270344340.0,36.437987218203524,13.310104089021403,0.3641316384131975,0.7716359844692154,0.01900163591473889,36.437987218203524,0.03059321699057803,0.8149911617495063,3.7070917595917594,0.45364745042069776,0.0,0.25290324279806486,0.0,0.262670631565879,0.14098605047385795,0.014436804984895153,-19.07534403112084,0.20200552974967234,-0.24305555555555547,1.8560942924668016,0.8893651870624498,0.6134751508130067,-0.21043870155707586,-0.2401627573001436,-0.17607235604907318,0.6334072952820964,0.23285349957104812,0.34194852526666003,Residential Construction,Consumer Cyclical,MHO
2019Q4,2019,Q4,2020-02-21,2019-12-31,41780000.0,742150000.0,55835000.0,1.44,147777000.0,0.19912012396415818,2105594000.0,1003477000.0,1930834000.0,125026000.0,1102117000.0,1769507000.0,708579000.0,1113486950.0,1880630950.0,35.462310492278334,15.443459760369842,0.3584793649677953,0.752196612378759,0.02560473755130723,35.462310492278334,0.04163523429037237,1.5003529609917132,6.662798887027286,1.1096287707640533,0.0,0.3358975126970393,0.0,0.35246585999010255,0.04865387999296147,0.01984238176970489,17.743680880900023,0.19912012396415818,0.09090909090909081,2.2912395817424396,0.7454886008496999,0.5955254441900147,0.10132582109240504,0.10418098208150536,0.021702135446211277,0.7715337854918002,0.2366082320496104,0.33739748469825886,Residential Construction,Consumer Cyclical,MHO
2019Q3,2019,Q3,2019-10-25,2019-09-30,37838000.0,653345000.0,54649000.0,1.32,134181000.0,0.20537541421454208,2181603000.0,954641000.0,1988841000.0,169528000.0,1226962000.0,1827068000.0,666799000.0,1053484650.0,1888768650.0,34.11747257067296,11.731637251663441,0.3894732451321345,0.8900476723710798,0.022652107412006232,34.11747257067296,0.03963584216475094,1.6124477113929088,6.960493749669644,1.1035401266025657,0.0,0.28415143826064493,0.0,0.29947932781537245,0.19731843707234203,0.017344127231214847,-98.76109965313584,0.20537541421454208,0.2222222222222222,1.430459897491735,0.7276752897139184,0.5657265774998921,0.11977067320932329,0.2510083978046684,0.18254603682946358,2.0487356974894793,0.30182600947079746,0.3325753506154784,Residential Construction,Consumer Cyclical,MHO
2019Q2,2019,Q2,2019-07-26,2019-06-30,30246000.0,623686000.0,46213000.0,1.08,119829000.0,0.192130334815917,2089206000.0,904240000.0,1907781000.0,154070000.0,1184966000.0,1763479000.0,628961000.0,793195260.0,1620862260.0,32.763505924127685,12.38255987538132,0.39664015898863014,0.9164193134566044,0.0193595300668136,32.763505924127685,0.033449084313898966,1.2717862193475562,6.556199662765324,0.8771955011943732,0.0,0.2857176070710227,0.0,0.29852776605083464,0.13236191341597975,0.01447727031226217,24.701667964249012,0.192130334815917,0.7142857142857144,0.9785229369689458,0.9636389144015441,0.5413481458277025,0.2934630081388571,0.7065959487671387,0.5205646222690181,0.6986042870583079,0.389352336072077,0.3025419776608766,Residential Construction,Consumer Cyclical,MHO
2019Q1,2019,Q1,2019-04-26,2019-03-31,17723000.0,481109000.0,30392000.0,0.63,92642000.0,0.19255927450951862,2071778000.0,871462000.0,1892384000.0,132935000.0,1200316000.0,1730788000.0,598715000.0,733096680.0,1585393680.0,31.691832133246056,14.2354082822432,0.4216788671373091,1.002482035935015,0.012992791367984315,31.691832133246056,0.020337088708400366,1.5237642197506178,10.341035377757716,0.8412262152566606,0.0,0.22444516601686632,0.0,0.23222034407161385,0.3154248316846579,0.008554487980855091,-31.74540683323951,0.19255927450951862,-0.4521739130434782,0.2458229186200012,0.8191175166104165,0.527503380828852,-0.31804664036275837,-0.45311198197920205,-0.3879121100437033,0.7294504094406343,0.3299702548327943,0.2924562398747083,Residential Construction,Consumer Cyclical,MHO
2018Q4,2018,Q4,2019-02-22,2018-12-31,32407000.0,722485000.0,49653000.0,1.15,135848000.0,0.18802881720727765,2021581000.0,855303000.0,1865640000.0,131511000.0,1166278000.0,1674460000.0,580992000.0,583809480.0,1383241480.0,30.795096133074097,14.186189748386067,0.4060984941983527,0.9598481473816881,0.02161772710068902,30.795096133074097,0.037889496470841326,0.8080575790500841,4.503729749745425,0.6825762098344096,0.0,0.3503439914957658,0.0,0.35738612501799333,0.16370493722958535,0.016030522645394868,8.457574897143187,0.18802881720727765,0.13861386138613851,0.99292999759895,0.8840660456831084,0.5221233466708175,0.17299439613860274,0.1067208524007923,0.13202772331403037,1.1665323243283123,0.3673766950564352,0.2723962220175863,Residential Construction,Consumer Cyclical,MHO
2018Q3,2018,Q3,2018-10-26,2018-09-30,29282000.0,567842000.0,43862000.0,1.01,115813000.0,0.2039528601265845,2058335000.0,835204000.0,1903074000.0,148421000.0,1223131000.0,1751525000.0,548585000.0,674430610.0,1517683610.0,29.337314271663914,12.822134334090189,0.42734200215222495,1.0531714407498047,0.01897117554015451,29.337314271663914,0.035059697989952156,1.1877082181310998,5.758064766750905,0.8075040469154842,0.0,0.2580773897032586,0.0,0.27587443249033805,0.24497881027617385,0.014226061355415907,-12.163957254937324,0.2039528601265845,0.052083333333333384,-0.8000686243169689,0.7654539193205135,0.49005025445012207,0.0648296279950718,0.049120418473003476,0.13912478898844305,0.625411322455486,0.3502855839334907,0.23743801647465215,Residential Construction,Consumer Cyclical,MHO
2018Q2,2018,Q2,2018-07-27,2018-06-30,27911000.0,558098000.0,38505000.0,0.96,108762000.0,0.19487975230156712,1970540000.0,815966000.0,1828285000.0,141491000.0,1154574000.0,1652468000.0,519303000.0,756560080.0,1516711080.0,28.559238388575828,12.921563915726088,0.42017315050696763,1.0147089462060919,0.01949672388260973,28.559238388575828,0.0342060821161666,1.3556043562241757,6.776540432087708,0.927195593934061,0.0,0.27191812488955913,0.0,0.28322084301765,0.4793025704815147,0.01416413774904341,108.0182866933181,0.19487975230156712,0.6,2.264087484853022,1.0213043153354089,0.9551334284698335,0.21992036341203522,0.5452029009577589,0.23647281718634597,0.7950805542982022,0.4841965429057717,0.2352257193310571,Residential Construction,Consumer Cyclical,MHO
2018Q1,2018,Q1,2018-04-27,2018-03-31,18063000.0,437857000.0,31141000.0,0.6,89155000.0,0.2036167059108339,1894373000.0,786365000.0,1744533000.0,118839000.0,1108008000.0,1580344000.0,491392000.0,895749400.0,1660431400.0,27.960638600483573,14.679802085174058,0.43194186150246017,1.0405587735975024,0.014683924906147863,27.960638600483573,0.022970249184538986,2.0457578615849465,12.397572385539501,1.139101307916807,0.0,0.22064942822575337,0.0,0.23113557889602523,0.4508368464897887,0.009535081000415441,-28.59991698595147,0.2036167059108339,0.1320754716981131,2.118622225091366,0.8181166635381717,0.8051173867570547,-0.27652720072708387,0.13732527389497545,-0.3302722697750441,0.6455300127505093,0.4502776768752875,0.23809790350344784,Residential Construction,Consumer Cyclical,MHO
2017Q4,2017,Q4,2018-02-16,2017-12-31,15882000.0,621702000.0,46498000.0,0.53,123232000.0,0.19821715226909356,1864771000.0,747298000.0,1737857000.0,117233000.0,1117473000.0,1414574000.0,473329000.0,954118400.0,1610149400.0,26.94325064897606,14.82395741813312,0.43315452674886085,1.0808726906802908,0.013913971886289407,26.94325064897606,0.021252565910787932,1.534687679949558,15.018864122906436,1.2767575987089486,0.0,0.35238170643600125,0.0,0.3333932155744593,1.2940298380148934,0.00851686346473642,89.0617380752357,0.19821715226909356,-0.17187499999999997,1.460010292169353,0.9247096907395553,0.7306019033360042,0.21112530712530714,-0.2886639494782102,0.18384805356824604,0.2764177049207185,0.4917778546541264,0.21223466161323312,Residential Construction,Consumer Cyclical,MHO
2017Q3,2017,Q3,2017-10-27,2017-09-30,22327000.0,476423000.0,39277000.0,0.64,101750000.0,0.21357071342063672,1784695000.0,722973000.0,1651432000.0,120598000.0,1061722000.0,1455809000.0,457447000.0,683780130.0,1303894130.0,28.26210859622376,13.693693096071245,0.40553147736728123,1.0010747289317858,0.017482030579701633,28.26210859622376,0.030882204453001702,1.4352374465548472,7.656426411967573,0.9457893033349792,0.05455278362520715,0.2573641185073042,0.0017812743403351015,0.2669492546345454,0.8593509013416475,0.012510260856897116,-22.16467196110211,0.21357071342063672,0.16363636363636358,1.0401637792407366,0.7328099668901199,0.6822642467779075,0.13982614150647488,0.3142033080228383,0.3586426372409976,0.5686872724500801,0.378027813289435,0.29701092229596165,Residential Construction,Consumer Cyclical,MHO
2017Q2,2017,Q2,2017-07-28,2017-06-30,16989000.0,456866000.0,28909000.0,0.55,89268000.0,0.195392084331073,1631386000.0,693317000.0,1501470000.0,113072000.0,938069000.0,1379544000.0,438595000.0,713464500.0,1354091500.0,27.743777511004403,13.27888425074289,0.41104128636631676,0.967186726995011,0.014298204216414081,27.743777511004403,0.024503942640956445,1.5616493676482819,10.498918417799752,1.0290595788073853,0.07175231031844134,0.26646341109815996,0.0017085643364175794,0.2800477630677228,0.26478703834724776,0.010413844424311598,-42.15696643819428,0.195392084331073,0.0,2.9960283364282043,1.0135444327092802,0.8989865811777962,0.029631252955628094,0.00627850500503465,-0.08677659843315644,0.22734892983311086,0.5885890477323851,0.30519670647797104,Residential Construction,Consumer Cyclical,MHO
2017Q1,2017,Q1,2017-04-28,2017-03-31,16883000.0,406980000.0,31656000.0,0.55,86699000.0,0.21303012433043392,1572265000.0,671712000.0,1439112000.0,94403000.0,900553000.0,1286618000.0,422825000.0,606081000.0,1230832000.0,27.153043900072763,15.244346048324735,0.4220974199641918,0.9879963436710971,0.01519755230562342,27.153043900072763,0.025134283740650756,1.4892156862745098,8.974723094236806,0.9022929469772759,0.07220280755789847,0.24893247257538756,0.0020112823203499203,0.2588494942010412,0.4120419901909897,0.010738011721942548,-24.9744931597165,0.21303012433043392,-0.1791044776119403,5.021145699840797,1.3552310956671485,0.8807702160107962,-0.20150490891340786,-0.17892228382453068,-0.24412607449856732,0.3191835329759361,0.7105149111869927,0.30873993598006405,Residential Construction,Consumer Cyclical,MHO
2016Q4,2016,Q4,2017-02-17,2016-12-31,20562000.0,523246000.0,41880000.0,0.67,108578000.0,0.2075085141596878,1548511000.0,654174000.0,1404395000.0,103212000.0,894337000.0,1215934000.0,407161000.0,621215780.0,1224577780.0,26.515909367273316,13.606896484904857,0.4118814784008638,0.9749745480560218,0.019791734142890212,26.515909367273316,0.03143200432912344,1.1872346468009312,7.552959099309406,0.9496185724287423,0.0592841163310962,0.34102837818500015,0.001962281125569605,0.33790266908016797,0.33369181878076193,0.013278562438368212,100.35796122778676,0.2075085141596878,0.9142857142857145,6.257220832608745,1.252069763743346,0.8209498834551113,0.377386494817897,0.8791811369036739,0.9031173316368263,0.42354187786823305,0.5361190778638089,0.310614018924486,Residential Construction,Consumer Cyclical,MHO
2016Q3,2016,Q3,2016-10-28,2016-09-30,10942000.0,442464000.0,22006000.0,0.35,78829000.0,0.1781591270702249,1497237000.0,631592000.0,1344006000.0,110179000.0,865645000.0,1225153000.0,387818000.0,581448330.0,1181783330.0,25.602659207912765,12.198386262354894,0.4158626857337883,0.9858342094263385,0.01040942270023836,25.602659207912765,0.017324475294177254,1.3141144364287265,13.28478180405776,0.9206074966117367,0.1113142021568269,0.29680782726728827,0.0020947691087185682,0.29552034848190367,0.20248867751567903,0.0073081282388826885,-39.98406890386467,0.1781591270702249,-0.326923076923077,2.760672696926983,1.3718157055575797,0.737950363351566,-0.0332356295760311,-0.312515707464187,-0.24574993145050728,-0.9137820691725376,0.5875502596804335,0.3003660973900894,Residential Construction,Consumer Cyclical,MHO
2016Q2,2016,Q2,2016-07-29,2016-06-30,15916000.0,401247000.0,29176000.0,0.52,81539000.0,0.20321398041605296,1453154000.0,620512000.0,1300704000.0,105669000.0,832642000.0,1170325000.0,378094000.0,464517269.99999994,1045063270.0,25.153512505573797,12.30922976464242,0.4185502706526631,0.9801873291733278,0.015147210782360015,25.153512505573797,0.025649785983188077,1.1576840948343539,7.296388382759487,0.7486032018720024,0.07658959537572255,0.2731788178497426,0.002624229665346996,0.2761214571889834,0.2618743434687562,0.010952727653091139,11.882364361906221,0.20321398041605296,0.7333333333333335,2.320210452533273,1.2142745389131375,0.6807154016448045,0.2701174491417178,0.7320709544020024,0.4830478320540843,1.1557292785555648,0.6830884183805994,0.7219812543304215,Residential Construction,Consumer Cyclical,MHO
2016Q1,2016,Q1,2016-05-02,2016-03-31,9189000.0,324370000.0,19673000.0,0.3,64198000.0,0.19791596016894286,1436712000.0,604605000.0,1282296000.0,81594000.0,832107000.0,1153537000.0,363397000.0,459853049.99999994,1075046050.0,24.520622946830514,15.715567321126553,0.45029762401928847,1.070034154530644,0.009815882057000885,24.520622946830514,0.015198352643461433,1.4176805808182014,12.510965556643812,0.7605842657602897,0.13265861355969094,0.22554283044236986,0.0026508468303080733,0.22577245822405603,0.3891830281638356,0.006395853866328116,-47.6531658031088,0.19791596016894286,-0.3023255813953489,1.4071429827670523,1.214757477383039,0.5806088889032213,-0.3479391390903366,-0.3077966101694915,-0.5048949289039889,0.8095808568113045,0.5362680021231697,0.5830326140931651,Residential Construction,Consumer Cyclical,MHO
2015Q4,2015,Q4,2016-02-26,2015-12-31,13275000.0,468923000.0,39735000.0,0.43,98454000.0,0.20995771160723617,1415554000.0,596566000.0,1252144000.0,86878000.0,818988000.0,1112042000.0,355427000.0,540306080.0,1141949080.0,24.202442289748063,14.412670641589354,0.43223218612642117,1.025616612411703,0.01909984205725374,24.202442289748063,0.022252357660342694,1.1522277218221328,10.175255743879474,0.9056937203930496,0.09182674199623352,0.33314299280063164,0.002256128600292634,0.3312646497413733,0.11746356960335183,0.009377953790530068,47.474394165714784,0.20995771160723617,-0.15686274509803924,1.906694446940168,1.14658027098708,0.4844870629562661,0.26156763752386564,-0.14739884393063585,0.3192231075697211,1.3137199218199997,0.6335371928951519,0.5545560273221735,Residential Construction,Consumer Cyclical,MHO
2015Q3,2015,Q3,2015-10-23,2015-09-30,15570000.0,363457000.0,30120000.0,0.51,78041000.0,0.21471865997903467,1406002000.0,583338000.0,1239090000.0,95950000.0,822664000.0,1133414000.0,343371000.0,580185900.0,1166351900.0,23.708108108108107,12.91391349661282,0.4347227102095161,1.0477990461790592,0.01481572402215929,23.708108108108107,0.02669121504170824,1.5962985992840968,9.315765895953756,0.9945964432284542,0.07822736030828516,0.251819723419686,0.0020993271294597127,0.25850389970995774,0.26112558624283483,0.011073952953125245,-11.700127046866177,0.21471865997903467,0.186046511627907,6.66247404645574,1.0176808937119444,0.3990731784979959,0.11072999245669717,0.1662921348314607,0.1755981421490184,0.47916772276444614,0.37437549679915744,0.411193453355589,Residential Construction,Consumer Cyclical,MHO
2015Q2,2015,Q2,2015-07-24,2015-06-30,13350000.0,322856000.0,25621000.0,0.43,70261000.0,0.217623336719776,1314989000.0,567173000.0,1142954000.0,90643000.0,747816000.0,1040944000.0,329019000.0,605179770.0,1139336770.0,23.120663650075414,12.609401718831018,0.42276399270260057,0.9801771240873596,0.01391589694496395,23.120663650075414,0.02353779182013248,1.8744572502911514,11.332954494382024,1.0670108943831953,0.09131086142322098,0.24265954748766505,0.0020142775096398213,0.24551992450126958,0.24020608320554263,0.010152176177899586,-33.20784514925373,0.217623336719776,0.3870967741935484,3.09702311600279,0.24123669881813062,0.3585635158449367,0.23316835158663296,0.39527591973244147,0.2838745239526959,2.1988436400201103,0.4495468082983022,0.5825469333440074,Residential Construction,Consumer Cyclical,MHO
2015Q1,2015,Q1,2015-04-24,2015-03-31,9568000.0,263159000.0,19956000.0,0.31,56976000.0,0.2165078906668592,1250764000.0,553613000.0,1074348000.0,69452000.0,697151000.0,959070000.0,316888000.0,584413760.0,1097373760.0,22.583544097250552,15.468928180613949,0.4340690969679332,0.98068145076073,0.011096740966765925,22.583544097250552,0.017282831147389963,2.2207629607955646,15.270008361204015,1.0556359045036876,0.12740384615384615,0.21498222236124578,0.0020858509560076066,0.21039860437300723,0.4313482693082993,0.0076497244883926944,-19.886812536155443,0.2165078906668592,-0.13888888888888887,1.8672929426515772,0.6653447904599166,0.3102623853482406,-0.24823855389893126,-0.12907336610231204,-0.2114434741375904,3.2997030381091785,0.5368415372923999,0.564261350086111,Residential Construction,Consumer Cyclical,MHO
2014Q4,2014,Q4,2015-02-27,2014-12-31,10986000.0,367964000.0,25307000.0,0.36,75790000.0,0.2059712363165962,1211409000.0,544295000.0,1033869000.0,75338000.0,667115000.0,918589000.0,308539000.0,562267440.0,1043848440.0,22.226101514965904,13.723074676789933,0.4103618183454143,0.9133209013494521,0.013520755552221974,22.226101514965904,0.02018390762362322,1.5280501353393268,12.795090114691426,1.0330196676434653,0.11095940287638813,0.31806825468190886,0.002168007452112112,0.3037487751865803,0.20620404045767077,0.009068778587578596,-21.16731694462222,0.2059712363165962,-0.18181818181818185,0.18763550996082035,0.3580721462036663,0.25978041014032655,0.09632436967496492,-0.19321436439744438,-0.005696998271255697,3.829737578030426,0.595500542163006,0.5263522137879639,Residential Construction,Consumer Cyclical,MHO
2014Q3,2014,Q3,2014-10-24,2014-09-30,13617000.0,330767000.0,25452000.0,0.44,69131000.0,0.20900210722351384,1193154000.0,533293000.0,997013000.0,97873000.0,659861000.0,893964000.0,298772000.0,485074680.0,936733680.0,21.79018550298276,10.186803306325544,0.3929308370922781,0.87911710823131,0.015576574743020273,21.79018550298276,0.025533805994078302,1.466514736959854,8.90568186825292,0.9095838122758033,0.08944701476096056,0.29266950346993836,0.002510953571107855,0.27722071082190564,0.17541099179549008,0.01141260893396829,-11.914783847514247,0.20900210722351384,0.0,1.3937263891051048,0.3195782144133545,0.018811427264433352,0.14472355152257788,0.004648074369189907,0.34959435813139617,3.2085637817994983,0.7871942682455518,0.4791534154664184,Residential Construction,Consumer Cyclical,MHO
2014Q2,2014,Q2,2014-07-25,2014-06-30,13554000.0,281608000.0,18859000.0,0.44,60391000.0,0.21445058379023324,1126706000.0,520144000.0,924641000.0,87325000.0,606562000.0,816140000.0,286373000.0,593886900.0,1001893900.0,21.256395586432365,10.588502719725165,0.3919833567940528,0.8490917899658557,0.017367107803060527,21.256395586432365,0.026058168507182625,2.108913454163234,10.954089198760514,1.1417740087360424,0.08993655009591264,0.271052760555787,0.0020525793715941536,0.2499392033059201,0.38526195247638134,0.012029757541008924,-9.019742417569066,0.21445058379023324,0.07317073170731714,1.3903926091136312,0.3898616069732449,-0.12068483838646603,0.18700001965524696,0.07298923369221026,0.1365636111613331,2.133428929526433,0.5666869712049283,0.42031660340300253,Residential Construction,Consumer Cyclical,MHO
2014Q1,2014,Q1,2014-04-25,2014-03-31,12632000.0,234841000.0,16593000.0,0.41,50877000.0,0.2166444530554716,1084903000.0,506591000.0,880288000.0,71376000.0,578312000.0,723627000.0,274038000.0,547429140.0,889277140.0,20.74747102428636,12.333109168347905,0.39746226160311104,0.8511955403866235,0.017901883155927972,20.74747102428636,0.02493530283798962,2.3310628893591834,10.834173923369223,1.0806136311146468,0.09650094996833439,0.2542248976337257,0.002226772217496496,0.21646266993454713,1.2519614436225062,0.01164343724738525,-218.70920495405514,0.2166444530554716,-0.14583333333333334,1.2579825420155704,0.40314206016267456,-0.04783400331212757,-0.25833114668066126,-0.11422761377182526,-0.19427988734582888,1.5651955729208522,0.6192255528804192,0.33739004895419583,Residential Construction,Consumer Cyclical,MHO
2013Q4,2013,Q4,2014-02-28,2013-12-31,14261000.0,336307000.0,20594000.0,0.48,68598000.0,0.2039743448694199,1110176000.0,492803000.0,915371000.0,70226000.0,617373000.0,690934000.0,262625000.0,619911100.0,950825100.0,20.23166926677067,13.034645288069946,0.4140235422131266,0.9327033317573148,0.020151341007184166,20.23166926677067,0.028938541364399162,1.8432893160118582,10.867244583128812,1.2579288275436635,0.08540775541687119,0.3874595836939563,0.001964797855692534,0.3029312469374225,1.8330105658872782,0.012845710950335803,-18.091142823790346,0.2039743448694199,-0.8862559241706162,1.1089763507989197,0.2895160011081415,-0.14793498847060388,0.20252432290297134,-0.8861951464755687,-0.009189319220591774,1.9856757788540054,0.5578985903073514,0.24093473414676542,Residential Construction,Consumer Cyclical,MHO
2013Q3,2013,Q3,2013-10-25,2013-09-30,125311000.0,275195000.0,20785000.0,4.22,57045000.0,0.20728937662384855,1083067000.0,479580000.0,895005000.0,85804000.0,603487000.0,676336000.0,249582000.0,502261960.0,795246960.0,19.68880860497578,10.430807421565428,0.4020619223002824,0.9080028358146711,0.2069823348621513,19.68880860497578,0.26129321489636764,1.825112956267374,1.0020308672024005,1.0472954668668417,0.009727797240465722,0.3225467814813939,0.0024270203540797714,0.2540886205562537,1.6604703743415226,0.11570013674130963,-31.66447862816795,0.20728937662384855,15.879999999999999,2.2295878588370477,-0.01246567452773305,-0.3232279797345175,0.20304953919480356,16.250963656387665,0.599707534826445,47.03504275792695,0.5431982641641888,0.1618845295538986,Residential Construction,Consumer Cyclical,MHO
2013Q2,2013,Q2,2013-07-26,2013-06-30,7264000.0,234553000.0,12993000.0,0.25,47417000.0,0.2021590003112303,918266000.0,354534000.0,845220000.0,61888000.0,563732000.0,614999000.0,125490000.0,564300750.0,829539750.0,14.607309134357875,13.657251809720785,0.46989761136751224,1.2170652180044792,0.016237184905976376,14.607309134357875,0.02048886707621836,2.405856032538488,19.421143653634363,1.5916689231498249,0.0,0.3042866736368677,0.0,0.25543034371304174,2.686336608066184,0.007910561863338075,-16.3295641982811,0.2021590003112303,1.272727272727273,1.045763389897498,-0.039378864269669765,-0.5607305033070075,0.20918549497628397,0.5836058425986483,0.28313253012048195,2.153255062837243,-0.0885888862271851,-0.14167873574241613,Residential Construction,Consumer Cyclical,MHO
2013Q1,2013,Q1,2013-04-30,2013-03-31,4587000.0,190727000.0,10126000.0,0.11,39214000.0,0.20560277254924578,968652000.0,345001000.0,907912000.0,57071000.0,623651000.0,577640000.0,119445000.0,528092830.0,699997830.0,15.48965114712881,15.908464894604966,0.44903845756783656,1.2607557659253161,0.012188189543458036,15.48965114712881,0.013295613635902504,2.768841485474002,28.782037824286025,1.5306994182625557,0.0,0.2622965861089952,0.0,0.1968994024685852,4.609293686811165,0.004735446785842594,63.40410973706327,0.20560277254924578,-0.5217391304347826,1.1459111506838136,-0.2315468050977137,-0.6122756921812473,-0.2040029230269568,-0.08534396809571286,-0.0805411786071007,1.457624060874531,0.32841440944961814,-0.10131433875695374,Residential Construction,Consumer Cyclical,MHO
2012Q4,2012,Q4,2013-02-25,2012-12-31,5015000.0,250911000.0,11013000.0,0.23,49264000.0,0.19634053509013155,831300000.0,335428000.0,782116000.0,47690000.0,495872000.0,556817000.0,117048000.0,570942500.0,789676500.0,15.568716639591553,16.4,0.438147479850836,1.0858723779767938,0.014667153509280554,15.568716639591553,0.014951047616776179,2.2754781575937284,28.46173978065803,1.7021313068676436,0.0,0.36214231964900495,0.0,0.3018296643810899,3.050912140910044,0.006032719836400818,-18.567839604539984,0.19634053509013155,-0.45238095238095233,1.047624746037328,-0.47831314406214037,-0.6248853710434271,0.10897508047632982,-0.3968005773394275,-0.11549273150750944,-0.38377534568372534,0.05259612006773726,-0.11756165513881572,Residential Construction,Consumer Cyclical,MHO
2012Q3,2012,Q3,2012-10-29,2012-09-30,8314000.0,208875000.0,12451000.0,0.42,44423000.0,0.21267743865948535,817292000.0,326492000.0,770954000.0,128581000.0,490800000.0,543871000.0,112033000.0,378379980.0,931512980.0,16.80004116496861,5.99586253023386,0.8722684181418636,2.1835083248594147,0.011783552219758008,16.80004116496861,0.02546463619322985,1.8115139676840215,11.377795886456578,1.1589257317177757,0.0,0.302373173050227,0.0,0.25556961281891905,1.696230391737504,0.010172618843693564,57.312932444713724,0.21267743865948535,1.4705882352941173,1.275591427858267,-0.38291714476967925,-0.6394586556311653,0.3110704483074108,1.5948813982521848,0.8418639053254438,1.302737251637103,0.04940271352197302,-0.21450535999154466,Residential Construction,Consumer Cyclical,MHO
2012Q2,2012,Q2,2012-08-03,2012-06-30,3204000.0,170994000.0,6760000.0,0.17,33883000.0,0.1981531515725698,670760000.0,275146000.0,628625000.0,99669000.0,395614000.0,485845000.0,103719000.0,326187560.0,862414560.0,14.609780704083258,6.307126589009622,0.8654720019082831,2.109876211175158,0.00767274176958973,14.609780704083258,0.011644726799590036,1.9075965238546382,25.451588639201,1.1855071852761807,0.0,0.2822114048719242,0.0,0.2549257558590256,0.9438842568903069,0.004776671238595026,-20.31182265396351,0.1981531515725698,2.0,1.0591732869407173,-0.46154270305943584,-0.6977996626201479,0.4239546123135112,2.005649717514124,19.672782874617738,1.119906044369708,0.09653350124020503,-0.39563593325535157,Residential Construction,Consumer Cyclical,MHO
2012Q1,2012,Q1,2012-04-27,2012-03-31,-3186000.0,131125000.0,327000.0,-0.17,23795000.0,0.18146806482364156,657733000.0,271015000.0,616114000.0,91942000.0,386718000.0,490058000.0,100515000.0,232021920.0,457232920.0,14.437193692733858,6.701115920906658,0.4442364910989718,1.0781285168717598,0.0004229110325657936,14.437193692733858,-0.011755806874158257,1.769471267874166,-18.206365348399245,0.8561220596645942,0.0,0.2190148921148109,0.0,0.19935901041912144,0.7284809988906049,-0.004843910827037719,-30.046868686868688,0.18146806482364156,-0.07232526881720441,-2.061173974405158,-0.5660954949085063,-0.7195085260899113,-0.26879110073136253,-0.07056451612903226,-0.9725969999161987,0.9153658318733173,0.01904879773253597,-0.3374322631550399,Residential Construction,Consumer Cyclical,MHO
2011Q4,2011,Q4,2012-02-27,2011-12-31,-2976000.0,176786000.0,11933000.0,-0.15853398678883443,32542000.0,0.18407566209994003,664485000.0,273350000.0,625174000.0,84785000.0,391135000.0,466772000.0,103701000.0,180211200.0,426768200.0,14.561581078201577,7.373639205048063,0.4610337328908854,1.1207243460764587,0.019941510695187167,14.561581078201577,-0.010887141027986099,1.0193748373740001,-15.138709677419355,0.6592690689592098,0.0,0.3090245344622214,0.0,0.26604964747135,1.3807631066816064,-0.004478656403079076,-18.280706025562996,0.18407566209994003,0.3658640528446623,0.7984830542623103,-0.7277198935812816,-0.6709643190956928,0.28345493985407216,0.3692242475625265,3.468045501551189,0.970491557421882,-0.12043127508610812,-0.3867330675643995,Residential Construction,Consumer Cyclical,MHO
2011Q3,2011,Q3,2011-11-04,2011-09-30,-4718000.0,141624000.0,-4835000.0,-0.25,25355000.0,0.17903039032932272,661725000.0,275892000.0,621074000.0,98456000.0,385833000.0,491361000.0,106677000.0,112555280.0,629532280.0,14.731524989320803,6.308137645242545,0.8520246325890665,2.043575022110101,-0.005618686718320158,14.731524989320803,-0.017100894552941007,0.7947472179856522,-5.964141585417551,0.40796862540414364,0.0,0.23662643148316614,0.0,0.2140224413464808,0.848043796213537,-0.007129850013223016,-6.936296296296296,0.17903039032932272,0.4897959183673469,-1.2304711210181927,-0.656898936439767,-0.6735648679640394,0.08350070509807273,0.4840332458442695,0.13102084831056793,0.9397886267308337,-0.3390041346073804,-0.4936268553042626,Residential Construction,Consumer Cyclical,MHO
2011Q2,2011,Q2,2011-08-02,2011-06-30,-9144000.0,137444000.0,-5564000.0,-0.49,23401000.0,0.17025843252524664,653283000.0,280028000.0,612323000.0,88854000.0,373255000.0,462796000.0,111395000.0,229396860.0,745644860.0,14.965955854844744,6.891338600400657,0.8589661754553539,2.0038996100389963,-0.00669879692914517,14.965955854844744,-0.032653877469395916,1.6690205465498675,-6.271786417322835,0.8191925807419258,0.0,0.24642174953975401,0.0,0.21038967798029337,0.9073873995543251,-0.013996996707399397,-19.907737568341577,0.17025843252524664,0.4673913043478261,-1.3735329597153347,-0.6708069236113037,-0.6577291069375137,0.3003445210046677,0.46334878807441754,-1.7009708737864078,0.9252744293164091,-0.2698239176823405,-0.5499453160456315,Residential Construction,Consumer Cyclical,MHO
2011Q1,2011,Q1,2011-05-02,2011-03-31,-17039000.0,110570000.0,-2060000.0,-0.92,17996000.0,0.16275662476259384,645742000.0,288782000.0,603689000.0,79124000.0,356960000.0,443478000.0,120539000.0,279038850.0,476045850.0,15.513403169486972,7.629657246853041,0.4295337766476395,0.9604753758890789,-0.0036542676138339404,15.513403169486972,-0.05900298495058556,2.5236397757076965,-4.09412010681378,0.966261228192893,0.0,0.20874541690906878,0.0,0.1712293764382679,1.0156336888933826,-0.02638669933193133,121.58555555555556,0.16275662476259384,-0.5488649724156645,-1.788582634796316,-0.6764739139244156,-0.6334371279697814,-0.3233823363537241,-0.5410147417925296,-1.3760496531580868,0.35148575255241893,-0.4669619285572333,-0.6116811509394441,Residential Construction,Consumer Cyclical,MHO
2010Q4,2010,Q4,2011-03-01,2010-12-31,-11057000.0,164975000.0,5478000.0,-0.5939833467633628,26597000.0,0.1612183664191544,661894000.0,303491000.0,617379000.0,74163000.0,358403000.0,450936000.0,137578000.0,286298700.0,457133700.0,16.303572387859255,8.324622790340197,0.38079057976050545,0.8304793222863281,0.008853485439717399,16.303572387859255,-0.03643271134893621,1.7354065767540536,-6.473245455367641,0.9433515326648895,0.0,0.30686838043536113,0.0,0.24924685825827095,1.6790043552714966,-0.016705091751851506,51.30801075268817,0.1612183664191544,-4.3998486069396625,-1.2028586475331247,-0.7537279804261862,-0.6117856408164226,-0.013098330241187384,-4.341545893719807,4.258774538964902,0.8784702784382936,-0.6029988285380277,-0.6071796636476712,Residential Construction,Consumer Cyclical,MHO
2010Q3,2010,Q3,2010-10-26,2010-09-30,-2070000.0,135609000.0,-1681000.0,-0.11,26950000.0,0.19873312243287689,657224000.0,313883000.0,612434000.0,83568000.0,343341000.0,487986000.0,148635000.0,192083510.0,384916510.0,16.945581169357016,7.3285707447826915,0.3601922632161942,0.754188662654556,-0.0037594667732151615,16.945581169357016,-0.006594813991200543,1.4164510467594333,-23.19849154589372,0.6119589464864296,0.0,0.2226682732701348,0.0,0.20633604372329678,0.9135075627034271,-0.003149611091500006,-7.493602387547302,0.19873312243287689,0.576923076923077,-1.063832732230784,-0.6845657089818112,-0.560095520862031,-0.14010401710219839,0.569377990430622,0.36970378702662166,0.9280092162164224,-0.5796641786287864,-0.6363352591866936,Residential Construction,Consumer Cyclical,MHO
2010Q2,2010,Q2,2010-07-30,2010-06-30,-4807000.0,196404000.0,-2667000.0,-0.26,31341000.0,0.1595741430928087,665156000.0,315233000.0,613865000.0,88297000.0,349923000.0,433248000.0,150705000.0,178561720.0,344007720.0,17.018463531825297,6.952274709220019,0.37141362327033056,0.7836996761125897,-0.004804143766305366,17.018463531825297,-0.015249038013152177,0.9091552106881734,-9.286546702725193,0.5664436147230779,0.0,0.3809896410370042,0.0,0.2952750933615573,1.5124636171104342,-0.007226876101245422,-13.195515814365947,0.1595741430928087,0.42226073817301063,-1.2104360126543907,-0.4296546182763421,-0.5373331479880061,0.5607290473581993,0.4232753449310138,0.6921034403140153,0.909735810184962,-0.37117629785816564,-0.6479765490547773,Residential Construction,Consumer Cyclical,MHO
2010Q1,2010,Q1,2010-04-30,2010-03-31,-8335000.0,119389000.0,-8662000.0,-0.45003,20081000.0,0.16819807519955776,660991000.0,319226000.0,611523000.0,104019000.0,341765000.0,442667000.0,155512000.0,271332650.0,436869650.0,17.23589439015172,5.878954806333458,0.40563789824672347,0.8399159216354558,-0.014190881401006897,17.23589439015172,-0.026110028631753053,2.272677131058975,-8.138351829634074,0.849970397148102,0.0,0.22434019251491527,0.0,0.1806212187457923,1.3240465684153857,-0.012609853991960556,-51.41797422778094,0.16819807519955776,-2.191395887650086,-1.3826300496801147,-0.6197988687408257,-0.5176719281612521,-0.3492027482499352,-2.191395082904517,-246.4857142857143,-3.8137955388417413,-0.5995769341802499,-0.6651342688513303,Residential Construction,Consumer Cyclical,MHO
2009Q4,2009,Q4,2010-02-24,2009-12-31,6996000.0,204916000.0,-35000.0,0.37773338372658066,30856000.0,0.15057877374143552,663828000.0,326763000.0,587499000.0,98519000.0,337065000.0,420289000.0,163847000.0,192433190.0,290747190.0,17.642837859726797,5.963306570306235,0.31370174201751055,0.6372936960426976,1.891771399591656e-05,17.642837859726797,0.02141001276154277,0.9390832829061664,6.876543381932533,0.588907526249912,0.0,0.41414360118870586,0.0,0.308688395186705,1.4708634882611475,0.010538874527739113,4.459530254223541,0.15057877374143552,1.331345073444369,-0.7809210999430097,-0.5489868598928411,-0.48483786164218995,0.44714379514116875,1.3319730473569327,-0.7807173747138133,1.4801473761782946,-0.680117835694042,-0.6013397764237525,Residential Construction,Consumer Cyclical,MHO
2009Q3,2009,Q3,2009-10-30,2009-09-30,-21074000.0,152738000.0,-19655.0,-1.14,21322000.0,0.13959852819861462,677932000.0,318957000.0,597064000.0,88969000.0,358975000.0,494270000.0,156851000.0,202667670.0,419635670.0,21.387849527258098,6.710921781744203,0.3569207531138816,0.7586226356530817,-3.524268711764444e-05,21.387849527258098,-0.06607160212818655,1.3268974976757586,-2.4042382793964125,0.6354075000705424,0.0,0.2658789730309345,0.0,0.22529988258409397,0.28141360473872923,-0.031085713611394655,-12.356277892939886,0.13959852819861462,0.09523809523809532,-1.8828693490382058,-0.5423046135743272,-0.3460546268112163,0.4656310145724498,-0.05888855391417948,0.9989124059318283,-2.292801764668178,-0.5353149608517852,-0.5260677024641393,Residential Construction,Consumer Cyclical,MHO
2009Q2,2009,Q2,2009-07-31,2009-06-30,-19902000.0,116146000.0,-18072000.0,-1.26,14548000.0,0.1252561431301982,680825000.0,339086000.0,631258000.0,142443000.0,341739000.0,496367000.0,177925000.0,137324330.0,337402330.0,24.173807656662152,4.431653363099626,0.33059596812690484,0.6637785104663714,-0.03206384921076661,24.173807656662152,-0.058693074913148874,1.1823423105401822,-1.7250066576223493,0.4049837799260364,0.0,0.20468322833709734,0.0,0.17059596812690486,0.38969271919294035,-0.02923218154444975,-10.493988231697998,0.1252561431301982,0.37313432835820887,-1.8053048243581131,-0.5841612231806431,-0.22419589323765296,0.766820500364343,0.2924739592591276,-0.40343247650850356,-2.0844802201410566,-0.6289252820558218,-0.4471458545236797,Residential Construction,Consumer Cyclical,MHO
2009Q1,2009,Q1,2009-05-01,2009-03-31,-28129000.0,96149000.0,-12877000.0,-2.01,8234000.0,0.085637916150974,641476000.0,305645000.0,590597000.0,98816000.0,335831000.0,497776000.0,197827000.0,98048730.0,306436730.0,21.78976260069865,5.976734536917099,0.36948381545061704,0.7754584567063096,-0.023872835814277224,21.78976260069865,-0.0920316052937231,1.0197581878126658,-0.8714203313306552,0.32079284791179313,0.0,0.1766155861270933,0.0,0.14988713529422767,0.5677117066062176,-0.04385043244018482,1.929713245424129,0.085637916150974,0.6258722133757962,-2.4436813829954565,-0.5783793097498372,-0.2623107209560079,1.058823949648871,0.6267383227176221,0.9277210550245009,-2.7276495168507906,-0.6266509853348408,-0.48513437880098076,Residential Construction,Consumer Cyclical,MHO
2008Q4,2008,Q4,2009-02-25,2008-12-31,-75360000.0,150187000.0,-178157000.0,-5.372495900762814,-139977000.0,-0.9320180841217949,693288000.0,333061000.0,632433000.0,93097000.0,360227000.0,516029000.0,225956000.0,147844580.0,331078580.0,23.74427889071077,6.793269385694491,0.3112011169961113,0.6477852405415224,-0.3197263898920576,23.74427889071077,-0.22626485838930407,0.9844033105395273,-0.4904610536093418,0.4438964033615464,0.0,0.5623017311042596,0.0,0.21663002965578518,0.7550189587204743,-0.1086994149617475,6.90346376540904,-0.9320180841217949,-0.28528610066096044,-4.028623440650461,-0.5708488313022574,-0.17008992692050381,-8.411680609975644,-0.2848009547353167,-12.592507820248722,-2.8348279598151596,-0.7024722207429096,-0.4346104157701244,Residential Construction,Consumer Cyclical,MHO
2008Q3,2008,Q3,2008-11-03,2008-09-30,-58655000.0,160385000.0,-13107000.0,-4.18,18886000.0,0.11775415406677682,781492000.0,407844000.0,706550000.0,113873000.0,373648000.0,617933000.0,301316000.0,319352820.0,556200820.0,29.09223197089664,6.204719292545204,0.3086288791184043,0.5913805278488834,-0.020274790120091656,29.09223197089664,-0.14381724384813802,1.9911638868971537,-1.3611491773932316,0.7830268926354195,-0.0060182422640866085,0.2289876086889679,0.001105360522571869,0.20522922819427455,0.6893205588682129,-0.07505515091645212,19.22538197579917,0.11775415406677682,0.3779761904761905,-4.1162235840095525,-0.38468546998969516,0.08816948719914229,0.006233683201022963,0.3601016767943445,-0.1446161907257008,-3.3898597700685906,-0.5070777411971582,-0.24477047885139852,Residential Construction,Consumer Cyclical,MHO
2008Q2,2008,Q2,2008-08-01,2008-06-30,-91663000.0,141002000.0,-11451000.0,-6.72,18769000.0,0.13311158706968695,860556000.0,466083000.0,771616000.0,117326000.0,394473000.0,698696000.0,360324000.0,220471680.0,473699680.0,33.253638698630134,6.576683770008353,0.29671630899093143,0.5478444826350671,-0.02710869777769159,33.253638698630134,-0.1966666881220727,1.5636067573509596,-0.6013104524180968,0.47303094084100905,-0.030448490666899402,0.17494446798035196,0.012659222263829983,0.16384988309883378,0.5615890765900141,-0.10651601987552234,27.045103042198235,0.13311158706968695,-3.253164556962025,-5.8065209177439066,-0.4016154626756765,0.3014430601626087,-0.23444956560753763,-3.636469398077896,-0.692182651100931,-6.303068621894776,-0.4588718691924907,-0.09596090705438201,Residential Construction,Consumer Cyclical,MHO
2008Q1,2008,Q1,2008-05-06,2008-03-31,-19770000.0,156085000.0,-6767000.0,-1.58,24517000.0,0.15707467085242016,961893000.0,559582000.0,811236000.0,117145000.0,402311000.0,747850000.0,454778000.0,237838860.0,495039860.0,39.950167773256226,6.9250586879508305,0.26906942872024225,0.4625166642243675,-0.010310556659595129,39.950167773256226,-0.035329942707235044,1.5237778133709197,-3.0075728376327766,0.42502950416560936,-0.1411734951947395,0.17592832787323662,0.011734835930511944,0.16226856833348408,0.4420077681505826,-0.020553221616125703,2.4085191748777204,0.15707467085242016,0.6767300613496933,-2.149586095074076,-0.2238373005562769,0.6864656453142264,-0.33614036987896345,0.7112182296231376,-1.8231122236128494,-2.200050279410635,-0.34275156300449106,0.11796272102474525,Residential Construction,Consumer Cyclical,MHO
2007Q4,2007,Q4,2008-03-04,2007-12-31,-68460000.0,312686000.0,-2397000.0,-4.887556221889056,36931000.0,0.11810890158177853,1117645000.0,581345000.0,927868000.0,141156000.0,536300000.0,797329000.0,477339000.0,147073500.0,506582500.0,41.503890911687016,6.573351469296381,0.32301401607845065,0.6209995785635036,-0.0015371863916816525,41.503890911687016,-0.11776139813707867,0.4703552445584388,-0.5370782208588957,0.25298832878927313,-0.04072451066316097,0.34584845151750404,0.018956508140487577,0.27977219958036764,0.7743206098217574,-0.061253797046468245,1.150089928057554,0.11810890158177853,-1.8251770068722866,-5.476723510649356,0.09233577276007005,0.7785165349214803,-0.2249365149321077,-2.1523691117557675,-2.0004173622704506,-3.834698989256441,-0.09000068532892093,0.21189308444764304,Residential Construction,Consumer Cyclical,MHO
2007Q3,2007,Q3,2007-11-08,2007-09-30,-21717000.0,243668000.0,2396000.0,-1.73,47649000.0,0.19554886156573698,1354380000.0,651888000.0,1165014000.0,189843000.0,702492000.0,1110669000.0,548587000.0,202715100.0,682543100.0,46.59671193709793,6.136723503105197,0.3561134984273247,0.7398709594286135,0.0013125763881785713,46.59671193709793,-0.0333140048597305,0.8319315626179884,-2.3335992540406134,0.3109661475590899,-0.12847078325735597,0.17648732430634148,0.01376315824524172,0.17991110323542875,0.1873390117096759,-0.016034643157754838,19.98965585248003,0.19554886156573698,0.4327868852459016,-2.31532521074631,0.010235124322753517,1.1280573721317984,-0.05731412970363629,0.4594937653998357,-0.37766233766233764,-1.969832198191309,-0.22164944883727375,0.4247203365743055,Residential Construction,Consumer Cyclical,MHO
2007Q2,2007,Q2,2007-08-08,2007-06-30,-40179000.0,235647000.0,3850000.0,-3.05,50546000.0,0.21449880541657648,1359523000.0,675617000.0,1176756000.0,165817000.0,683906000.0,1128363000.0,573094000.0,371735000.0,855997000.0,48.344686940966014,7.096715053341937,0.35792700822273693,0.7202453461058558,0.0020405855401558954,48.344686940966014,-0.059470084382127746,1.577507882553141,-2.3129931058513153,0.5502155807210298,0.0,0.16404384050168253,0.0,0.17333064611632168,0.20943570321499003,-0.02955374789540155,49.236423841059604,0.21449880541657648,-20.0625,-3.576292938097913,-0.012049265287190981,1.3276308582569916,0.06204693967600278,-19.017488789237667,-0.5095541401273885,-2.6318328927268033,-0.15317119391269832,0.5515142339856013,Residential Construction,Consumer Cyclical,MHO
2007Q1,2007,Q1,2007-05-10,2007-03-31,2230000.0,224459000.0,7850000.0,0.16,47593000.0,0.21203426906472897,1395643000.0,717661000.0,1229190000.0,162711000.0,677982000.0,1177742000.0,616065000.0,370186650.0,856756650.0,51.47106074732841,7.554437007946604,0.35166944555305335,0.6838953210499108,0.004024929122723726,51.47106074732841,0.003107316685733236,1.64923950476479,41.500745515695066,0.5158238360451523,0.0,0.15017380716659506,0.0,0.1608283780307715,0.21146081088555782,0.0015978298175106384,7.0945524061404015,0.21203426906472897,1.2033804357735436,-0.8489747302759595,0.12260083031148654,1.5981483345998932,-0.5859461998886414,1.2033002096818306,-0.8655936991695916,-0.8848588677852848,-0.009800422772763388,0.7425453590352006,Residential Construction,Consumer Cyclical,MHO
