Quarters,Year,Quarter,FillingDate,Date,NetIncome,Revenue,OperatingIncome,EPSDiluted,GrossProfit,GrossProfitRatio,TotalAssets,CommonStockEquity,CurrentAssets,CurrentLiability,TotalLiability,Inventory,RetainedEarnings,MarketCap,EnterpriseValue,bookValuePerShare,currentRatio,debtToAssets,debtToEquity,roic,shareholdersEquityPerShare,roe,priceToSalesRatio,peRatio,pbRatio,payoutRatio,inventoryTurnover,dividendYield,assetTurnover,quickRatio,returnOnAssets,priceToFreeCashFlowsRatio,grossProfitMargin,epsdilutedGrowth,fiveYNetIncomeGrowthPerShare,fiveYRevenueGrowthPerShare,fiveYShareholdersEquityGrowthPerShare,grossProfitGrowth,netIncomeGrowth,operatingIncomeGrowth,threeYNetIncomeGrowthPerShare,threeYRevenueGrowthPerShare,threeYShareholdersEquityGrowthPerShare,Industry,Sector,Symbol
2023Q1,2023,Q1,2023-05-10,2023-03-31,32794000.0,350211000.0,306993000.0,0.0552,343101000.0,0.9796979535,19650157000.0,8441680000.0,1559110000.0,624660000.0,11206903000.0,0.0,-25413000.0,4918042440.0,15197964440.0,14.109396258077025,2.4959337879806616,0.5458651042838996,1.2706398489400215,0.014356441366990906,14.109396258077025,0.0038847717515944694,14.043083855161603,37.49193785448558,0.5825904843585638,5.384521558821736,0.0,0.03590452952658944,0.017822300351086253,5.029177472545064,0.0016688925182633402,36.25591560509554,0.9796979535194497,1.24,-0.7792537237434659,0.041622773526496765,0.34111478352963914,-0.07963260521423762,1.2338886828516817,-0.42231894366634487,-0.6473589346154636,0.036974610200230504,0.052942341565467406,REIT—Healthcare Facilities,Real Estate,MPW
2022Q4,2022,Q4,2023-03-01,2022-12-31,-140212000.0,380486000.0,531423000.0,-0.23,372787000.0,0.9797653527,19658000000.0,8592838000.0,1417708000.0,649051000.0,11063593000.0,-304516000.0,116285000.0,6662310420.0,17770768420.0,14.36802089446922,2.1842782770537292,0.5770742700172957,1.3201838554386804,0.029698779298637075,14.36802089446922,-0.016317309834073444,17.510001471801854,-11.878994700881522,0.7753329482064016,-1.240970815622058,-0.025282743763874477,0.026116915759082867,0.019355275206022992,4.790118187939006,-0.007132566893885441,36.78903569949474,0.9797653527330835,-1.6216216216216215,-2.1874295317111616,0.13105752160406667,0.37030910573417647,0.08345007178688306,-1.6321750461015452,1.0448784054178852,-1.892651996446468,0.22457564914276268,0.009093214283249015,REIT—Healthcare Facilities,Real Estate,MPW
2022Q3,2022,Q3,2022-11-09,2022-09-30,221793000.0,352339000.0,259880000.0,0.37,344074000.0,0.9765424776,19043416000.0,8831782000.0,1327053000.0,587586000.0,10210168000.0,0.0,433339000.0,7103902800.0,17065304800.0,14.744702661190692,2.258483013550357,0.5387989738815767,1.1617783364670913,0.01246502967051684,14.744702661190692,0.025113051929950263,20.162124544827567,8.007356859774655,0.8043566745646574,0.7845919393308175,0.0,0.02449597142573516,0.018501880124868354,2.258483013550357,0.011646702461365125,33.211482054614564,0.9765424775571254,0.15624999999999997,0.7642314246025107,0.21362338538470815,0.4038403149273025,-0.09237096106211964,0.16981281349388438,-0.04489591908738092,0.8128664111900706,0.15047189641048245,0.08503352124684276,REIT—Healthcare Facilities,Real Estate,MPW
2022Q2,2022,Q2,2022-08-09,2022-06-30,189597000.0,400226000.0,272096000.0,0.32,379091000.0,0.9471923363,19743084000.0,8859833000.0,1268055000.0,583465000.0,10877213000.0,2076813000.0,385545000.0,9144088290.0,20100812290.0,14.79531317058182,2.173318022503492,0.5679960131861871,1.2657115546083093,0.012736763647506328,14.79531317058182,0.021399613288422027,22.847311993723547,12.057269221031977,1.0320835945779112,0.9178678987536723,0.01017665047358621,0.01903142166620528,0.020271706284590595,5.732765461510116,0.009603210926925095,55.543605865309274,0.9471923363299736,-0.6981132075471698,0.5088101982275302,0.40177716001850133,0.355988663379991,-0.055111888774233425,-0.6999795868957365,-0.03809156824135383,0.572643378173422,0.3695917201891579,0.18892972909265476,REIT—Healthcare Facilities,Real Estate,MPW
2022Q1,2022,Q1,2022-05-10,2022-03-31,631947000.0,409800000.0,282871000.0,1.06,401202000.0,0.9790190337,19817834000.0,8913453000.0,1042163000.0,613860000.0,10898475000.0,0.0,369972000.0,12656010640.0,23223198640.0,14.888609197629435,1.6977209787247907,0.545772762048567,1.2134505000475124,0.013965926099925342,14.888609197629435,0.07089811322278806,30.883383699365545,5.006753192910165,1.4198774189980023,0.27928607937058014,0.0,0.01394546868048461,0.020678344565808755,1.6977209787247907,0.031887793590359065,70.55143706065657,0.9790190336749633,2.028571428571429,3.986016157646595,0.4051860537971803,0.4722558137316048,-0.0007422166874221669,2.055186517375413,0.33844508689665614,4.297932732934059,0.44353214746124275,0.16179657956904714,REIT—Healthcare Facilities,Real Estate,MPW
2021Q4,2021,Q4,2022-03-01,2021-12-31,206844000.0,409333000.0,211343000.0,0.35,401500000.0,0.9808639909,20519801000.0,8440188000.0,2572631000.0,633355000.0,12074130000.0,0.0,-87691000.0,14092813850.0,25232366850.0,14.152009993376872,4.0619099872899085,0.5652481717537124,1.3742324223109723,0.01022643320216926,14.152009993376872,0.02450703704704208,34.428726367041016,17.033143153777726,1.6697274811888076,0.8084885227514456,0.0,0.011866402393443947,0.01994819540403925,7.3038943404567735,0.010080214715532573,60.18223526598312,0.9808639909315887,0.20689655172413793,1.5773300272578574,0.432095713010953,0.39339689291446545,0.04652405441403776,0.20864570490308934,-0.1930947853908475,0.6202832786863165,0.39359165710752025,0.14114404674830616,REIT—Healthcare Facilities,Real Estate,MPW
2021Q3,2021,Q3,2021-11-09,2021-09-30,171137000.0,390779000.0,261918000.0,0.29,383651000.0,0.981759511130332,19711987000.0,8353335000.0,2691310000.0,1509969000.0,11353253000.0,0.0,-117733000.0,11944038330.0,22332897330.0,14.036411205153927,1.7823610948304236,0.5447706007517152,1.2855357770279774,0.012813965690688062,14.036411205153927,0.020487266463035423,30.564688302083788,17.44806548262503,1.429852667228119,0.964916996324582,0.0,0.013825558444938447,0.019824434746228272,1.7075714799442903,0.008681874638005798,56.27901149230313,0.981759511130332,0.5263157894736841,0.006392932149969613,0.2775828055687338,0.09336525867963975,0.05657545413485795,0.4937982804521451,0.03855761834143556,-0.8573855136263521,0.216722146965646,0.14558712568392704,REIT—Healthcare Facilities,Real Estate,MPW
2021Q2,2021,Q2,2021-08-09,2021-06-30,114565000.0,381792000.0,252194000.0,0.19,363108000.0,0.9510623585617299,19086155000.0,8211738000.0,2910884000.0,886881000.0,10869074000.0,0.0,-121639000.0,11809031400.0,21282900400.0,13.977093311818953,3.2821584857494974,0.5341667821517744,1.2415386365224998,0.009458253241512017,13.977093311818953,0.013951370586835576,30.9305365225044,25.769282503382364,1.4380672398461811,1.426639898747436,0.0,0.013840508545010727,0.020003609946581697,3.2821584857494974,0.006002518579567231,66.89608107495695,0.9510623585617299,-0.3214285714285715,-0.13584437503441987,0.22498794724228605,0.5389875648115169,0.016221117678667383,-0.3005073786656735,0.026861077293289414,-0.36222384620801434,0.17446012389940935,0.3312106360622347,REIT—Healthcare Facilities,Real Estate,MPW
2021Q1,2021,Q1,2021-05-10,2021-03-31,163783000.0,362765000.0,245597000.0,0.28,357312000.0,0.9849682301214284,18745675000.0,8114981000.0,2859362000.0,624774000.0,10625465000.0,0.0,-71071000.0,12262387200.0,21673971200.0,14.08264091350826,4.576634110894499,0.5419029722856072,1.2518004663227185,0.01267767976823231,14.08264091350826,0.02018279525238568,33.80256419445095,18.717429769878436,1.5110802107854597,0.9015954036743741,0.0,0.012042190284123469,0.019351930511971427,4.576634110894499,0.00873710869307187,64.97317437609283,0.9849682301214284,0.4000000000000001,0.16537657026957783,0.10757546211820558,0.5694957291586763,0.08905374679207788,0.4905081722543773,0.10951137534107953,0.1446820392629378,0.12027105626975061,0.3385716564189339,REIT—Healthcare Facilities,Real Estate,MPW
2020Q4,2020,Q4,2021-03-01,2020-12-31,109884000.0,333806000.0,221356000.0,0.2,328094000.0,0.9828882644410226,16829014000.0,7338532000.0,2032870000.0,604157000.0,9485157000.0,0.0,-71411000.0,11701295370.0,20016869370.0,13.665718813488938,3.364804181694493,0.5267960440225434,1.2080696793309615,0.012814327491303193,13.665718813488938,0.014973566920468563,35.0541792837756,26.62192714589931,1.5945008306838477,1.3192457500637036,0.0,0.012388713848866804,0.019835148987338177,3.219232749103296,0.006529437791186103,66.70521480121766,0.9828882644410226,-0.19999999999999996,-0.16722581098929362,0.1199833957501444,0.540681626559424,0.014009723050676689,-0.16186902201272252,-0.003699736247513255,0.03638252893896822,0.10510389765480031,0.3033290433016536,REIT—Healthcare Facilities,Real Estate,MPW
2020Q3,2020,Q3,2020-11-09,2020-09-30,131106000.0,329458000.0,222178000.0,0.25,323561000.0,0.9821009051229596,15978415000.0,7207641000.0,1573548000.0,656180000.0,8765538000.0,0.0,-33619000.0,9363204850.0,17370079850.0,13.571283856937082,2.3980432198482124,0.5126083532064977,1.1363869260414052,0.012758640871016145,13.571283856937082,0.018189862674902926,28.420025769597338,17.85426458361936,1.2990664837496761,1.0927341235336292,0.0,0.015300743954138737,0.02061894124041715,2.3980432198482124,0.008205194319962274,61.13668022618052,0.9821009051229596,0.19047619047619052,1.3976994482896576,0.2125624639260871,0.44204666495224454,0.1479615549729118,0.19766507107099793,0.1794389943517221,0.17617080295565074,0.2798627089535985,0.2921193354299797,REIT—Healthcare Facilities,Real Estate,MPW
2020Q2,2020,Q2,2020-08-07,2020-06-30,109468000.0,291842000.0,188376000.0,0.21,281857000.0,0.9657862816181358,15448070000.0,7067171000.0,1586293000.0,443453000.0,8380793000.0,0.0,-19771000.0,9922282800.0,17466022800.0,13.390347511562561,3.5771389527187774,0.5046513901089262,1.1031132542286015,0.01204000496618021,13.390347511562561,0.015489649252862284,33.998817168193746,22.660235868016226,1.4039964223308026,1.294140753462199,0.0,0.014277661991250641,0.018891809785947372,3.5771389527187774,0.007086192644129655,54.472543809565636,0.9657862816181358,0.4,0.9260221267042396,0.1528444223842082,0.5514108132563276,-0.023229137787635155,0.351590280521533,-0.030259351158792098,-0.011588123440942047,0.159762590461735,0.22722373058652073,REIT—Healthcare Facilities,Real Estate,MPW
2020Q1,2020,Q1,2020-05-11,2020-03-31,80992000.0,294132000.0,194254000.0,0.15,288560000.0,0.9810561244611263,15238087000.0,6982403000.0,1441096000.0,428136000.0,8255577000.0,0.0,14025000.0,9009404040.0,16312631040.0,13.399970445769906,3.3659771661341256,0.5042820007524567,1.1005226997066768,0.01251925585645972,13.399970445769906,0.011599445062108275,30.63047896862633,27.809549214737256,1.2903013532733645,1.7047856578427498,0.0,0.015325541998891195,0.0193024229353724,3.3659771661341256,0.005315102873477491,84.26776699029126,0.9810561244611263,-0.42307692307692313,-0.12120197471397508,0.193857837596242,0.5145234099288071,0.1642995480955455,-0.37524491275706195,0.10192528051008021,-0.2658142918363378,0.15876382971069944,0.3250522013673077,REIT—Healthcare Facilities,Real Estate,MPW
2019Q4,2019,Q4,2020-02-27,2019-12-31,129638000.0,256438000.0,176286000.0,0.26,247840000.0,0.966471427791513,14467331000.0,7028047000.0,2463048000.0,291489000.0,7439177000.0,0.0,83012000.0,10419748230.0,16089052230.0,14.238546737899444,8.449883185986435,0.48548547067873127,0.9993784902121458,0.012380239136690348,14.238546737899444,0.018445807206468597,40.63262164733776,20.093931235440227,1.482595126355871,0.9258242182076243,0.0,0.011518704420749714,0.01772531505638462,8.139950392639173,0.008960740581659464,62.49099334292911,0.966471427791513,0.3,2.0295274806112293,0.09094811120153293,0.776267841299656,0.12288077999981878,0.44385538948165637,0.12571600074074546,0.9517510871611036,0.08403341429717158,0.40191723956466685,REIT—Healthcare Facilities,Real Estate,MPW
2019Q3,2019,Q3,2019-11-12,2019-09-30,89786000.0,224756000.0,156599000.0,0.2,220718000.0,0.9820338500418231,12452153000.0,5973540000.0,1308666000.0,700648000.0,6465335000.0,0.0,91535000.0,8598204360.0,14232814360.0,13.589167866673037,1.8677938137267216,0.4895725261326294,1.0205392447359523,0.013000973061233519,13.589167866673037,0.015030618360302266,38.25572781149335,23.94082696634219,1.43938173344449,1.1036575858151605,0.0,0.011524848195164323,0.018049569419842496,1.8677938137267216,0.007210479986874559,66.51301807830062,0.9820338500418231,0.0,0.2303243092666678,0.0880350121840228,0.6600618057418582,0.19786821810603553,0.13026511241471336,0.22332455804579293,-0.2851791842797137,-0.005203981095854089,0.05852727044149585,REIT—Healthcare Facilities,Real Estate,MPW
2019Q2,2019,Q2,2019-08-09,2019-06-30,79438000.0,192549000.0,128011000.0,0.2,184259000.0,0.956946024128923,10123211000.0,4910169000.0,1115287000.0,233575000.0,5199576000.0,0.0,121772000.0,6889262040.0,11315920040.0,12.444228459046972,4.774856041956545,0.4818935414859969,0.9935116286221513,0.013012519984285112,12.444228459046972,0.01617826188874558,35.779266784039386,21.681254689191572,1.4030600657533376,1.2231299881668722,0.0,0.014103542503661247,0.019020545951279687,4.774856041956545,0.007847114912452186,61.963825439369685,0.956946024128923,0.0,171.30239523847894,0.0945304175918076,0.5123660147387714,0.03873429995264618,0.04769064387644747,0.061583115644566075,-0.10780854664154349,-0.08010975257033875,0.3702071256798766,REIT—Healthcare Facilities,Real Estate,MPW
2019Q1,2019,Q1,2019-05-10,2019-03-31,75822000.0,180454000.0,120585000.0,0.2,177388000.0,0.9830095204317998,9231453000.0,4876822000.0,1629294000.0,226758000.0,4340977000.0,0.0,141427000.0,7131525739.999999,10159545740.0,12.815160123084684,7.1851665652369485,0.43585424742995493,0.8250389290402643,0.013845851520357189,12.815160123084684,0.015547420020660997,39.519909450607905,23.51403860357152,1.4623305382070537,1.2584606051014218,0.0,0.013379885802669769,0.019547735334838404,7.1851665652369485,0.008213441589314271,82.04323017808659,0.9830095204317998,-0.04761904761904753,3.511870591310311,0.06383540477691743,0.4684639421662545,-0.004355537594575784,-0.03390543174955086,-0.024108963775857046,-0.1830730362377444,-0.16573313683289745,0.42823630916932637,REIT—Healthcare Facilities,Real Estate,MPW
2018Q4,2018,Q4,2019-03-01,2018-12-31,78483000.0,180578000.0,123564000.0,0.21,178164000.0,0.9866318156143051,8843643000.0,4547108000.0,1502526000.0,232384000.0,4282705000.0,0.0,162768000.0,5895812399.999999,9112333400.0,12.40159823267104,6.4657033186450015,0.45653007476669966,0.8879025965514784,0.015088505577997458,12.40159823267104,0.017259981509126242,32.64967161005216,18.78053973471962,1.296607074210685,1.166443688442083,0.0,0.015527291879232795,0.020418960828699213,6.199949221977417,0.008874510199020923,39.31458940419431,0.9866318156143051,-0.895,0.9335604576825116,0.19122368459325192,0.48669355792799535,-0.08293827884927192,-0.893370414953657,-0.13800175798417813,-0.12886093068902965,-0.11263686080155699,0.3981638871559649,REIT—Healthcare Facilities,Real Estate,MPW
2018Q3,2018,Q3,2018-11-09,2018-09-30,736034000.0,196996000.0,143346000.0,2.0,194277000.0,0.9861976892931836,8774516000.0,4472490000.0,1476686000.0,224186000.0,4288008000.0,0.0,179703000.0,5369503040.0,8702387040.0,12.252591610414658,6.586878752464472,0.4608629125526696,0.904160545915139,0.01672403452817338,12.252591610414658,0.16456917734863577,27.256914049016224,1.8237958572565942,1.2005623355222705,0.12437876511139431,0.0,0.017049436291966417,0.022450924928508878,6.586878752464472,0.08388314523558907,52.311903667043374,0.9861976892931836,5.666666666666667,11.16678363691652,0.3814953019187804,0.3957225372362933,-0.028527567481073296,5.597237534396371,-0.017935929407251104,18.584876858228384,0.05490235828986436,0.3019261151028641,REIT—Healthcare Facilities,Real Estate,MPW
2018Q2,2018,Q2,2018-08-09,2018-06-30,111567000.0,201902000.0,145964000.0,0.3,199982000.0,0.9904904359540767,8956824000.0,3831249000.0,594902000.0,1040353000.0,5111369000.0,0.0,-464784000.0,5123153880.0,9840845880.0,10.499535485356141,0.571827062545117,0.5430787743512656,1.2696279985978463,0.0165011103270766,10.499535485356141,0.02912026861214189,25.374458301552238,11.479993815375513,1.3372020142778505,0.8193282960015058,0.0,0.01784252476913694,0.022541695583166533,0.571827062545117,0.012456089345955665,50.38407859798195,0.9904904359540767,0.19999999999999996,0.6715027899955102,0.43937407312235327,0.2837121863037037,-0.01419684317417752,0.2314102493349963,-0.02196432639605473,1.8391824553128822,0.1535780655884924,0.2164802199557863,REIT—Healthcare Facilities,Real Estate,MPW
2018Q1,2018,Q1,2018-05-10,2018-03-31,90601000.0,205046000.0,149242000.0,0.25,202862000.0,0.9893487315041503,9031840000.0,3838795000.0,571438000.0,1014505000.0,5178651000.0,0.0,-484804000.0,4743466000.0,9503516000.0,10.520647771060233,0.5632678005529791,0.5423439742068061,1.276016041492187,0.0167527374071462,10.520647771060233,0.02360141659036234,23.133667567277588,13.088889747353782,1.2356653585304764,0.9867771878897584,0.0,0.018847610586857796,0.022702572233343373,0.5632678005529791,0.010031289305390706,50.03814466702533,0.9893487315041503,0.3157894736842105,0.3323276893767128,0.34955468007198115,0.20871969253713363,-0.0014176716711789318,0.2593266985433115,0.04308868651145886,0.4038754227253583,0.1885303367403391,0.1890897372774437,REIT—Healthcare Facilities,Real Estate,MPW
2017Q4,2017,Q4,2018-03-01,2017-12-31,71944000.0,204961000.0,143077000.0,0.19,203150000.0,0.991164172696269,9020288000.0,3820633000.0,641419000.0,1051998000.0,5185083000.0,0.0,-485932000.0,5021183960.0,9748378960.0,10.485240763813799,0.6097150374810598,0.5430721280739595,1.2821610973888358,0.015885966956234194,10.485240763813799,0.018830387530024476,24.498240933641036,17.448237379072612,1.3142282862551835,1.216473924163238,0.0,0.017429753758713116,0.02272222350328504,0.5572662685670505,0.007975798555434151,35.07515601969893,0.991164172696269,-0.09523809523809519,-0.06712231682186827,0.3465901994200268,0.347567285069617,0.1604526422218541,-0.05911278510148567,0.1853837167877648,1.2774519932647825,0.1811499114218743,0.3080405128335664,REIT—Healthcare Facilities,Real Estate,MPW
2017Q3,2017,Q3,2017-11-09,2017-09-30,76464000.0,176580000.0,120701000.0,0.21,175061000.0,0.9913976667799298,8927040000.0,3826444000.0,611892000.0,625990000.0,5085836000.0,0.0,-468473000.0,4783455950.0,9427495950.0,10.503119553133963,0.9774788734644323,0.5413064128759365,1.2628602430873155,0.013758538716198,10.503119553133963,0.01998304430954693,27.089454921282137,15.63956878400293,1.2501047839717503,1.1445778405524167,0.0,0.018296186045154234,0.01978035272609958,0.9774788734644323,0.0085654371437789,73.52150179828472,0.9913976667799298,0.0,-0.10092752672635909,0.21753914944660585,0.3701882543531083,0.05678703804315018,0.04153102227065314,0.09453552903623635,0.2642409516329123,0.03141857589664027,0.2830680864616405,REIT—Healthcare Facilities,Real Estate,MPW
2017Q2,2017,Q2,2017-08-09,2017-06-30,73415000.0,166807000.0,110276000.0,0.21,165654000.0,0.9930878200555132,7327837000.0,3817310000.0,605624000.0,469737000.0,3495632000.0,0.0,-457419000.0,4502646720.0,7487336720.0,10.911089133815056,1.2892831520616856,0.43956408964882815,0.8438020490869225,0.015721248942080032,10.911089133815056,0.01923212943145828,26.993152085943635,15.332856773139003,1.179533944060084,1.0511612068378398,0.0,0.017139030618862322,0.022763470311907865,1.2892831520616856,0.010018645338317433,49.690957368148055,0.9930878200555132,0.0,0.46350508390452033,0.257694155833032,0.4304317730654314,0.0682599358995028,0.08010887156098279,-0.011243611584327087,178.50737267914366,0.06939950242100949,0.3260412603378983,REIT—Healthcare Facilities,Real Estate,MPW
2017Q1,2017,Q1,2017-05-10,2017-03-31,67970000.0,156397000.0,111530000.0,0.21,155069000.0,0.9915087885317493,6780730000.0,3246781000.0,792771000.0,574311000.0,3524159000.0,0.0,-443315000.0,4138424730.0,6969462730.0,10.112786826015318,1.3803862367253978,0.48342671069339144,1.0096110578446775,0.01679518000401679,10.112786826015318,0.020934581051201176,26.461023740864594,15.221512174488746,1.2746239213547204,1.0963807562159777,0.0,0.018007093244873394,0.023064920738622537,1.3803862367253978,0.010023994466672468,64.39023400911765,0.9915087885317493,0.6153846153846153,1.503168210813011,0.4022644257972092,0.22073101085605415,0.019097941023770562,0.5792653175027301,0.5336697790184404,3.7941254373607887,0.09286638751723536,0.15880431193885644,REIT—Healthcare Facilities,Real Estate,MPW
2016Q4,2016,Q4,2017-03-01,2016-12-31,43039000.0,153283000.0,72721000.0,0.13,152163000.0,0.9926932536550042,6418536000.0,3248378000.0,457805000.0,497711000.0,3165308000.0,0.0,-434114000.0,3933945900.0,6760046900.0,10.15648166386833,0.919820940264531,0.45327174296443923,0.8956288338364562,0.014425216255494599,10.15648166386833,0.013249381691416455,25.66459359485396,22.851053114616974,1.2110492990655646,1.3553521224935523,0.0,0.014828114438482745,0.02388130252755457,0.8308436020100017,0.006705423168149247,40.811107537813555,0.9926932536550042,-0.5357142857142857,0.3243175597384647,0.7932534202946138,0.530625650726806,0.2014638999431495,-0.38828562494670116,-0.1724024126550586,0.21556635928588894,0.15919583692332395,0.21755080092082033,REIT—Healthcare Facilities,Real Estate,MPW
2016Q3,2016,Q3,2016-11-09,2016-09-30,70358000.0,126555000.0,87870000.0,0.28,126648000.0,1.000734858361977,6095337000.0,3161053000.0,1418668000.0,149190000.0,2929371000.0,0.0,-402632000.0,3636817100.0,5297553100.0,12.837806116232791,9.509136001072457,0.44764530656795515,0.8631772387239316,0.014748722510264546,12.837806116232791,0.022257772963629525,28.737047923827586,12.922542923334944,1.1505081060013862,0.7855823076267091,0.0,0.015197904783278765,0.020762592781990562,9.509136001072457,0.011542922073053548,117.32046517629601,1.000734858361977,0.2727272727272728,73.43653219491102,0.5057487133003881,0.6969746387769737,0.00901877051531279,0.3096195368922642,0.11940583716575155,0.7241373063812271,0.3156845274113544,0.46238574620130063,REIT—Healthcare Facilities,Real Estate,MPW
2016Q2,2016,Q2,2016-08-09,2016-06-30,53724000.0,126300000.0,78497000.0,0.22,125516000.0,0.9937925574030088,5117933000.0,2162262000.0,584577000.0,173218000.0,2950695000.0,0.0,-414657000.0,3621227220.0,6198301220.0,9.082005359497987,3.374805158817213,0.5390135040845592,1.2758097769835477,0.015771591462251457,9.082005359497987,0.0248462027265891,28.671632779097386,16.851068516863972,1.6747402581185815,0.9750949296403841,0.0,0.014466366460152699,0.024677931500861772,3.374805158817213,0.010497206587112414,53.2893901757071,0.9937925574030088,-0.0833333333333333,8.452567392747037,0.6095890799614501,0.15631287087282478,-0.06399797163268654,-0.07255683877984359,-0.23454900048756705,0.23362573783902732,0.3800033347777266,0.110399690760001,REIT—Healthcare Facilities,Real Estate,MPW
2016Q1,2016,Q1,2016-05-10,2016-03-31,57927000.0,134999000.0,102550000.0,0.24,134098000.0,0.993325876487974,5710395000.0,2131110000.0,1010927000.0,784443000.0,3574247000.0,0.0,-413108000.0,3082879800.0,6273073800.0,8.97271693823418,1.2887195118064665,0.5948106917297314,1.593819183430231,0.018395594048079295,8.97271693823418,0.027181609583738053,22.836315824561662,13.305020974675022,1.4466075425482494,0.9046213337476479,0.0,0.01699774347348865,0.023640921512434777,1.2887195118064665,0.010144131885797743,44.46290238836968,0.993325876487974,0.0,1.4977527750223036,0.7577684876005798,0.1128201109699981,0.028666549044576214,-0.005323076394731872,0.08446221037826634,0.30866847279195386,0.36502396328519443,0.030877555718432634,REIT—Healthcare Facilities,Real Estate,MPW
2015Q4,2015,Q4,2016-02-29,2015-12-31,58237000.0,131545000.0,94563000.0,0.24,130361000.0,0.9909992778136759,5609351000.0,2102268000.0,1016485000.0,1237356000.0,3502086000.0,0.0,-418650000.0,2727996610.0,5854996610.0,8.8699174299927,0.8214976126514923,0.5923218211875135,1.5804554890242348,0.017247063256833742,8.8699174299927,0.027701986616359094,20.73812467216542,11.710753515806102,1.2976445486493635,0.8952899359513711,0.0,0.019112560407470596,0.02345101955645136,0.7996542627990652,0.01038212798592921,36.46469296369566,0.9909992778136759,1.3999999999999997,1.5608290820635355,1.052105371765264,0.08869400182686331,0.15524223921731964,1.5257839267901288,0.6560945709281961,0.1609607325022991,0.3287001249925759,0.13996529208732625,REIT—Healthcare Facilities,Real Estate,MPW
2015Q3,2015,Q3,2015-11-09,2015-09-30,23057000.0,114570000.0,57100000.0,0.1,112843000.0,0.9849262459631666,5633323000.0,2107603000.0,1163440000.0,1214888000.0,3520720000.0,0.0,-423874000.0,2476864880.0,5508748880.0,9.411126690124494,0.957652063400083,0.5971819829965369,1.5961824878784097,0.010378402165181325,9.411126690124494,0.010939916103744396,21.618790957493236,26.855888450362148,1.17520466615392,2.010408986424947,0.0,0.018714787542225556,0.020337907128705385,0.957652063400083,0.004092966087689273,55.36130710773357,0.9849262459631666,-0.06886662445528698,0.2703216758111602,0.9269801023037129,0.14245087018455155,0.136716664484089,0.029008791895389834,0.1929633962894869,-0.5589677457031167,0.2851156129493877,0.22773193105185205,REIT—Healthcare Facilities,Real Estate,MPW
2015Q2,2015,Q2,2015-08-10,2015-06-30,22407000.0,99801000.0,47864000.0,0.107396,99271000.0,0.9946894319696196,4226125000.0,1795877000.0,720488000.0,130505000.0,2430248000.0,0.0,-395078000.0,2727810810.0,4954108810.0,8.63107785323279,5.520769319183173,0.5354458280339555,1.2600311713998231,0.011478394456780578,8.63107785323279,0.012476912394334357,27.33249977455136,30.434806198955684,1.518929642731657,2.05409023965725,0.0,0.01687287103316377,0.023615250377118518,5.520769319183173,0.005302020172143512,60.06012616143379,0.9946894319696196,-0.3682588235294118,0.7910360041449683,0.5907549198614722,-0.031866921800528115,0.03829097374751595,-0.3757974203972477,-0.24872076597080522,-0.24894642367838152,0.26524152249520627,0.1315248043206781,REIT—Healthcare Facilities,Real Estate,MPW
2015Q1,2015,Q1,2015-05-11,2015-03-31,35897000.0,95961000.0,63710000.0,0.17,95610000.0,0.9963422640447682,3823049000.0,1795701000.0,739559000.0,412842000.0,2027348000.0,0.0,-371459000.0,2991600920.0,4840371920.0,8.847648281910542,1.7913850819441821,0.49236067861018784,1.048236315511324,0.017103692454869555,8.847648281910542,0.019990521807361026,31.175174497973135,20.83461654177229,1.6659794253052151,1.071426581608491,0.0,0.012856327106624904,0.025100646107334746,1.7913850819441821,0.009389625924229587,71.18452672155333,0.9963422640447682,1.125,5.9623629803651905,0.11051235642234913,0.05598493834404467,0.17088762613892428,1.4016190539907674,0.7076308665469457,1.0912545006122045,0.3610442090621694,0.0680140713626793,REIT—Healthcare Facilities,Real Estate,MPW
2014Q4,2014,Q4,2015-03-02,2014-12-31,14947000.0,82106000.0,37309000.0,0.08,81656000.0,0.9945192799551799,3747336000.0,1382047000.0,876557000.0,706113000.0,2365289000.0,0.0,-361330000.0,2375827025.0,4432940025.0,8.015990835864828,1.2413834612873578,0.5875251111723101,1.5930384422526875,0.01026825913375177,8.015990835864828,0.010815116996744683,28.936095108761844,39.73752299792601,1.7190638415336092,2.4311902053923866,0.0,0.015295305431589658,0.021910498551504322,1.158416570718851,0.003988700239316677,43.43456050384833,0.9945192799551799,-0.5,-0.07242235909466148,0.18682213278415458,-0.05476384451379684,0.019718520923611024,-0.4762238497389354,-0.2982413241794414,-0.14681802574552044,0.7818873399588682,0.2080444385593073,REIT—Healthcare Facilities,Real Estate,MPW
2014Q3,2014,Q3,2014-11-10,2014-09-30,28537000.0,80777000.0,53165000.0,0.16,80077000.0,0.9913341669039454,3169140000.0,1407106000.0,386873000.0,85426000.0,1762034000.0,0.0,-337817000.0,2107408265.82,3620374265.8199997,8.185940920796156,4.528750029265095,0.5108581507916974,1.1505750099850331,0.017264699509131974,8.185940920796156,0.020280632731293876,26.08921185263132,18.462069119213652,1.497689773066137,1.2691242947752042,0.0,0.01718556417728951,0.025488618363341476,4.528750029265095,0.009004651104085019,46.3278653261228,0.9913341669039454,136.3637901861252,0.25888611076220536,0.08429354338699313,-0.051324534345263274,0.0454189404423092,141.57635467980296,1.235326269761184,42.247769927158984,0.3767138085515207,0.08206449071954577,REIT—Healthcare Facilities,Real Estate,MPW
2014Q2,2014,Q2,2014-08-11,2014-06-30,-203000.0,76560000.0,23784000.0,-0.001182,76598000.0,1.000496342737722,3190044000.0,1412954000.0,435039000.0,84231000.0,1777090000.0,0.0,-330075000.0,2273552264.76,3741963264.76,8.22831797182142,5.164832425116644,0.5142101488255334,1.160938714211503,0.009622102352652723,8.22831797182142,-0.0001436706361282816,29.696346195924768,-2799.9412127586206,1.6090773406352932,-177.49261083743843,0.0,0.015847887272476446,0.023999668970083172,5.164832425116644,-6.363548590552356e-05,71.10850607575142,1.000496342737722,-1.02955,-1.0118451506210124,0.11222140127880406,-0.053158099003460864,0.05869994886041658,-1.0280348018229526,-0.17111591273436955,-1.0495207353266764,0.3527676099523518,0.04762214949597926,REIT—Healthcare Facilities,Real Estate,MPW
2014Q1,2014,Q1,2014-05-12,2014-03-31,7241000.0,73089000.0,28694000.0,0.04,72351000.0,0.9899027213397364,3026592000.0,1430980000.0,303058000.0,229184000.0,1595612000.0,0.0,-293596000.0,2097216946.62,3518952946.62,8.726915081197,1.3223348924881317,0.4863704787430879,1.028697116661309,0.009880300879564239,8.726915081197,0.005060168555814896,28.694016153183103,72.40771118008563,1.4655808932479837,4.941030244441375,0.0,0.0170597515233996,0.024148943762489296,1.3223348924881317,0.002392459902094501,114.71485322284214,0.9899027213397364,-0.6363636363636365,-0.6848542267793701,0.052377326688516176,-0.03343403524470928,0.10135021996255308,-0.5940915970626156,-0.13282359696575902,-0.5477526339834285,0.378453843272895,0.08233511387183061,REIT—Healthcare Facilities,Real Estate,MPW
2013Q4,2013,Q4,2014-03-03,2013-12-31,17839000.0,66623000.0,33089000.0,0.11,65693000.0,0.9860408567611786,2904570000.0,1344208000.0,311297000.0,199311000.0,1560362000.0,0.0,-264804000.0,1969162168.74,3344864168.74,8.341731331610225,1.5618656270853088,0.4894635006214345,1.0576346815373812,0.011457508767522983,8.341731331610225,0.013271011629152632,29.556792230010657,27.596308211502887,1.4649237087861404,1.8151802231066765,0.0,0.016444049410475677,0.02293730225127988,1.5618656270853088,0.006141700836956933,50.1863590167444,0.9860408567611786,-0.3125,3.4291808996511346,0.05565310270535072,0.03107780466595851,0.09491983066102204,-0.3044681846537742,-0.18600246002460025,0.1537463203437086,0.5286488072786998,0.023864420075299285,REIT—Healthcare Facilities,Real Estate,MPW
2013Q3,2013,Q3,2013-11-08,2013-09-30,25648000.0,60456000.0,40650000.0,0.16,59998000.0,0.9924242424242424,2563150000.0,1358569000.0,272114000.0,118852000.0,1204581000.0,0.0,-246865000.0,1883403667.34,2958252667.34,8.778672897749674,2.2895197388348536,0.42407701461092795,0.8000867088826552,0.016483723691429558,8.778672897749674,0.01887868779576157,31.153296072184727,18.358192328251715,1.3863143258384374,1.1728789769182781,0.0,0.015972146875176212,0.02358660242280007,2.2895197388348536,0.010006437391490939,41.558809050067296,0.9924242424242424,-0.11111111111111106,0.43722436227448663,-0.23256153962149895,-0.09121117724835921,0.05585668027593974,-0.06216176685680854,0.0478694609852293,1.0448373484354248,0.4714316085436387,0.06567500590803159,REIT—Healthcare Facilities,Real Estate,MPW
2013Q2,2013,Q2,2013-08-09,2013-06-30,27348000.0,57473000.0,38793000.0,0.18,56824000.0,0.988707741026221,2254476000.0,1222840000.0,278901000.0,98694000.0,1031636000.0,0.0,-240132000.0,2139473188.98,3042475188.98,8.179041686585762,2.8259164690862666,0.4121019695929342,0.7597674266461679,0.017873919135409692,8.179041686585762,0.02236433221026463,37.22570927183199,19.55785787790698,1.7495937236106116,1.0991663010092145,0.0,0.01405018775408501,0.025492841795610156,2.8259164690862666,0.01213053498906176,73.28468825717613,0.988707741026221,0.0,-0.1410737049579418,-0.19662846359649921,-0.16589113930694344,-0.020697975010771218,0.04557271754090839,-0.06226884865478982,2.042219271327536,0.27490137383014124,-0.08257103696611676,REIT—Healthcare Facilities,Real Estate,MPW
2013Q1,2013,Q1,2013-05-10,2013-03-31,26156000.0,58440000.0,41369000.0,0.18,58025000.0,0.9928986995208761,2227196000.0,1221571000.0,322027000.0,65621000.0,1005625000.0,0.0,-237398000.0,2268000716.64,3112945716.64,8.703959930508887,4.907377211563372,0.4041552696754125,0.736865069652112,0.019311536646358797,8.703959930508887,0.021411772217906286,38.80904717043121,21.6776333980731,1.856626194171276,1.062318397308457,0.0,0.012251318880165273,0.02623927126305902,4.907377211563372,0.011743914769961871,83.84165896417876,0.9928986995208761,-0.14285714285714285,-0.1218371343798778,-0.05859055394208383,-0.28036576029249827,0.037865779494884455,-0.08404538450763412,0.05508939274146242,6.228848339882455,-0.02199025765850125,0.03883543939686572,REIT—Healthcare Facilities,Real Estate,MPW
2012Q4,2012,Q4,2013-02-22,2012-12-31,28556000.0,56359000.0,39209000.0,0.21,55908000.0,0.9919977288454372,2178886000.0,1049814000.0,277703000.0,190961000.0,1129072000.0,0.0,-233494000.0,1613673219.6000001,2601522219.6000004,7.780866217208678,1.4542393473012813,0.47049730917542265,0.9765158399487909,0.018739521181312956,7.780866217208678,0.027201008940631387,28.632041370499834,14.127269396974368,1.5371039246952318,0.9518840173693794,0.0,0.016844798358082634,0.025865970041571703,1.4542393473012813,0.013105779742492264,2.3976601283765713,0.9919977288454372,-0.0869565217391305,0.4221922815044781,-0.20916297565536687,-0.19732415633049188,0.046241368340288566,-0.0924230867022629,0.046019635044285565,1.2645128994733668,0.04101073779928184,-0.08248946136509419,REIT—Healthcare Facilities,Real Estate,MPW
2012Q3,2012,Q3,2012-11-09,2012-09-30,31464000.0,53655000.0,37484000.0,0.23,53437000.0,0.9959370049389619,2158399000.0,1033158000.0,116322000.0,84671000.0,1125241000.0,0.0,-234264000.0,1411157070.0,2415564070.0,7.66545729739355,1.3738115765728525,0.47497381160758506,0.9922809483157464,,7.66545729739355,0.030454199648069318,26.300569751188146,11.212473541189933,1.3658676310883717,0.8638761759471142,0.0,0.019261498650890788,0.024858703140614873,1.3738115765728525,0.014577471542564651,-7.237482344252458,0.9959370049389619,0.6428571428571428,-0.01640474369035082,-0.23924977570081737,-0.20791777374553297,0.059606194602526225,0.6289086767446677,0.0812588340496726,0.7701969774166003,-0.0814582817460531,-0.11164381206478885,REIT—Healthcare Facilities,Real Estate,MPW
2012Q2,2012,Q2,2012-08-09,2012-06-30,19316000.0,51070000.0,34667000.0,0.14,50431000.0,0.9874877618954376,2038531000.0,1027583000.0,202650000.0,81583000.0,1010948000.0,0.0,-238541000.0,1295958300.0,2097684300.0,7.6278291207363695,2.4839733768064427,0.44159446189437396,0.8760401836153381,,7.6278291207363695,0.018797508327794445,25.37611709418445,16.77311943466556,1.261171409024867,1.4069683164216193,0.0,0.02097058215530546,0.025052353876394325,2.4839733768064427,0.009475450704453353,-3.3230466856927467,0.9874877618954376,0.7500000000000001,-0.38917340170898396,-0.24400263190945512,-0.21458805922350863,0.17117974918718068,0.8284740628549792,0.48804567111645275,0.4366889386643222,-0.0542939174892265,-0.12225703358957032,REIT—Healthcare Facilities,Real Estate,MPW
2012Q1,2012,Q1,2012-05-10,2012-03-31,10564000.0,43391000.0,23297000.0,0.08,43060000.0,0.9923716899817935,2048462000.0,1034747000.0,195643000.0,84822000.0,1013715000.0,0.0,-230676000.0,1159127680.0,1932852680.0,8.284205722703472,2.3065124613897336,0.4394638514163309,0.8699952742071251,0.012039967503405734,8.284205722703472,0.010209258881639666,26.71355073632781,27.431079136690645,1.1202039532368782,2.1215448693676637,0.0,0.019335229747942866,0.021182233304791596,2.3065124613897336,0.005157039769348907,67.16076713598702,0.9923716899817935,-0.21269461077844307,-0.6450558266468426,-0.17620015311485396,-0.2573257358692867,0.3079797090003341,-0.16766467065868262,0.3777869773493406,-0.3964255532859123,-0.17982101937067266,-0.08246714651222482,REIT—Healthcare Facilities,Real Estate,MPW
2011Q4,2011,Q4,2012-02-29,2011-12-31,12692000.0,33382000.0,16909000.0,0.10161241253422573,32921000.0,0.9861901623629501,1621874000.0,828815000.0,166581000.0,74432000.0,793059000.0,0.0,-214059000.0,1232822220.0,1819945220.0,6.635509903447392,2.2380293422184008,0.42534068614454634,0.8323317024909057,0.011134128418135941,6.635509903447392,0.01531342941428425,36.93074770834581,24.283450598802396,1.4874516267200761,1.7654427986132997,0.0,0.018175370005904017,0.020582363364848318,2.2380293422184008,0.007825515422283111,-25.387607495881383,0.9861901623629501,25.471587537357504,-0.22205513928983134,0.2055401313382698,-0.17329335262071896,-0.12161477093839217,28.863529411764706,-0.25782381600316023,3.0654624423093733,-0.31760415564120914,-0.17981930703525928,REIT—Healthcare Facilities,Real Estate,MPW
2011Q3,2011,Q3,2011-11-09,2011-09-30,425000.0,37791000.0,22783000.0,0.003838546229644415,37479000.0,0.9917440660474717,1595689000.0,837564000.0,177793000.0,81242000.0,758025000.0,0.0,-204343000.0,990890299.9999999,1525535300.0,7.565113716422494,2.188437015336895,0.40672900546409735,0.7748816806835059,0.01532581225190488,7.565113716422494,0.0005074239102922284,26.2202720224392,582.8766470588234,1.1830621898744453,52.72941176470588,0.0,0.022616025204808245,0.02368318638531694,2.188437015336895,0.00026634262691539517,729.6688512518408,0.9917440660474717,-0.8080726885177791,-0.9825050370248657,-0.10767508816368404,-0.1564699133432711,0.03556034482758621,-0.8390151515151515,0.20935293805403685,-0.9667102689019839,-0.32943199675910667,-0.21684167203766644,REIT—Healthcare Facilities,Real Estate,MPW
2011Q2,2011,Q2,2011-08-09,2011-06-30,2640000.0,36448000.0,18839000.0,0.02,36192000.0,0.9929762949956101,1678720000.0,868597000.0,287566000.0,67224000.0,810018000.0,0.0,-179931000.0,1271773500.0,1762176500.0,7.854280262955628,4.27772819231227,0.4278908930613801,0.8269761465904211,0.011871528622363266,7.854280262955628,0.0030393842023400956,34.89281990781387,120.43309659090909,1.4641698048692318,8.488636363636363,0.0,0.017621062241035844,0.021711780404117424,4.27772819231227,0.0015726267632481892,80.44616990321968,0.9929762949956101,-0.7777777777777777,-0.8808069960589456,-0.010592398957467464,-0.1269000528499685,0.01554520455693361,-0.7551020408163265,0.00042483139504009344,-0.8879041491644241,-0.3112183642989866,-0.19901071387830918,REIT—Healthcare Facilities,Real Estate,MPW
2011Q1,2011,Q1,2011-05-10,2011-03-31,10780000.0,35699000.0,18831000.0,0.09,35638000.0,0.9982912686629878,1449088000.0,890160000.0,64663000.0,58695000.0,558817000.0,0.0,-160154000.0,1277328000.0,1746672000.0,8.06304347826087,1.101678166794446,0.3287267577952478,0.5351330097959918,0.013780319850363772,8.06304347826087,0.01211018243911207,35.78049805316675,29.622634508348796,1.4349420328929632,2.0755102040816324,0.0,0.017516252677464206,0.02463549487677767,1.101678166794446,0.007439161734829078,-8.041247237908175,0.9982912686629878,-0.062022090059473296,-0.5174054465324319,0.004507787167269714,-0.10866882698407405,0.29550328983241847,0.017653167185877467,0.2709908207343413,-0.5398967953489996,-0.2689330465320647,-0.3333560575263879,REIT—Healthcare Facilities,Real Estate,MPW
2010Q4,2010,Q4,2011-02-28,2010-12-31,10593000.0,29859000.0,14816000.0,0.09595108695652174,27509000.0,0.9212967614454604,1348814000.0,899462000.0,153496000.0,59111000.0,449238000.0,0.0,-148530000.0,1195632000.0,1467194000.0,8.147300724637681,2.5967417231987278,0.27429282317650916,0.4113236579199566,,8.147300724637681,0.011777040052831582,40.04260022103888,28.21750212404418,1.329274610822914,2.10761823845936,0.0,0.018672969609378136,0.022137225740539467,2.5967417231987278,0.007853566169983407,-28.553769732285723,0.9212967614454604,0.19938858695652176,-0.41296302092603876,0.10827741774856359,-0.09836384780091803,-0.03868465194296897,0.18768920282542886,-0.07786145515653202,-0.3552442041293602,-0.48794771089577954,-0.15952269320422938,REIT—Healthcare Facilities,Real Estate,MPW
2010Q3,2010,Q3,2010-11-05,2010-09-30,8919000.0,29216000.0,16067000.0,0.08,28616000.0,0.9794633077765608,1362009000.0,906522000.0,163370000.0,66632000.0,455369000.0,0.0,-136750000.0,1115866440.0,1398122440.0,8.237664249495666,2.4518249489734663,0.2716670741529608,0.40816770028747235,,8.237664249495666,0.009838702204690013,38.193676067907994,31.277790110998993,1.230931450091669,2.503195425496132,0.0,0.020007770822465097,0.021450665891341394,2.4518249489734663,0.006548414878315782,57.06880990129392,0.9794633077765608,0.3333333333333334,-0.4201152175474476,0.21684067154595574,-0.1330237353769889,-0.04917597022860181,0.43323156034067173,0.09098933930875264,-0.658513869781081,-0.4926507078963394,-0.1487908438161942,REIT—Healthcare Facilities,Real Estate,MPW
2010Q2,2010,Q2,2010-08-06,2010-06-30,6223000.0,31207000.0,14727000.0,0.06,30096000.0,0.9643990130419458,1382285000.0,922703000.0,178773000.0,38053000.0,459471000.0,0.0,-123343000.0,977021120.0,1255436120.0,8.915177104871592,4.698000157674822,0.27657248686052444,0.4143283375040506,,8.915177104871592,0.006744315343073556,31.30775531130836,39.25040655632332,1.058868476638745,2.6233327976860035,0.0,0.01670895302652209,0.022576386201109033,4.698000157674822,0.004501965947688067,-13.739380967782763,0.9643990130419458,2.5,-0.6417495318240227,0.08654873213053657,-4.217756840745415e-05,-0.07805416002940815,3.205173635719348,0.9390388413429888,-0.7438557906724785,-0.3987010512665606,-0.0820341618209485,REIT—Healthcare Facilities,Real Estate,MPW
2010Q1,2010,Q1,2010-05-07,2010-03-31,-2822000.0,33710000.0,7595000.0,-0.04,32644000.0,0.9683773361020469,1288311000.0,663382000.0,66420000.0,30079000.0,624803000.0,0.0,-107240000.0,829764480.0,1402858480.0,8.378574315449127,2.208185112536986,0.43873102069298486,0.8520309565227878,,8.378574315449127,-0.004253959257260523,24.61478730347078,-73.50854712969526,1.250809458200554,-5.708717221828491,0.0,0.01941514777783691,0.026166042205647548,2.208185112536986,-0.0021904648799862766,86.23617543130327,0.9683773361020469,-1.4279783783783784,-1.261305540367799,0.6188106453428783,-0.05944326514027459,0.08744461840834139,-1.3813513513513513,-0.6009142977247649,-1.14958168173668,0.009649288947583157,-0.2488656459680477,REIT—Healthcare Facilities,Real Estate,MPW
2009Q4,2009,Q4,2010-02-12,2009-12-31,7400000.0,31770000.0,19031000.0,0.09346266545417803,30019000.0,0.9448851117406358,1309898000.0,671445000.0,62691000.0,44597000.0,638323000.0,0.0,-88093000.0,791760000.0,1370179000.0,8.480410730524401,1.405722358006144,0.4402464924749866,0.8588611129727677,,8.480410730524401,0.01102100693280909,24.92162417374882,26.74864864864865,1.1791881688001251,2.1685135135135134,0.0,0.02026750530463777,0.02425379686051891,1.405722358006144,0.0056492948305898625,47.286192068800766,0.9448851117406358,-0.28105641958324595,-0.3056807010616857,0.7877116626731943,-0.045462961001079646,-0.057221820922709714,-0.2866782340466551,-0.07242774284739484,-0.28444962140957547,0.8099904261177882,0.05655963527214864,REIT—Healthcare Facilities,Real Estate,MPW
2009Q3,2009,Q3,2009-11-09,2009-09-30,10374000.0,34093000.0,20517000.0,0.13,31841000.0,0.9339453846830728,1307798000.0,678787000.0,57498000.0,45815000.0,628792000.0,0.0,-79383000.0,614375110.47,1184258110.47,8.628810607162226,1.255003819709702,0.4329300090686788,0.8341129102354642,,8.628810607162226,0.015283144786214233,18.020564645821725,14.805646579670329,0.9051073613224766,1.558029689608637,0.0,0.026308031892169632,0.026069010657609203,1.255003819709702,0.00793241769753433,33.90029854163218,0.9339453846830728,0.44444444444444453,0.3083940603114549,1.243299806817146,0.0,0.05006100979454539,0.32220239612541424,0.15166994106090373,-0.39897809089761976,0.13297366320397008,-0.03786491095257482,REIT—Healthcare Facilities,Real Estate,MPW
2009Q2,2009,Q2,2009-08-07,2009-06-30,7846000.0,31514000.0,17815000.0,0.09,30323000.0,0.9622072729580504,1301214000.0,683193000.0,47245000.0,39343000.0,617799000.0,0.0,-73597000.0,477197875.65000004,1047731875.6500001,8.690276553204098,1.200848943903617,0.4324361711447925,0.8236208509162125,,8.690276553204098,0.011484309704578356,15.142408949990482,15.205132413013,0.6984817989206564,2.0592658679581954,0.0,0.033858071932931916,0.024218921714644938,1.200848943903617,0.006029753753033705,45.44741672857143,0.9622072729580504,-0.3571428571428572,3.2758535236715463,0.0,0.0,-0.035957270935334136,-0.26741363211951447,-0.08781362007168458,-0.5016926850650724,0.20339219708602435,-0.03396877303860976,REIT—Healthcare Facilities,Real Estate,MPW
2009Q1,2009,Q1,2009-05-11,2009-03-31,10710000.0,32373000.0,19530000.0,0.14,31454000.0,0.9716121459240725,1309654000.0,690088000.0,44930000.0,28872000.0,619330000.0,0.0,-65336000.0,278976800.0,845297800.0,9.02878375549508,1.5561789969520643,0.4298921699929905,0.8158524709892072,,9.02878375549508,0.015519759798750305,8.61757637537454,6.512063492063492,0.40426264476414603,1.2401493930905696,0.0,0.04760969370929769,0.024718742507563066,1.5561789969520643,0.008177732439254948,16.446194658963627,0.9716121459240725,4.601330858389005,0.027305025714749694,0.610417865032035,0.013547537934294845,0.05077076176737812,4.60631424883241,0.41089198498487284,-0.3074566305325142,0.3157520451104413,-0.001910824691674048,REIT—Healthcare Facilities,Real Estate,MPW
2008Q4,2008,Q4,2009-03-13,2008-12-31,1910346.0,29934217.0,13842307.0,0.024994060079547832,29934217.0,1.0,1311440000.0,618358000.0,169809000.0,54473000.0,692839000.0,0.0,-56698000.0,482285919.99999994,1108903920.0,8.090302491103202,3.117305821232537,0.4867672177148783,1.0323566607046404,,8.090302491103202,0.0030893851134779528,16.11152615082599,63.11499592220467,0.7799461153571232,9.423132772806602,0.0,0.03732525303662193,0.022825456749832246,2.8107686376737098,0.0014566781553101934,-14.567983693531177,1.0,-0.7917161660037682,-0.8143230969529557,0.7448837356288165,-0.08937271674037116,-0.0961181706257686,-0.7453623011453155,-0.20909143007690817,-0.8470841968623101,0.6048519617226261,-0.10467166307656661,REIT—Healthcare Facilities,Real Estate,MPW
2008Q3,2008,Q3,2008-11-10,2008-09-30,7502212.0,33117401.0,17501779.0,0.12,33117401.0,1.0,1298551369.0,628462142.0,48098969.0,51246099.0,669830162.0,0.0,-45246483.0,738429592.6,1347402360.6,9.659750073916525,0.9385879108573708,0.4662135549294546,0.9633074286278965,,9.659750073916525,0.011937412770998702,22.297329207687525,24.607062310422577,1.1749786395247974,2.4012333962303383,0.0,0.024395774736723358,0.0255033430256235,0.9385879108573708,0.005777370213530613,-28.091623587785794,1.0,-0.42857142857142855,0.1440657936366898,1.6348002462920868,0.0,0.0,-0.457958507759023,-0.1660873230331286,-0.17495827925447632,1.3330832621955284,0.016644255292236895,REIT—Healthcare Facilities,Real Estate,MPW
2008Q2,2008,Q2,2008-08-08,2008-06-30,13840660.0,31098150.0,20987544.0,0.21,0.0,0.0,1265787985.0,637285488.0,3676748.0,62000000.0,625097335.0,0.0,-34727511.0,657710620.16,1232971306.1599998,9.80572449474981,0.05930238709677419,0.44825602211732163,0.8903342343172892,,9.80572449474981,0.021718147142242787,21.14950954188593,11.880044379386531,1.0320502075515643,1.0542622967401845,0.0,0.022185571515403398,0.024568213925652012,0.5704976774193549,0.010934422007489666,-2.081011821285173,0.0,0.0,5.856330910556663,0.0,0.0,0.0,0.23205702229222536,0.35652918507847525,0.2688824227854187,0.7242862219490788,0.09984477008046799,REIT—Healthcare Facilities,Real Estate,MPW
2008Q1,2008,Q1,2008-05-09,2008-03-31,11233782.0,23413233.0,15471502.0,0.21,0.0,0.0,1115776236.0,640230894.0,147001752.0,61000000.0,475387836.0,0.0,-30546850.0,599208533.12,867578890.12,12.094977490296525,2.409864786885246,0.37227187279869617,0.6487848569831746,,12.094977490296525,0.017546454107851907,25.592729253580657,13.3349688715697,0.9359256773385259,1.2898868787021147,0.0,0.024182412631126717,0.02098380682845086,2.8516966721311476,0.010068131617744905,40.89425655580127,0.0,0.4111222856098284,0.5558925279645135,0.6817470748578652,0.35775038904878104,0.0,0.4260665239810802,-0.19824073679653492,0.5558925279645135,0.6817470748578652,0.35775038904878104,REIT—Healthcare Facilities,Real Estate,MPW
2007Q4,2007,Q4,2008-03-14,2007-12-31,7877460.0,27959116.0,19296942.0,0.14881771915978687,0.0,0.0,1051660686.0,513120443.0,94215134.0,58000000.0,538385139.0,0.0,-27170405.0,539393547.04,925703579.04,9.69365937516908,1.6243988620689656,0.456920347405665,0.9364763625291772,,9.69365937516908,0.015352068130327834,19.29222465545763,17.118257250433512,1.051202606324535,1.736539696805823,0.0,0.025360930020517217,0.026585681458097216,2.209968672413793,0.0074904958461098166,-7.465156092205606,0.0,-0.3799261701675547,0.10554320203162114,1.3532371141500823,0.09109773229885121,0.0,-0.3236284506286187,0.019577888096327652,0.10554320203162114,1.3532371141500823,0.09109773229885121,REIT—Healthcare Facilities,Real Estate,MPW
2007Q3,2007,Q3,2007-11-09,2007-09-30,11646646.0,25678608.0,18926403.0,0.24,0.0,0.0,912518417.0,474897455.0,7720381.0,58000000.0,437468174.0,0.0,-20546402.0,666395125.48,1039062181.48,9.677602960037786,0.1331100172413793,0.41685453127681915,0.8009885776288272,,9.677602960037786,0.024524549199784616,25.951372655402505,14.3044427872196,1.4032400436426848,1.1926216354476644,0.0,0.020843552824602513,0.028140372316452656,0.6644428275862069,0.012763190071592824,-8.016814229699118,0.0,0.04347826086956513,1.3547441856551876,1.7085952699005762,0.0,0.0,0.011732879112532056,0.007863038770695273,1.3547441856551876,1.7085952699005762,0.0,REIT—Healthcare Facilities,Real Estate,MPW
2007Q2,2007,Q2,2007-08-09,2007-06-30,11511582.0,24591291.0,18778745.0,0.23,0.0,0.0,802807112.0,476272127.0,8588912.0,47000000.0,326385021.0,0.0,-18072043.0,648801065.4300001,920063624.4300001,9.711883312081016,0.1827428085106383,0.34859117067712275,0.5875873374382876,,9.711883312081016,0.0241701778193709,26.383367405558335,14.09018033815856,1.362248657121184,1.2695925720721966,0.0,0.0225261945128184,0.030631630727257435,0.7373067446808511,0.014339162954500582,-47.80877768822244,0.0,-0.04166666666666659,6.352899812528059,0.0,0.0,0.0,0.1281493680095712,0.7258603731599932,6.352899812528059,0.0,0.0,REIT—Healthcare Facilities,Real Estate,MPW
2007Q1,2007,Q1,2007-05-10,2007-03-31,10203952.0,18058348.0,10880802.0,0.24,0.0,0.0,813949360.0,477678690.0,31996738.0,62000000.0,334857162.0,0.0,-16147070.0,629078963.11,871249332.11,11.154561458245741,0.5160764193548387,0.3368355827443614,0.5739571656420344,,11.154561458245741,0.021361539071378714,34.83590875034638,15.41263039825158,1.3169500257798814,1.0676497694226708,0.0,0.017317773505160186,0.02218608292781261,0.9509655161290322,0.012536347470068654,-87.36024817611504,0.0,0.8374405440629876,0.7469086945271476,0.6033395586602749,0.2521817565805482,0.0,0.8242615049334313,0.8053459521253561,0.7469086945271476,0.6033395586602749,0.2521817565805482,REIT—Healthcare Facilities,Real Estate,MPW
