Quarters,Year,Quarter,FillingDate,Date,NetIncome,Revenue,OperatingIncome,EPSDiluted,GrossProfit,GrossProfitRatio,TotalAssets,CommonStockEquity,CurrentAssets,CurrentLiability,TotalLiability,Inventory,RetainedEarnings,MarketCap,EnterpriseValue,bookValuePerShare,currentRatio,debtToAssets,debtToEquity,roic,shareholdersEquityPerShare,roe,priceToSalesRatio,peRatio,pbRatio,payoutRatio,inventoryTurnover,dividendYield,assetTurnover,quickRatio,returnOnAssets,priceToFreeCashFlowsRatio,grossProfitMargin,epsdilutedGrowth,fiveYNetIncomeGrowthPerShare,fiveYRevenueGrowthPerShare,fiveYShareholdersEquityGrowthPerShare,grossProfitGrowth,netIncomeGrowth,operatingIncomeGrowth,threeYNetIncomeGrowthPerShare,threeYRevenueGrowthPerShare,threeYShareholdersEquityGrowthPerShare,Industry,Sector,Symbol
2023Q4,2023,Q4,2023-06-28,2023-03-31,-12227000.0,175600.0,-12239100.0,0.0,175600.0,1.0,21089200.0,12080000.0,17507400.0,4567400.0,9009200.0,0.0,-326851700.0,0.0,-13917800.0,0.0,3.83312168848798,0.12896648521518123,0.22514900662251655,-0.7028419407581374,0.0,-1.0121688741721855,0.0,0.0,0.0,0.0,0.0,,0.008326536805568727,3.8184306169812148,-0.5797754300779546,0.0,1.0,1.0,1.0,0.0,-1.0,-0.022271714922048998,-0.2434658801993288,-0.25317155582859774,1.0,0.0,1.0,Biotechnology,Healthcare,VTGN
2023Q3,2023,Q3,2023-02-07,2022-12-31,-9833000.0,179600.0,-9766500.0,-0.0475,179600.0,1.0,29708800.0,20674500.0,26057500.0,4287400.0,9034300.0,682100.0,-314624700.0,639129679.56,617238179.56,0.09995499668233244,6.077692774175491,0.1058878177509694,0.1521584560690706,-0.3706007829495184,0.09995499668233244,-0.47561005102904547,3558.628505345211,-16.249610484084208,30.913912286149603,0.0,0.0,0.0,0.006045346833261525,5.875682231655549,-0.3309793731150366,-64.26126400691749,1.0,0.4378698224852071,0.7801539944991525,0.0,-0.86466277721393,-0.999,0.437378054711594,0.4415728473981234,0.655832195621806,0.0,1.7078309662337405,Biotechnology,Healthcare,VTGN
2023Q2,2023,Q2,2022-11-10,2022-09-30,-17477100.0,179600000.0,-17489300.0,-0.0845,179600000.0,1.0,40701700.0,29605000.0,36913800.0,6045400.0,11096700.0,1360100.0,-304863500.0,943679729.1869999,911959029.1869999,0.14314985351691387,6.106097197869454,0.08762533260281512,0.1204695152845803,-0.4855364883267909,0.14314985351691387,-0.5903428474919777,5.254341476542316,-13.498803136490036,31.875687525316668,0.0,0.0,0.0,4.4125921030325514,5.862523571641248,-0.4293948410017272,-57.66380668656661,1.0,0.11703239289446174,0.8327097329596259,0.0,1.8471169187526728,578.1680103192518,0.11626037226377027,0.11550035148762713,0.3249573867840747,0.0,2.680660862771746,Biotechnology,Healthcare,VTGN
2023Q1,2023,Q1,2022-08-11,2022-06-30,-19776300.0,310100.0,-19773100.0,-0.0957,310100.0,1.0,58725600.0,46052000.0,54993600.0,8926200.0,12673600.0,116900.0,-287380300.0,5454153513.599999,5406148913.599999,0.2229076972198262,6.160919540229885,0.06780347923222581,0.08646312863719274,-0.3733375232612996,0.2229076972198262,-0.42943411795361763,17588.369924540468,-68.94810345716843,118.43467197081559,0.0,0.0,0.0,0.00528049096135246,5.900405547713473,-0.33675773427602274,-337.8565552238066,1.0,-0.13523131672597857,0.6182437010083086,0.0,4.318713935437406,6.97172236503856,-0.18535945048490152,-0.18451446714191577,0.3429768656364296,0.0,4.843884227353456,Biotechnology,Healthcare,VTGN
2022Q4,2022,Q4,2022-06-23,2022-03-31,-16683800.0,38900.0,-16693000.0,-0.0843,38900.0,1.0,74643400.0,64715300.0,70998000.0,5765100.0,9928100.0,2453000.0,-267604000.0,7364803622.400001,7299707022.400001,0.32688029218835946,12.315137638549201,0.04070956038980004,0.046954893201453136,-0.2357361526266607,0.32688029218835946,-0.25780302339632205,189326.5712699229,-110.35860568935135,113.8031288180693,0.0,0.0,0.0,0.0005211445352167773,11.877192069521778,-0.2235133983714568,-472.44804680343333,1.0,-0.6180422264875239,0.7509820497981676,0.0,2.9979625489089314,-0.8913104219055602,-0.5836394528765745,-0.5845127241317121,0.5794416132665824,0.0,0.31961147060536743,Biotechnology,Healthcare,VTGN
2022Q3,2022,Q3,2022-02-10,2021-12-31,-10535100.0,357900.0,-10535100.0,-0.0521,357900.0,1.0,90536100.0,79977800.0,86770300.0,6420800.0,10558300.0,0.0,-250915700.0,11836227955.5,11755669355.5,0.39528651506123824,13.51393907301271,0.03469997050900138,0.03928090044987484,-0.12213051089136458,0.39528651506123824,-0.13172530377179667,33071.3270620285,-280.8760229020133,147.99391775592727,0.0,0.0,0.0,0.003953119252983064,13.035789932718664,-0.11636352791869763,-982.6346950288076,1.0,0.2557142857142858,0.8345896629685343,-0.9881386869518644,0.2799281460313096,-0.00027932960893854746,0.1765850684674545,0.1769131606703387,0.7785260056745297,0.0,6.167910087259256,Biotechnology,Healthcare,VTGN
2022Q2,2022,Q2,2021-11-10,2021-09-30,-12794400.0,358000.0,-12799500.0,-0.07,358000.0,1.0,100499700.0,80659700.0,96437400.0,7912200.0,19840000.0,0.0,-240380600.0,15883328530.2,15793243630.2,0.41743311720799076,12.188443163721848,0.03524587635584982,0.04391536293836947,-0.14587305585218835,0.41743311720799076,-0.15862196363239636,44366.839469832405,-310.35704156115173,196.91777343828454,0.0,0.0,0.0,0.0035621996881582733,11.833257501074291,-0.12730784270997825,-1381.146992652238,1.0,-0.7500000000000001,0.8282969756255549,0.0,-0.17867483385065067,0.011013837898898616,-0.652062754212667,-0.6523585758178203,0.7700965433270471,0.0,1.701328133921086,Biotechnology,Healthcare,VTGN
2022Q1,2022,Q1,2021-08-12,2021-06-30,-7744500.0,354100.0,-7746200.0,-0.04,354100.0,1.0,103907200.0,85616800.0,99825800.0,6267000.0,18290400.0,0.0,-227586200.0,17947832931.0,17853689331.0,0.450794679842677,15.928801659486197,0.03496677804810446,0.042436764747105706,-0.083433662419676,0.450794679842677,-0.09045537791648368,50685.775009884215,-579.3735209180709,209.62980315779146,0.0,0.0,0.0,0.003407848541775738,15.608887825115685,-0.0745328523913646,-2838.5893798633515,1.0,0.4452149791955617,0.894325000333914,0.0,-0.6270871327656383,-0.19868748585652862,-0.24692073612519924,-0.2455700273355845,0.7775918697899478,0.0,2.216453132815745,Biotechnology,Healthcare,VTGN
2021Q4,2021,Q4,2021-06-29,2021-03-31,-6210900.0,441900.0,-6219000.0,-0.0721,441900.0,1.0,108281300.0,91978500.0,104117500.0,4189000.0,16302800.0,0.0,-219841600.0,5503939851.599999,5404550151.599999,1.067857990543161,24.854977321556458,0.03434203320425595,0.04042901330202167,-0.06255551185577328,1.067857990543161,-0.06752556303918851,12455.170517311608,-221.54357064193593,59.839417381235826,0.0,0.0,0.0,0.004081037076577396,24.623752685605158,-0.057358934552872935,-1037.0312868070994,1.0,-0.029999999999999864,0.9850049596803311,0.0,1.634128378807845,0.4091198979591837,-0.17215543435182215,-0.17355122374653256,0.7544427094016828,0.0,1.1444916969063008,Biotechnology,Healthcare,VTGN
2021Q3,2021,Q3,2021-02-11,2020-12-31,-5298700.0,313600.0,-5299300.0,-0.07,313600.0,1.0,109271100.0,93810700.0,104995500.0,2981100.0,15460400.0,0.0,-213630700.0,4719211311.0,4618780911.0,1.1569269482114106,35.22038844721747,0.03569745339801649,0.041580544650023935,-0.05220280612370547,1.1569269482114106,-0.05648289587435122,15048.505455994899,-222.65892157510336,50.30568273128758,0.0,0.0,0.0,0.0028699262659568725,34.99751769481064,-0.048491321126995154,-918.1880870478822,1.0,-0.4000000000000001,0.9462505317532762,0.0,2.2780564686022293,-0.06107784431137724,-0.6067378252168112,-0.6089200595075447,0.6978059298285473,0.0,0.5664577593345189,Biotechnology,Healthcare,VTGN
2021Q2,2021,Q2,2020-11-12,2020-09-30,-3297800.0,334000.0,-3293700.0,-0.05,334000.0,1.0,20270700.0,4222600.0,15972100.0,3301900.0,16048100.0,0.0,-208332000.0,1402704170.85,1391628770.85,0.06294596382820758,4.837245222447682,0.21331774433048686,1.0240373229763653,-0.26497677267650266,0.06294596382820758,-0.7809880168616492,4199.713086377245,-106.33635839423252,332.18968665040495,0.0,0.0,0.0,0.01647698402127208,4.663829916108907,-0.16268801768069183,1550.1206441043207,1.0,0.1666666666666666,0.9886701169173856,0.0,1.077173823088225,0.0,-0.054688499424331585,-0.05506438593119354,0.9026832226408997,0.0,1.3724949038789487,Biotechnology,Healthcare,VTGN
2021Q1,2021,Q1,2020-08-13,2020-06-30,-3126800.0,0.0,-3121800.0,-0.06,0.0,0.0,6166900.0,-5611700.0,2178900.0,2673100.0,11778600.0,0.0,-205034200.0,811544586.615,814514586.615,-0.10934434603295257,0.8151210205379522,0.7322804002010734,-0.8047294046367411,-1.0898998788824494,-0.10934434603295257,0.5571930074665431,0.0,-64.88619248233017,-144.61653092913022,0.0,0.0,0.0,0.0,0.5783173094908534,-0.5070294637500202,-289.1454685627249,0.0,0.19463087248322147,0.99678185234668,0.0,0.9405001399963338,0.0,0.04282609361128968,0.04339032910461482,0.7570222031835225,0.0,-0.6279500863668399,Biotechnology,Healthcare,VTGN
2020Q4,2020,Q4,2020-06-29,2020-03-31,-3266700.0,0.0,-3263400.0,-0.0745,0.0,0.0,5772300.0,-5729400.0,1580200.0,2771300.0,11501700.0,0.0,-201907400.0,579077703.6,581814403.6,-0.13060091854657274,0.5702017103886263,0.7088682154427178,-0.7141760044681816,-1.36105434374609,-0.13060091854657274,0.5701644151220023,0.0,-44.316718982459356,-101.07126463504032,0.0,0.0,0.0,0.0,0.48897629271461046,-0.5659269268749025,-224.51834041563276,0.0,0.4678571428571429,0.9842150523238054,0.0,0.9916157437361769,0.0,0.4520338840895748,0.45270678204870196,0.7799607021722446,0.0,-2.5973357638258303,Biotechnology,Healthcare,VTGN
2020Q3,2020,Q3,2020-02-13,2019-12-31,-5961500.0,0.0,-5962800.0,-0.14,0.0,0.0,5330800.0,-6094600.0,1382300.0,2936800.0,11425400.0,0.0,-198640700.0,893000572.2989999,896114672.2989999,-0.1412130882238419,0.4706823753745573,0.7836347264950851,-0.6854264430807601,-2.7232041148671478,-0.1412130882238419,0.9781609949791619,0.0,-37.44865270062065,-146.52324554507268,0.0,0.0,0.0,0.0,0.36206074639062924,-1.1183124484129963,-208.66449488246562,0.0,-0.07692307692307698,0.8350127741395268,0.0,0.9896586775836796,0.0,-0.11724357652879552,-0.11427129856296601,0.5611998871155001,-1.0,-1.4572445538085124,Biotechnology,Healthcare,VTGN
2020Q2,2020,Q2,2019-11-07,2019-09-30,-5335900.0,0.0,-5351300.0,-0.13,0.0,0.0,8735500.0,-3630400.0,4676900.0,4117300.0,12365900.0,0.0,-192679200.0,1368197176.5,1368460876.5,-0.08517474089378813,1.1359143127777913,0.49637685307080304,-1.1943862935213752,-1.096016385048643,-0.08517474089378813,1.4697829440282062,0.0,-64.10339289060889,-376.8722940998237,0.0,0.0,0.0,0.0,0.9890947951327326,-0.6108293743918494,-330.73805272191066,0.0,0.13333333333333328,0.9207544350884351,0.0,0.9937268341395621,0.0,0.14074300713377028,0.14021529562982005,0.6753676867342773,0.0,-1.1675865074726735,Biotechnology,Healthcare,VTGN
2020Q1,2020,Q1,2019-08-13,2019-06-30,-6209900.0,0.0,-6224000.0,-0.15,0.0,0.0,12947300.0,1625800.0,8779700.0,3308400.0,11321500.0,0.0,-187343300.0,920656044.0000001,916848844.0000001,0.03814375654063484,2.6537601257405394,0.3467827269005893,2.7616558002214293,-0.601050889970247,0.03814375654063484,-3.8195965063353428,0.0,-37.06404467060661,566.2787821380244,0.0,0.0,0.0,0.0,2.5078890097932534,-0.4796289573887992,-193.35826521611293,0.0,0.25000000000000006,0.9606622690441052,0.0,1.0030469303903735,0.0,-0.08502087956249017,-0.0877505723623272,0.6224277830523646,0.0,-0.9684461723824653,Biotechnology,Healthcare,VTGN
2019Q4,2019,Q4,2019-06-25,2019-03-31,-5723300.0,0.0,-5721900.0,-0.2,0.0,0.0,14011700.0,7075200.0,13651200.0,2800900.0,6936500.0,0.0,-181133400.0,1139643351.0,1126609651.0,0.24770949591579725,4.87386197293727,0.004753170564599584,0.009413161465400272,-0.8001705972598182,0.24770949591579725,-0.8089241293532339,0.0,-49.78086728810302,161.07577891791044,0.0,0.0,0.0,0.0,4.78428362312114,-0.4084657821677598,-319.9986946144775,0.0,0.1666666666666666,0.8793451171539365,0.0,1.0212617107676125,0.0,0.20694767764105976,0.20444086036455653,0.9583306843712469,0.0,1.1470978561301912,Biotechnology,Healthcare,VTGN
2019Q3,2019,Q3,2019-02-12,2018-12-31,-7216800.0,0.0,-7192300.0,-0.24,0.0,0.0,7521800.0,1692800.0,7139100.0,1965800.0,5829000.0,0.0,-175410100.0,1381334040.0,1375107840.0,0.05514668993460843,3.631651236137959,0.007857161849557287,0.03491257088846881,-4.082127248992565,0.05514668993460843,-4.263232514177694,0.0,-47.85133438643166,816.0054584120983,0.0,0.0,0.0,0.0,3.1973242445823584,-0.9594511951926401,-353.5355343980344,0.0,0.17241379310344826,-2.993043082606463,0.0,1.0052476751479997,0.0,0.029347679892400808,0.03226544314527523,0.8066208043824552,0.0,1.0609205135223876,Biotechnology,Healthcare,VTGN
2019Q2,2019,Q2,2018-10-29,2018-09-30,-7435000.0,0.0,-7432100.0,-0.29,0.0,0.0,8889200.0,3989200.0,8479600.0,1308200.0,4900000.0,0.0,-168193300.0,1146196878.0,1138491578.0,0.15452884526178234,6.4818835040513685,0.01420825271115511,0.03166048330492329,-1.80119722747322,0.15452884526178234,-1.8637822119723253,0.0,-38.54058096839273,287.32499699187804,0.0,0.0,0.0,0.0,5.986546399633084,-0.8364082257121,-282.1616065186352,0.0,-0.611111111111111,0.7866220533749775,0.0,1.013103717009858,0.0,-0.7641475857159805,-0.7653444180522565,0.9336229584455893,0.0,1.189457449548439,Biotechnology,Healthcare,VTGN
2019Q1,2019,Q1,2018-08-14,2018-06-30,-4214500.0,0.0,-4210000.0,-0.18,0.0,0.0,8255300.0,3221700.0,7848500.0,1871200.0,5033600.0,0.0,-160758300.0,944768412.6,937729612.6,0.14015272762517844,4.19436725096195,0.023306239627875425,0.059720023590030105,-1.2297538399740795,0.14015272762517844,-1.3081602880466834,0.0,-56.04273416775418,293.25151708725207,0.0,0.0,0.0,0.0,3.8644719965797347,-0.510520514093976,-297.9684021194058,0.0,0.3793103448275862,-2.0287671312907527,0.0,1.0122219385656632,0.0,-0.03326958909483181,-0.0324700804394742,0.9903157388428694,0.0,1.0762642786332726,Biotechnology,Healthcare,VTGN
2018Q4,2018,Q4,2018-06-26,2018-03-31,-4078800.0,0.0,-4077600.0,-0.29,0.0,0.0,11278300.0,6916600.0,11023100.0,1458500.0,4361700.0,0.0,-156543800.0,386657071.317,376344571.317,0.49795389372860743,7.557833390469661,0.005834212602963212,0.009513344706936934,-0.582989005332914,0.49795389372860743,-0.589711708064656,0.0,-23.69919285800971,55.90276600020241,0.0,0.0,0.0,0.0,7.1157353445320535,-0.3616502487076953,-148.50863086380394,0.0,-0.31818181818181807,0.9294776045003688,0.0,1.0359066619705921,0.0,-0.35742811501597443,-0.42185647534695586,0.9377519588578631,0.0,1.0319674095638183,Biotechnology,Healthcare,VTGN
2018Q3,2018,Q3,2018-02-12,2017-12-31,-3004800.0,0.0,-2867800.0,-0.22,0.0,0.0,14242800.0,10262800.0,13972200.0,1326500.0,3980000.0,0.0,-152465000.0,464142234.084,451166734.084,0.7385624931903111,10.533132303053147,0.003952874434802146,0.005485832326460615,-0.27757290668525025,0.7385624931903111,-0.29278559457458003,0.0,-38.6167327346246,45.225692216938846,0.0,0.0,0.0,0.0,9.824199019977383,-0.21096975313842783,-189.84875412467278,0.0,0.5686274509803922,0.962928441024709,0.0,1.0641964128629644,0.0,0.3986792075245147,0.4257164026673609,0.7417133363624869,0.0,1.0540864374736685,Biotechnology,Healthcare,VTGN
2018Q2,2018,Q2,2017-11-09,2017-09-30,-4997000.0,0.0,-4993700.0,-0.51,0.0,0.0,2617500.0,-1671600.0,2327700.0,1884300.0,4289100.0,0.0,-149261000.0,474816768.0,473170768.0,-0.1689847650873189,1.2353128482725682,0.04523400191021967,-0.07083034218712611,3.242662337662338,-0.1689847650873189,2.9893515195022733,0.0,-23.755091454872925,-284.04927494615936,0.0,0.0,0.0,0.0,0.9363689433741973,-1.9090735434574977,-252.91188239054011,0.0,-1.04,0.7824783575337074,0.0,0.9779627914097321,0.0,-1.2058888447446254,-1.2091130280911302,0.6802316466458588,0.0,0.9875541804042375,Biotechnology,Healthcare,VTGN
2018Q1,2018,Q1,2017-08-14,2017-06-30,-2265300.0,0.0,-2260500.0,-0.25,0.0,0.0,2436900.0,-606800.0,2126200.0,1004800.0,3043700.0,0.0,-144264000.0,506819349.3,505370349.3,-0.0671668910175131,2.116042993630573,0.07353604989946243,-0.2953197099538563,5.467256474012233,-0.0671668910175131,3.7331905075807517,0.0,-55.93291719639783,-835.2329421555702,0.0,0.0,0.0,0.0,1.620421974522293,-0.9295826665025237,-237.4862233728504,0.0,0.26470588235294124,0.8843518789897689,-1.0,0.9909995404142954,0.0,0.11122881355932203,0.1127987754621453,0.9322976481078173,0.0,0.9946346962116815,Biotechnology,Healthcare,VTGN
2017Q4,2017,Q4,2017-06-29,2017-03-31,-2548800.0,0.0,-2547900.0,-0.34,0.0,0.0,3712200.0,615800.0,3377900.0,1367500.0,3096400.0,0.0,-141998700.0,442883144.52599996,440030944.52599996,0.08176171942320147,2.470127970749543,0.01861429879855611,0.11221175706398182,-3.6440217391304346,0.08176171942320147,-4.139006170834687,0.0,-43.440358651718455,719.1996500909386,0.0,0.0,0.0,0.0,2.1362340036563072,-0.6866009374494909,-290.79654926198293,0.0,-0.09677419354838718,0.9180275487038652,-1.0,1.0105588634404858,-1.0,0.033996588971006256,0.03400818926296633,0.7962298587707329,0.0,1.007017873997167,Biotechnology,Healthcare,VTGN
2017Q3,2017,Q3,2017-02-13,2016-12-31,-2638500.0,1250000.0,-2637600.0,-0.31,1250000.0,1.0,5876100.0,2588600.0,5768400.0,1872300.0,3287500.0,0.0,-139449900.0,937926105.6,933590205.6,0.30883492662217676,3.0809165197884956,0.006143530572999098,0.01394576218805532,-1.0048,0.30883492662217676,-1.019276829174071,750.34088448,-88.86925389425811,362.3294852816194,0.0,0.0,0.0,0.21272612787393,3.0027239224483258,-0.4490223107162914,-447.18513664537045,1.0,0.20512820512820515,0.9439145432865176,49.559479105159035,1.0519961502534432,0.0,0.14917287414143368,0.1490789431235281,-3.6685588113131864,0.0,1.0293882619462973,Biotechnology,Healthcare,VTGN
2017Q2,2017,Q2,2016-11-14,2016-09-30,-3101100.0,0.0,-3099700.0,-0.39,0.0,0.0,7023000.0,4087100.0,6906000.0,1796900.0,2935900.0,0.0,-136811400.0,1020481451.1,1014296051.1,0.5082434271009357,3.8432856586343145,0.01020931225971807,0.01754300114995963,-0.745227677068808,0.5082434271009357,-0.7587531501553669,0.0,-82.26769945341975,249.6835044652688,0.0,0.0,0.0,0.0,3.482163726417719,-0.4415634344297309,-462.2164376755141,0.0,0.0,0.8697493415799866,-1.0,1.0443998400417815,0.0,-0.5764831477809974,-0.5788213721794937,0.7142954954602964,0.0,1.043097960316527,Biotechnology,Healthcare,VTGN
2017Q1,2017,Q1,2016-08-12,2016-06-30,-1967100.0,0.0,-1963300.0,-0.39,0.0,0.0,8757800.0,6162500.0,8634600.0,1601700.0,2595300.0,0.0,-133710300.0,596446344.0,588053244.0,1.2088472119128288,5.39089717175501,0.012194843453835438,0.017330628803245436,-0.3134984992209561,1.2088472119128288,-0.3192048681541582,0.0,-75.80274820802197,96.786424989858,0.0,0.0,0.0,0.0,5.306799026034838,-0.2246112037269634,-356.51305678421994,0.0,0.918918918918919,0.9137805932360853,-1.0,1.0921709608718366,0.0,0.7686227460390275,0.7690425494371051,-3.1651873651755094,0.0,1.10541683069333,Biotechnology,Healthcare,VTGN
2016Q4,2016,Q4,2016-06-24,2016-03-31,-8501700.0,0.0,-8500700.0,-4.81,0.0,0.0,989800.0,-2977200.0,855300.0,1794700.0,3967000.0,0.0,-131743200.0,464088712.5,463732112.5,-1.6839776080526845,0.47656990026188223,0.07264093756314408,-0.024150208249361815,2.9270367054610564,-1.6839776080526845,2.855602579604998,0.0,-13.646938626980486,-155.88093258766628,0.0,0.0,0.0,0.0,0.23875856689140246,-8.589310971913518,-348.59814654848645,0.0,-2.942622950819672,-527.1700992871162,0.0,-3029.486103451611,0.0,-2.960542252864996,-2.9689513493323374,-0.15486774268138415,0.0,0.8785710574815809,Biotechnology,Healthcare,VTGN
2016Q3,2016,Q3,2016-02-16,2015-12-31,-2146600.0,0.0,-2141800.0,-1.22,0.0,0.0,2012200.0,-1598300.0,1886700.0,2101600.0,3610500.0,0.0,-123241500.0,521217244.38769203,520163344.38769203,-0.9052236553183801,0.897744575561477,0.051933207434648646,-0.0653819683413627,1.4351380326990084,-0.9052236553183801,1.3430519927422886,0.0,-60.702651214442845,-326.10726671319026,0.0,0.0,0.0,0.0,0.551199086410354,-1.0667925653513568,-443.9669884051891,0.0,0.7188940092165899,0.0,0.0,0.0,0.0,0.6954356493239313,0.6023836928674859,0.7915736534746634,0.0,0.9213172723419543,Biotechnology,Healthcare,VTGN
2016Q2,2016,Q2,2015-11-16,2015-09-30,-7048100.0,0.0,-5386600.0,-4.34,0.0,0.0,1932500.0,-1324900.0,1797400.0,2348700.0,3257400.0,0.0,-121094900.0,487311300.0,486756800.0,-0.8156387918769789,0.7652744071188317,0.0721862871927555,-0.10529096535587591,4.550646278617893,-0.8156387918769789,5.319722243188165,0.0,-17.2852009761496,-367.80987244320323,0.0,0.0,0.0,0.0,0.2954826073998382,-3.6471410090556273,-323.53691408843446,0.0,0.7707342842049657,-1194.3530148104871,0.0,-723.9888452964872,0.0,0.7612763809904451,-1.9578825984295207,-0.8683780844271067,0.0,0.8936330018767121,Biotechnology,Healthcare,VTGN
2016Q1,2016,Q1,2015-08-14,2015-06-30,-29524100.0,0.0,-1821100.0,-18.93,0.0,0.0,1743800.0,-2865900.0,1594300.0,3278700.0,4609700.0,0.0,-114046800.0,701767350.0,703032450.0,-1.8377244253383973,0.4862597980907067,0.794873265282716,-0.483652604766391,1.2323173957787783,-1.8377244253383973,10.301859799713878,0.0,-5.942326353724584,-244.86805192086257,0.0,0.0,0.0,0.0,0.03690487083295208,-16.930898038765914,-852.3835175513178,0.0,-3.0105932203389836,-5254.219164775946,0.0,-1114.813351966496,0.0,-3.7456480156880394,0.4440916999908422,-7.731708012229296,-1.0,0.7537422952089944,Biotechnology,Healthcare,VTGN
2015Q4,2015,Q4,2015-06-29,2015-03-31,-6221300.0,0.0,-3275900.0,-4.72,0.0,0.0,269700.0,-20542800.0,105700.0,17388100.0,20812500.0,0.0,-84522700.0,395639100.0,409832500.0,-15.576923514384701,0.0060788700318033595,52.886169818316645,-0.6943259925618708,0.5218644958819875,-15.576923514384701,0.30284576591311796,0.0,-15.898570234516901,-19.259258718383084,0.0,0.0,0.0,0.0,0.0040257417429161325,-23.06748238783834,-442.3019564002236,0.0,-4.6190476190476195,-982.9760544553781,0.0,-126535.37855358582,0.0,-4.706044208016142,-1.9335542222620221,-0.14268105250822666,-1.0,-1.0116334315323732,Biotechnology,Healthcare,VTGN
2015Q3,2015,Q3,2015-02-17,2014-12-31,-1090300.0,0.0,-1116700.0,-0.84,0.0,0.0,259400.0,-17783200.0,75500.0,10763600.0,18042600.0,0.0,-78301400.0,332086500.0,343974500.0,-13.65522537049835,0.007014381805343937,45.879722436391674,-0.6692383822934005,0.18992788625076537,-13.65522537049835,0.061310675244050566,0.0,-76.14567091626158,-18.674170003149037,0.0,0.0,0.0,0.0,0.001226355494444238,-4.203161141094834,-973.8607038123167,0.0,0.46153846153846156,0.0,0.0,0.0,0.0,0.4604879014300559,-0.002693723623956182,0.8508350897549648,-1.0,-1.2990247828338661,Biotechnology,Healthcare,VTGN
2015Q2,2015,Q2,2014-11-19,2014-09-30,-2020900.0,0.0,-1113700.0,-1.56,0.0,0.0,386900.0,-17369200.0,189900.0,6893500.0,17756100.0,0.0,-77211100.0,402964065.0,414123365.0,-13.577632536538959,0.027547689852759846,28.842853450504006,-0.642476337424867,0.1794148919032123,-13.577632536538959,0.11634963038021325,0.0,-49.84958001385521,-23.19992083688368,0.0,0.0,0.0,0.0,0.00029012838180895046,-5.223313517704833,-772.5538055981596,0.0,0.5783783783783784,-713.5783917280053,0.0,-6190.516712116555,0.0,0.5561680539389015,0.12362291469940195,0.46642348257016897,-1.0,-0.18613381034181775,Biotechnology,Healthcare,VTGN
2015Q1,2015,Q1,2014-08-12,2014-06-30,-4553300.0,0.0,-1270800.0,-3.7,0.0,0.0,764700.0,-15390600.0,554600.0,6196600.0,16155300.0,0.0,-75190200.0,472091136.0,480337636.0,-12.518748922241997,0.08950069392892877,11.307963907414672,-0.5618494405676192,0.18866222208578348,-12.518748922241997,0.2958494145777293,0.0,-25.920274086925964,-30.67399165724533,0.0,0.0,0.0,0.0,0.06551980118129297,-5.954361187393749,-466.5854279501878,0.0,-1.2289156626506026,-1040.9250983386125,0.0,-6805.684648839849,0.0,-1.4955058642990244,-0.19290340749084764,0.1724471197319247,-1.0,0.04548308032204757,Biotechnology,Healthcare,VTGN
2014Q4,2014,Q4,2014-06-25,2014-03-31,-1824600.0,0.0,-1065300.0,-1.66,0.0,0.0,263700.0,-12799900.0,40500.0,5205700.0,13063600.0,0.0,0.0,303229332.0,310148532.0,-11.650496924881924,0.00777993353439499,26.238907849829353,-0.5405667231775249,0.181336919332051,-11.650496924881924,0.1425479886561614,0.0,-41.54737093061493,-23.689976640442502,0.0,0.0,0.0,0.0,0.0005378719480569376,-6.919226393629124,-649.1743352601156,0.0,-14.833333333333332,-55.41011210884911,0.0,0.0,0.0,-14.92824427480916,0.2644479734861562,-181.40858599103717,0.0,-20965.234266017513,Biotechnology,Healthcare,VTGN
2014Q3,2014,Q3,2014-02-14,2013-12-31,131000.0,0.0,-1448300.0,0.12,0.0,0.0,328900.0,-11670300.0,91300.0,3712300.0,11999200.0,0.0,0.0,279853056.0,286217756.0,-10.508785010373444,0.024593917517442016,19.41441167528124,-0.5471496019810973,0.2744603839375391,-10.508785010373444,-0.011225075619307131,0.0,534.0707175572519,-23.97993676255109,0.0,0.0,0.0,0.0,0.0055760579694529,0.39829735481909395,-878.9354773869346,0.0,1.088888888888889,6.316512306475268,0.0,-302.6723809275113,0.0,1.0897383203178517,-0.19182027649769584,0.0,0.0,0.0,Biotechnology,Healthcare,VTGN
2014Q2,2014,Q2,2013-11-14,2013-09-30,-1459800.0,0.0,-1215200.0,-1.35,0.0,0.0,406000.0,-12754200.0,154000.0,3253400.0,13160200.0,0.0,0.0,395839614.0,401778614.0,-11.792748969283302,0.047335095592303436,14.644088669950738,-0.4661601668469994,0.17876634744104625,-11.792748969283302,0.11445641435762337,0.0,-67.79004212905878,-31.036020604977182,0.0,0.0,0.0,0.0,0.010051023544599497,-3.595566502463054,-650.3032922621982,0.0,-8.941176470588236,-7400.886439207527,0.0,0.0,0.0,-8.861066235864298,0.06530266902545959,-370.8472222234864,0.0,-10481.104999490462,Biotechnology,Healthcare,VTGN
2014Q1,2014,Q1,2013-08-14,2013-06-30,185700.0,0.0,-1300100.0,0.17,0.0,0.0,431800.0,-11948900.0,224700.0,2933300.0,12380700.0,0.0,0.0,375118920.0,380690820.0,-11.46730748744958,0.07660314321753656,13.111857341361741,-0.47382604256458755,0.20420173589842613,-11.46730748744958,-0.015541179522801263,0.0,505.0066235864297,-31.39359438944171,0.0,0.0,0.0,0.0,0.030613984249821022,0.4300602130616026,-505.960237388724,0.0,1.0408653846153846,28.163746860688782,0.0,-1674.2583267256618,0.0,1.0492559879048302,0.1162395486370743,50.46981030176849,0.0,-6951.138995009986,Biotechnology,Healthcare,VTGN
2013Q4,2013,Q4,2013-07-18,2013-03-31,-3770100.0,0.0,-1471100.0,-4.16,0.0,0.0,881500.0,-12556400.0,671800.0,2414300.0,13437900.0,0.0,0.0,450900156.0,455609356.0,-13.868008508739571,0.2782587085283519,6.066137266023823,-0.42586250836226947,0.20445006531950968,-13.868008508739571,0.30025325730304864,0.0,-29.899747752049016,-35.9099866203689,0.0,0.0,0.0,0.0,0.2643002112413536,-4.2769143505388545,-462.79396079236375,0.0,0.2864493996569468,-930.4019784202982,0.0,-2915.5708616318275,0.0,0.29332708528584817,0.23324298967997498,-867.526678463952,0.0,-112653.52967370156,Biotechnology,Healthcare,VTGN
2013Q3,2013,Q3,2013-02-14,2012-12-31,-5335000.0,0.0,-1918600.0,-5.83,0.0,0.0,326000.0,-10522400.0,107000.0,2576000.0,10848400.0,0.0,0.0,400601370.0,405823570.0,-11.504731499046047,0.041537267080745344,16.093251533742333,-0.4985934767733597,0.3648274077002285,-11.504731499046047,0.5070136090625713,0.0,-18.7723228678538,-38.07129267087357,0.0,0.0,0.0,0.0,0.009394409937888199,-16.365030674846626,-366.2808539818963,0.0,-1.512931034482759,-261.89428484163363,0.0,-331.262703045404,0.0,-1.7279235056501507,-0.1405302579954821,0.0,0.0,0.0,Biotechnology,Healthcare,VTGN
2013Q2,2013,Q2,2012-11-14,2012-09-30,-1955700.0,0.0,-1682200.0,-2.32,0.0,0.0,424600.0,-6457600.0,328400.0,2945000.0,6882200.0,0.0,-58564100.0,404223360.0,407429260.0,-7.668156536029981,0.11151103565365025,7.581959491285916,-0.49852886521308226,0.5222115295067209,-7.668156536029981,0.30285245292368684,0.0,-51.67246510200951,-62.59653121902874,0.0,0.0,0.0,0.0,0.004550084889643463,-4.6059821008007535,-327.46545690213867,0.0,-0.0691244239631336,-12734.303315410058,0.0,0.0,-1.0,-0.07108823046169012,0.022658610271903322,-1049.4681422710537,0.0,-3496.615520832311,Biotechnology,Healthcare,VTGN
2013Q1,2013,Q1,2012-08-14,2012-06-30,-1825900.0,200400.0,-1721200.0,-2.17,200400.0,1.0,645000.0,-6284500.0,542900.0,4385500.0,6929500.0,0.0,-56608400.0,343589856.0,346933256.0,-7.4626068122337115,0.123794322198153,5.232713178294573,-0.5370514758532898,0.5961088142356306,-7.4626068122337115,0.29054021799665847,1714.520239520958,-47.043903828249086,-54.672584294693294,0.0,0.0,0.0,0.31069767441860463,0.007228366206817923,-2.830852713178295,-1159.9927616475354,1.0,0.4745762711864407,-480.1904173739611,0.0,0.0,-0.5726450160044868,0.3997525240703873,0.382316421081341,-608.9604475785405,0.0,-4057.37067497317,Biotechnology,Healthcare,VTGN
2012Q4,2012,Q4,2012-07-02,2012-03-31,-3041912.0,468931.0,-2786540.0,-4.13,468931.0,1.0,341600.0,-5705600.0,238100.0,3181900.0,6047200.0,0.0,-54782500.0,1211351808.0,1214558508.0,-7.74342048119517,0.07482950438417298,9.624414519906324,-0.5762233595064498,1.162172081578179,-7.74342048119517,0.5331449803701627,2583.2197231575647,-99.55513242986648,-212.30927650028045,0.0,0.0,0.0,1.3727488290398127,0.05883277287155473,-8.904894613583139,-1642.4686116561065,1.0,0.26381461675579326,-954.726980402544,0.0,0.0,197.27949260042283,0.3240476451311912,0.02266514494791948,-139.22633615838902,0.0,0.0,Biotechnology,Healthcare,VTGN
2012Q3,2012,Q3,2012-02-14,2011-12-31,-4500187.0,2365.0,-2851162.0,-5.61,2365.0,1.0,399717.0,-4762308.0,281926.0,2218167.0,5162025.0,0.0,-51740566.0,1467281190.0,1470424927.0,-5.939572932165784,0.1270986359458057,8.28125398719594,-0.6950743211064887,2.0040289165433696,-5.939572932165784,0.9449592508506379,620414.8794926004,-81.51223438048241,-308.1029597413691,0.0,0.0,0.0,0.005916686055384184,0.07853331151351543,-11.258432841235173,-1378.8500226475237,1.0,-0.8952702702702704,-251.96086708141297,0.0,-171.50544914281934,-0.9925226375961149,-0.9944773002458867,-0.5788764863770803,-251.96086708141297,0.0,-171.50544914281934,Biotechnology,Healthcare,VTGN
2012Q2,2012,Q2,2011-11-14,2011-09-30,-2256324.0,316288.0,-1805817.0,-2.96,316288.0,1.0,537290.0,-8723675.0,431952.0,6195054.0,9260965.0,0.0,-47240378.0,1184295630.0,1190639514.0,-11.446965273358309,0.06972530021530078,11.983113402445607,-0.7380383840525925,0.7971776345616381,-11.446965273358309,0.258643748190986,3744.358401203966,-131.21958880905402,-135.75650514261477,0.0,0.0,0.0,0.5886727837852929,0.0357674041259366,-4.199452809469746,-1667.9703304968016,1.0,0.33928571428571436,-16235.020020364067,0.0,0.0,-0.4297171376231483,0.06418417993286818,-0.12871957351828042,-16235.020020364067,0.0,0.0,Biotechnology,Healthcare,VTGN
2012Q1,2012,Q1,2011-08-22,2011-06-30,-2411077.0,554616.0,-1599881.0,-4.48,554616.0,1.0,1684503.0,-7065656.0,1576396.0,5543371.0,8750159.0,0.0,-44984054.0,840426600.0,842959268.0,-13.115271886920285,0.2843749768868077,2.0627704432702108,-0.4917792488057726,0.4493092971616978,-13.115271886920285,0.3412389451170564,1515.330607122766,-87.1422397542675,-118.94530387553542,0.0,0.0,0.0,0.3292460743613992,0.19674003417775934,-1.4313284096258658,-773.4995513218748,1.0,-447.00000000000006,-992.2442068077426,0.0,0.0,0.0,-451.78441314553993,-299.44713615023477,-681.1503847113546,0.0,-1915.0093561527772,Biotechnology,Healthcare,VTGN
2011Q4,2011,Q4,2011-04-26,2011-03-31,-5325.0,0.0,-5325.0,-0.01,0.0,0.0,6405.0,-325.0,6120.0,6730.0,6730.0,0.0,-62960.0,28658630.0,28653040.0,-0.0005556790397866192,0.9093610698365527,0.08274785323965651,-1.6307692307692307,-25.975609756097562,-0.0005556790397866192,16.384615384615383,0.0,-1345.47558685446,-88180.40000000001,0.0,0.0,0.0,0.0,0.9093610698365527,-0.8313817330210773,-16977.861374407585,0.0,0.0,-1.1077347006536697,0.0,0.0,0.0,-1.7420185375901134,-1.7420185375901134,-1.036552432254401,0.0,0.8831355421479687,Biotechnology,Healthcare,VTGN
2011Q3,2011,Q3,2011-03-31,2010-12-31,-1942.0,0.0,-1942.0,0.0,0.0,0.0,2200.0,-1000.0,1808.0,3200.0,3200.0,0.0,-57635.0,0.0,-1278.0,0.0,0.565,0.2409090909090909,-0.53,4.131914893617021,0.0,1.942,0.0,0.0,0.0,0.0,0.0,,0.0,0.565,-0.8827272727272727,0.0,0.0,0.0,1.0,0.0,-1.0,0.0,0.08525671219971738,0.08525671219971738,1.0,0.0,-1.0,Biotechnology,Healthcare,VTGN
2011Q2,2011,Q2,2010-11-15,2010-09-30,-2123.0,0.0,-2123.0,0.0,0.0,0.0,2761.0,-658.0,2262.0,3419.0,3419.0,0.0,0.0,28658630.0,28656898.0,-0.0011250363328602938,0.6615969581749049,0.19195943498732343,-0.8054711246200608,16.5859375,-0.0011250363328602938,3.2264437689969605,0.0,-3374.779792746114,-43554.14893617021,0.0,0.0,0.0,0.0,0.6615969581749049,-0.7689243027888446,-225658.5039370079,0.0,0.0,-18.905719329964143,0.0,0.0,0.0,-0.007593735168485999,-0.007593735168485999,-18.905719329964143,0.0,0.0,Biotechnology,Healthcare,VTGN
2011Q1,2011,Q1,2010-08-13,2010-06-30,-2107.0,0.0,-2107.0,0.0,0.0,0.0,2495.0,965.0,1889.0,1530.0,1530.0,0.0,0.0,28658630.0,28657271.0,0.0016499393027510387,1.234640522875817,0.2124248496993988,0.5492227979274611,-1.4093645484949833,0.0016499393027510387,-2.183419689119171,0.0,-3400.406976744186,29698.062176165804,0.0,0.0,0.0,0.0,1.234640522875817,-0.8444889779559118,-6156.526315789473,0.0,0.0,0.2004873458077158,0.0,0.0,0.0,0.2485734664764622,0.24044700793078586,0.2004873458077158,0.0,0.0,Biotechnology,Healthcare,VTGN
2010Q4,2010,Q4,2010-05-12,2010-03-31,-2804.0,0.0,-2774.0,0.0,0.0,0.0,4257.0,72.0,3544.0,4185.0,4185.0,0.0,0.0,28658630.0,28655616.0,0.0001231042795834972,0.8468339307048984,0.12450082217524078,7.361111111111111,-4.657807308970099,0.0001231042795834972,-38.94444444444444,0.0,-2555.156027104137,398036.52777777775,0.0,0.0,0.0,0.0,0.8468339307048984,-0.6586798214705192,-682348.3333333334,0.0,0.0,-0.10987569964936901,0.0,0.0,0.0,-0.9928926794598436,-0.9715707178393745,-0.10987569964936901,0.0,0.0,Biotechnology,Healthcare,VTGN
2010Q3,2010,Q3,2010-03-17,2009-12-31,-1407.0,0.0,-1407.0,0.0,0.0,0.0,1376.0,-124.0,556.0,1500.0,1500.0,0.0,0.0,0.0,-56.0,0.0,0.37066666666666664,0.3633720930232558,-4.032258064516129,-3.742021276595745,0.0,11.346774193548388,0.0,0.0,0.0,0.0,0.0,,0.0,0.37066666666666664,-1.0225290697674418,0.0,0.0,0.0,1.0,0.0,-1.0,0.0,-0.08816705336426914,-0.08816705336426914,1.0,0.0,-1.0,Biotechnology,Healthcare,VTGN
2010Q2,2010,Q2,2009-11-16,2009-09-30,-1293.0,0.0,-1293.0,0.0,0.0,0.0,3969.0,1283.0,3042.0,2686.0,2686.0,0.0,0.0,28658630.0,28656088.0,0.0021936498709114846,1.1325390915860014,0.12597631645250693,0.3897116134060795,-0.7251822770611329,0.0021936498709114846,-1.0077942322681215,0.0,-5541.111755607116,22337.201870615743,0.0,0.0,0.0,0.0,1.1325390915860014,-0.3257747543461829,0.0,0.0,0.0,-11.123455060595212,0.0,0.0,0.0,0.37806637806637805,0.37806637806637805,-11.123455060595212,0.0,0.0,Biotechnology,Healthcare,VTGN
2010Q1,2010,Q1,2009-08-14,2009-06-30,-2079.0,0.0,-2079.0,0.0,0.0,0.0,2576.0,1076.0,1542.0,1500.0,1500.0,0.0,0.0,28658630.0,28657588.0,0.0018397250671089301,1.028,0.19409937888198758,0.4646840148698885,-1.3191624365482233,0.0018397250671089301,-1.9321561338289963,0.0,-3446.2037037037035,26634.414498141265,0.0,0.0,0.0,0.0,1.028,-0.8070652173913043,-12406.333333333334,0.0,1.0,0.21111209868734748,0.0,0.0,0.0,0.8792612811429236,0.8790505555878759,0.21111209868734748,0.0,0.0,Biotechnology,Healthcare,VTGN
2009Q4,2009,Q4,2009-05-14,2009-03-31,-17219.0,0.0,-17189.0,-0.03,0.0,0.0,,,,,,,,28658630.0,,,0.0,0.0,0.0,0.0,,0.0,0.0,-416.0902201056972,0.0,0.0,0.0,0.0,0.0,0.0,0.0,-1595.6920935412027,0.0,-0.35196034249661995,-5.8156025935315565,0.0,0.0,0.0,-0.32688602912845804,-0.3245742467442398,-5.8156025935315565,0.0,0.0,Biotechnology,Healthcare,VTGN
2009Q3,2009,Q3,2009-03-31,2008-12-31,-12977.0,0.0,-12977.0,-0.02219,0.0,0.0,23060.0,20374.0,21812.0,2686.0,2686.0,0.0,0.0,28658630.0,28637318.0,0.03483509155880794,8.120625465376024,0.02168256721595837,0.02454108177088446,-0.6216824758072242,0.03483509155880794,-0.6369392362815353,0.0,-552.1042999152346,1406.6275645430449,0.0,0.0,0.0,0.0,8.120625465376024,-0.5627493495229835,-1875.6875449964002,0.0,-120.68709677419355,0.0,0.0,0.0,0.0,-138.53763440860214,-138.53763440860214,0.0,0.0,0.0,Biotechnology,Healthcare,VTGN
2009Q2,2009,Q2,2008-11-10,2008-09-30,-93.0,0.0,-93.0,-0.0001823529411764706,0.0,0.0,,,,,,,,24990000.0,,,0.0,0.0,0.0,0.0,,0.0,0.0,-67177.41935483871,0.0,0.0,0.0,0.0,0.0,0.0,0.0,-268709.67741935485,0.0,0.981764705882353,0.0,0.0,0.0,0.0,0.9722056186491332,0.9719541616405307,0.0,0.0,0.0,Biotechnology,Healthcare,VTGN
2009Q1,2009,Q1,2008-07-31,2008-06-30,-3346.0,0.0,-3316.0,-0.01,0.0,0.0,249.0,-3491.0,249.0,3740.0,3740.0,0.0,0.0,24990000.0,24990251.0,-0.006845098039215686,0.06657754010695187,2.0080321285140563,-0.14322543683758235,1.1186894015379474,-0.006845098039215686,0.9584646233171011,0.0,-1867.1548117154812,-7158.407333142366,0.0,0.0,0.0,0.0,0.06657754010695187,-13.437751004016064,-378636.36363636365,0.0,0.0,-0.4560487380330722,0.0,0.0,0.0,-0.4675438596491228,-0.4737777777777778,-0.4560487380330722,0.0,0.0,Biotechnology,Healthcare,VTGN
2008Q4,2008,Q4,2008-05-07,2008-03-31,-2280.0,0.0,-2250.0,0.0,0.0,0.0,315.0,-2425.0,315.0,2740.0,2740.0,0.0,0.0,24990000.0,24990185.0,-0.004754901960784314,0.11496350364963503,1.5873015873015872,-0.20618556701030927,1.1844155844155844,-0.004754901960784314,0.9402061855670103,0.0,-2740.1315789473683,-10305.154639175258,0.0,0.0,0.0,0.0,0.11496350364963503,-7.238095238095238,-89250.0,0.0,0.0,-0.03495233772128915,0.0,0.0,0.0,0.0,0.0,-0.03495233772128915,0.0,0.0,Biotechnology,Healthcare,VTGN
2008Q1,2008,Q1,2007-06-30,2007-06-30,-2298.0,0.0,-2268.0,0.0,0.0,0.0,,,,,,,,24990000.0,,,0.0,0.0,0.0,0.0,,0.0,0.0,-2718.668407310705,0.0,,0.0,,0.0,0.0,0.0,0.0,0.0,0.0,0.0,0.0,0.0,0.0,-0.04312301407172038,-0.04371836171191901,0.0,0.0,0.0,Biotechnology,Healthcare,VTGN
2007Q4,2007,Q4,2007-03-31,2007-03-31,-2203.0,0.0,-2173.0,0.0,0.0,0.0,,,,,,,,24990000.0,,,0.0,0.0,0.0,0.0,,0.0,0.0,-2835.905583295506,0.0,0.0,0.0,0.0,0.0,0.0,0.0,-11343.622333182024,0.0,0.0,0.0,0.0,0.0,0.0,0.0,0.0,0.0,0.0,0.0,Biotechnology,Healthcare,VTGN
