Quarters,Year,Quarter,FillingDate,Date,NetIncome,Revenue,OperatingIncome,EPSDiluted,GrossProfit,GrossProfitRatio,TotalAssets,CommonStockEquity,CurrentAssets,CurrentLiability,TotalLiability,Inventory,RetainedEarnings,MarketCap,EnterpriseValue,bookValuePerShare,currentRatio,debtToAssets,debtToEquity,roic,shareholdersEquityPerShare,roe,priceToSalesRatio,peRatio,pbRatio,payoutRatio,inventoryTurnover,dividendYield,assetTurnover,quickRatio,returnOnAssets,priceToFreeCashFlowsRatio,grossProfitMargin,epsdilutedGrowth,fiveYNetIncomeGrowthPerShare,fiveYRevenueGrowthPerShare,fiveYShareholdersEquityGrowthPerShare,grossProfitGrowth,netIncomeGrowth,operatingIncomeGrowth,threeYNetIncomeGrowthPerShare,threeYRevenueGrowthPerShare,threeYShareholdersEquityGrowthPerShare,Industry,Sector,Symbol
2023Q1,2023,Q1,2023-05-02,2023-03-31,-19000.0,194542000.0,11739000.0,-0.0007,67544000.0,0.3471949502,1538658000.0,683956000.0,482237000.0,126997000.0,854702000.0,186495000.0,682812000.0,642754620.0,1205119620.0,24.325354767578332,3.7972314306637163,0.40057699631757027,0.9011559223107919,0.007108651736015231,24.325354767578332,-2.7779564767324215e-05,3.3039375559005255,-8457.297631578947,0.9397601892519402,-295.05263157894734,0.6809726802327141,0.008721835402754476,0.12643615410312103,2.1478223895052637,-1.2348423106369316e-05,-56.37703885624068,0.34719495019070434,0.9996428571428572,-1.0013379959543327,-0.5840917073959506,0.054732785896050365,2.306118453255017,0.9996541870665963,1.383239202115504,-1.0659363848679921,-0.07192221387583703,-0.15148120460797854,Aerospace & Defense,Industrials,KAMN
2022Q4,2022,Q4,2023-02-23,2022-12-31,-54943000.0,197143000.0,-30631000.0,-1.96,20430000.0,0.1036303597,1491332000.0,683979000.0,431558000.0,126575000.0,807353000.0,176468000.0,688457000.0,625537300.0,1172312300.0,24.383408791130442,3.4095042464941736,0.3828315894783992,0.8347171477486882,-0.018062877821649073,24.383408791130442,-0.0803284896173713,3.173012990570297,-2.846301166663633,0.9145562948570058,-0.10197841399268333,1.001388353695854,0.008957099760477911,0.13219256342652072,1.7775627098558167,-0.036841561771624294,12.86954902686911,0.10363035968814516,-99.0,-4.951862141510351,-0.5871863291464438,0.06781175748942533,-0.6340349305866547,-88.9088,-9.319120043454644,-2.3858985852316414,-0.1747561508818398,-0.17294474470914287,Aerospace & Defense,Industrials,KAMN
2022Q3,2022,Q3,2022-11-01,2022-09-30,625000.0,172004000.0,3682000.0,0.02,55825000.0,0.3245564057,1564534000.0,766609000.0,505914000.0,115371000.0,797925000.0,221815000.0,749007000.0,783073410.0,1369717410.0,27.342761351071797,4.3851054424422085,0.3950070755892809,0.8061502017325651,0.0021941990042757815,27.342761351071797,0.0008152787144424342,4.5526465082207395,313.229364,1.0214769328301652,8.9552,0.5237652999120889,0.0071474780378508835,0.10993944522778029,2.318849624255662,0.0003994799729504121,-56.531433006064105,0.32455640566498456,-0.8571428571428571,-0.9617873437513557,-0.6170271876115513,0.2332691276808931,0.07135317711631835,-0.8462106299212598,-0.613924714270735,-0.9956357848487316,-0.06124413379336638,-0.031255874580250496,Aerospace & Defense,Industrials,KAMN
2022Q2,2022,Q2,2022-08-04,2022-07-01,4064000.0,160766000.0,9537000.0,0.14,52107000.0,0.3241170397,1158097000.0,778942000.0,515134000.0,105141000.0,379155000.0,214688000.0,753985000.0,884958000.0,1011550000.0,27.81439028744867,4.899458821962888,0.17859989275509738,0.2655345327379959,0.008428979691208472,27.81439028744867,0.005217333254594052,5.504634064416606,54.4388533464567,1.1361025596257488,1.375738188976378,0.506125167685199,0.00631781395275256,0.1388191144610512,2.541596522764668,0.0035092051874756605,-29.917444219066937,0.3241170396725676,0.0,-0.7028542421343831,-0.6476790883653677,0.2767323396028674,0.030047245339711783,0.00893743793445879,0.18545680546923554,-0.6986770492729638,-0.08126852866924178,0.181639011906292,Aerospace & Defense,Industrials,KAMN
2022Q1,2022,Q1,2022-05-02,2022-04-01,4028000.0,158048000.0,8045000.0,0.14,50587000.0,0.3200736485,1180255000.0,786748000.0,536396000.0,111700000.0,393507000.0,209527000.0,755519000.0,1208837500.0,1287750500.0,28.148407871198568,4.802112802148613,0.17624157491389572,0.2643921560652204,0.006041037580864631,28.148407871198568,0.005119809646799229,7.648546644057501,75.02715367428004,1.5364989806138687,1.3833167825223436,0.5128742357786824,0.004609387117788785,0.13391004486318633,2.6614234556848704,0.0034128218054572954,-153.133709146187,0.3200736485118445,-0.5757575757575757,-0.3781841168446618,-0.6479102980811944,0.33452170305014356,-0.13824060509011618,-0.5606936416184971,-0.5957895794603829,-0.7152603758291514,-0.654974542620661,0.22330447822670685,Aerospace & Defense,Industrials,KAMN
2021Q4,2021,Q4,2022-02-24,2021-12-31,9169000.0,175147000.0,19903000.0,0.33,58702000.0,0.3351584669,1198482000.0,796329000.0,546543000.0,120935000.0,402153000.0,193100000.0,750445000.0,1203712400.0,1266604400.0,28.54635073128764,4.519312027122008,0.16995833062156962,0.2557887506294509,0.011354951200273087,28.54635073128764,0.011514085258731002,6.87258360120356,32.82016577598429,1.511576747801474,0.6073726687752209,0.6030295183842569,0.0046265204213232335,0.14614070132050377,2.7012692768842768,0.007650511230039333,42.37081206659861,0.33515846688781425,-0.37735849056603776,-0.41033538163802663,-0.6065509242706684,0.36922705213390195,-0.06918258939189725,-0.3748551169291607,0.24689888485152237,-0.6103372913692152,-0.6496536882355554,0.2601914679774855,Aerospace & Defense,Industrials,KAMN
2021Q3,2021,Q3,2021-11-02,2021-10-01,14667000.0,179836000.0,15962000.0,0.53,63065000.0,0.3506806201205543,1221700000.0,786749000.0,544975000.0,137830000.0,434951000.0,195700000.0,746300000.0,1028566980.0,1107286980.0,28.217093465318126,3.953965029384024,0.16385200949496603,0.25443692969422266,0.012264302012608927,28.217093465318126,0.018642540378189233,5.719472074556818,17.531993250153405,1.3073635683045037,0.3794913751960183,0.5966836995401125,0.005411412293247057,0.14720144061553572,2.402459551621563,0.012005402308258983,40.20352485928706,0.3506806201205543,0.26190476190476203,-0.1824481742439919,-0.6141503627035826,0.32123493002155845,0.018064120362896716,0.23709514170040485,0.0761866235167206,9.288971274192637,-0.5922539785067393,0.23819520608073294,Aerospace & Defense,Industrials,KAMN
2021Q2,2021,Q2,2021-08-05,2021-06-30,11856000.0,182394000.0,14832000.0,0.42,61946000.0,0.3396274000241236,1216665000.0,779212000.0,529226000.0,132336000.0,437453000.0,196133000.0,737203000.0,1404496800.0,1506178800.0,27.961818638533032,3.999108330310724,0.1644199512602072,0.25672602577989045,0.010212967366532082,27.961818638533032,0.015215371426518073,7.700345406098885,29.61573886639676,1.802457867691976,0.4690452091767881,0.6141138921038275,0.003959425183453604,0.14991308207271517,2.3597131543948735,0.009744670883110798,-89.27643020594965,0.3396274000241236,0.4482758620689656,-0.3009938941231405,-0.6231096954423468,0.34214629653033807,0.17089122011152064,0.4849699398797595,1.6424371993586317,-0.21159091404134056,-0.6089225475497624,0.21679231381953085,Aerospace & Defense,Industrials,KAMN
2021Q1,2021,Q1,2021-05-04,2021-04-02,7984000.0,171616000.0,5613000.0,0.29,52905000.0,0.30827545217229163,1250737000.0,767219000.0,557485000.0,159797000.0,483518000.0,197303000.0,730913000.0,1438313650.0,1516656650.0,27.58292288333633,3.488707547701146,0.1591597594058543,0.2594656805944587,0.005588651688654212,27.58292288333633,0.010406415899501968,8.380999731959724,45.03737631513027,1.8747106758304994,0.6945140280561122,0.6016684997187067,0.003855209188899792,0.13721189986384028,2.1130121341451966,0.006383436325942225,-202.77931058790358,0.30827545217229163,1.2555451941438573,-0.20558471531547548,-0.6299816282254634,0.34227439870118254,-0.02635404972670556,1.254105665181413,1.1469679514034352,-0.4316555227341871,-0.6291212972703458,0.19597898463840202,Aerospace & Defense,Industrials,KAMN
2020Q4,2020,Q4,2021-02-25,2020-12-31,-31420000.0,185288000.0,-38192000.0,-1.1348286199299311,54337000.0,0.2932569837226372,1306393000.0,746438000.0,597974000.0,228412000.0,559955000.0,185072000.0,728764000.0,1581758310.0,1680727310.0,26.959872864521255,2.6179622786893857,0.15565453887153408,0.27242182204014265,-0.03252226629912991,26.959872864521255,-0.04209324820011843,8.536755267475497,-12.585600811584976,2.1190752748386337,-0.17616168045830682,0.707567865479381,0.0034992703784183054,0.14183174588351286,1.6059926798942261,-0.024050955570031375,24.224057919965695,0.2932569837226372,0.18357653242450994,-4.504982991962754,-0.5990223603718864,0.34527073463921604,-0.1874841121495327,0.18404445944893136,0.018881496133788887,-3.289644436688374,-0.6069095879118185,0.18064170074643865,Aerospace & Defense,Industrials,KAMN
2020Q3,2020,Q3,2020-11-04,2020-10-02,-38507000.0,213959000.0,-38927000.0,-1.39,66875000.0,0.3125598829682322,1411910000.0,770678000.0,708632000.0,194275000.0,641232000.0,188199000.0,765722000.0,1115232360.0,1264537360.0,27.83537400223932,3.647571741088663,0.21360639134222437,0.3913346430026548,-0.03641213711106377,27.83537400223932,-0.04996509566900833,5.212364798863334,-7.240452125587556,1.4470795325674275,-0.14363622198561302,0.7815344396091372,0.004959504582524847,0.15153869580922297,2.391851756530691,-0.02727298482197874,49.8294249586703,0.3125598829682322,-383.50899031811895,-3.1946397503772475,-0.5157644669340541,0.3605494979918505,0.18011929131079268,-384.07,-13.053068592057762,-3.3840893960381444,-0.5175907820592424,0.2554879506735507,Aerospace & Defense,Industrials,KAMN
2020Q2,2020,Q2,2020-08-10,2020-07-03,-100000.0,177890000.0,-2770000.0,-0.003615,56668000.0,0.31855641126538875,1560084000.0,803396000.0,808941000.0,198143000.0,756688000.0,207340000.0,809769000.0,1119636320.0,1283112320.0,29.046458657218267,4.082612052911281,0.25580930257601514,0.4967463119059592,-0.0001676121433702961,29.046458657218267,-0.00012447161798166781,6.293981224352128,-2799.0908,1.3936294430144036,-55.49,0.5846532265843541,0.004956073593611183,0.11402591142528223,2.7416259973857264,-6.4099112611885e-05,-39.999868529170094,0.31855641126538875,-1.3615,-1.004540368004394,-0.6074708413446913,0.45032102131900453,-0.16297893710673245,-1.3508771929824561,0.37358661239258256,-1.0074031225375255,-0.6052748008035265,0.33328657343759066,Aerospace & Defense,Industrials,KAMN
2020Q1,2020,Q1,2020-05-11,2020-04-03,285000.0,207322000.0,-4422000.0,0.01,67702000.0,0.32655482775585803,1577561000.0,797229000.0,825198000.0,198799000.0,780332000.0,193179000.0,815396000.0,982491970.0,1110553970.0,28.66802114423388,4.150916252093824,0.25277944878201225,0.5002013223302213,-0.0017482237076383922,28.66802114423388,0.0003574882499256801,4.738966293977485,861.8350614035087,1.2323836313029255,19.63157894736842,0.7227493671672387,0.005694703031516889,0.1314193238803444,2.8937922222948806,0.00018065862429408435,-16.106161702267176,0.32655482775585803,-0.9929078014184397,-0.9781445059627791,-0.5422300067842977,0.48868465520063464,-0.06697720569995315,-0.9927778622472252,-1.2979784366576819,-0.9557805181482452,-0.5357989182182528,0.35915667328475015,Aerospace & Defense,Industrials,KAMN
2019Q4,2019,Q4,2020-02-24,2019-12-31,39462000.0,237792000.0,14840000.0,1.41,72562000.0,0.3051490378145606,1418943000.0,823202000.0,936488000.0,203992000.0,595741000.0,156353000.0,820666000.0,1840618240.0,1572182240.0,29.48220041544302,4.590807482646379,0.14313753265635054,0.24672437627702556,0.03219803538946115,29.48220041544302,0.04793720131875287,7.7404548512986135,11.660700420657848,2.235925374330966,0.14157924078860676,1.0567753736736742,0.0030353931513793977,0.16758389871897603,3.67487940703557,0.027810842295990748,-109.35881646960965,0.3051490378145606,-0.7224409448818897,1.5461438007927766,-0.49716670449128614,0.5455139379210053,0.18695303682135672,-0.7236090099176332,-0.0503615537211237,1.5354648883134945,-0.4663230105369236,0.41411512614162704,Aerospace & Defense,Industrials,KAMN
2019Q3,2019,Q3,2019-11-04,2019-09-27,142776000.0,182670000.0,15627000.0,5.08,61133000.0,0.3346636010291783,1430347000.0,788944000.0,953758000.0,238573000.0,641403000.0,173143000.0,786798000.0,1653360800.0,1340960800.0,28.224957069261592,3.997761691390057,0.13814130417304332,0.25044870104849015,0.012694451279733579,28.224957069261592,0.18097101948934272,9.051080089779383,2.895025774639995,2.0956630635380966,0.03919426234100969,0.7019457904737703,0.003384621190970537,0.12771026890677578,3.1833317265574896,0.09981913479736036,-438.67360042451577,0.3346636010291783,9.583333333333332,8.370760709407092,-0.616753708283069,0.39713632823579476,0.16246743615585008,9.602703104114065,0.4777304964539007,6.93853285666946,-0.6090513424873617,0.3216031347843464,Aerospace & Defense,Industrials,KAMN
2019Q2,2019,Q2,2019-07-31,2019-06-28,13466000.0,174712000.0,10575000.0,0.48,52589000.0,0.30100393790924496,1564839000.0,658169000.0,786028000.0,421575000.0,906670000.0,163006000.0,649610000.0,1780836090.0,2088773090.0,23.538821930546117,1.8645033505307478,0.2076590626895163,0.49372273686545554,0.01144443113707394,23.538821930546117,0.020459790722443628,10.19298096295618,33.061712646665676,2.7057428867053903,0.4145254715579979,0.7491932812289118,0.0031344827473706463,0.1116485465916941,0.5612026329834549,0.008605358123104038,-71.64036084962588,0.30100393790924496,-0.040000000000000036,-0.21426625352373121,-0.6319864794808115,0.17727853166249521,-0.6155353291662098,-0.046654867256637166,-0.5473805855161787,-0.2087405552394413,-0.6401970903514235,0.1298457760266419,Aerospace & Defense,Industrials,KAMN
2019Q1,2019,Q1,2019-05-01,2019-03-29,14125000.0,457388000.0,23364000.0,0.5,136785000.0,0.29905681828119673,1535968000.0,642167000.0,768967000.0,318388000.0,893801000.0,313894000.0,641741000.0,1630943520.0,1975751520.0,23.01014046151641,2.4151883864969785,0.2429503739661243,0.5811011777310263,0.016382963601523037,23.01014046151641,0.02199583597413134,3.5657768021898257,28.866256991150443,2.539749815857869,0.3949026548672566,1.0213734572817574,0.003420106172652748,0.2977848496843684,1.2891126549995602,0.009196155128231838,107.22132141213595,0.29905681828119673,-0.40476190476190477,0.18935712959734305,0.06598354634163461,0.18766142009989428,-0.09849138925320802,-0.40089918140560715,-0.31702183635885295,0.4007668961074031,-0.017119704068290855,0.11974798982129634,Aerospace & Defense,Industrials,KAMN
2018Q4,2018,Q4,2019-02-25,2018-12-31,23577000.0,500911000.0,34209000.0,0.84,151729000.0,0.3029061050765505,1460313000.0,633157000.0,773105000.0,298476000.0,827156000.0,294912000.0,610103000.0,1567771590.0,1840270590.0,22.652391685449537,2.590174754419116,0.20557921486694974,0.47414780220387676,0.026306840405705342,22.652391685449537,0.0372372097283928,3.129840610407837,16.62395120244306,2.4761182297597597,0.23743478814098487,1.18402099609375,0.0035706731999142808,0.343016188995099,1.4722054704565861,0.016145168878178857,54.571046329492845,0.3029061050765505,15.799999999999997,0.8082273659903444,0.1283873925724095,0.22279638742324787,0.18023771371676597,15.464385474860336,3.7145810363836826,1.6052345447054082,0.07377176727076161,0.13033172512184646,Aerospace & Defense,Industrials,KAMN
2018Q3,2018,Q3,2018-11-01,2018-09-28,1432000.0,443058000.0,7256000.0,0.05,128558000.0,0.29016065616691267,1431649000.0,638294000.0,737952000.0,273431000.0,793355000.0,303145000.0,592103000.0,1870441020.0,2148553020.0,22.788889285586777,2.6988600414729857,0.21257584785097464,0.476792825876477,0.002070047656794735,22.788889285586777,0.0022434802771136813,4.221661768888047,326.5434741620112,2.930375375610612,3.9120111731843576,1.0374573224034702,0.002995015581940135,0.3094739003764191,1.4261111578423806,0.0010002451718263345,72.39109141574426,0.29016065616691267,-0.9056603773584906,-0.9286378663591314,-0.00048155448085718554,0.3166599030840511,-0.0522326990703538,-0.905127865376971,-0.6524071856287426,-0.9193239045302554,-0.008791597015551775,0.11388522657545772,Aerospace & Defense,Industrials,KAMN
2018Q2,2018,Q2,2018-08-08,2018-06-29,15094000.0,468129000.0,20875000.0,0.53,135643000.0,0.28975560155427244,1442194000.0,642772000.0,733547000.0,254146000.0,799422000.0,291058000.0,596270000.0,1949298990.0,2245951990.0,22.9799435129241,2.8863212484162646,0.2248608716996465,0.5045225989931111,0.01756336952573714,22.9799435129241,0.02348266570416882,4.164021007030113,32.28599095667152,3.0326445302533402,0.3696833178746522,1.142335891815377,0.002862567532546662,0.3245950267439748,1.5862417665436404,0.01046599833309527,71.04118189438391,0.28975560155427244,0.06000000000000005,-0.19369118712049838,0.03636872416599324,0.3961801873885283,0.011453540829337767,0.07308403241859804,0.007286238177957923,-0.32232122872454605,0.021443655740155217,0.14741337451251654,Aerospace & Defense,Industrials,KAMN
2018Q1,2018,Q1,2018-05-07,2018-03-30,14066000.0,463327000.0,20724000.0,0.5,134107000.0,0.2894435247676047,1485761000.0,642329000.0,761656000.0,248541000.0,843432000.0,296622000.0,586778000.0,1730104120.0,2049145120.0,23.063049800725288,3.06450847143932,0.2349577085412795,0.5434769409445939,0.015687271602277324,23.063049800725288,0.02189843522556198,3.7340887105651084,30.74975330584388,2.6934859238801296,0.3959192378785724,1.1098974452333272,0.0032188814162236665,0.31184490641496176,1.7249789773115904,0.009467202329311376,34.265594264324335,0.2894435247676047,0.02040816326530614,0.8819515893649768,0.1427696908568032,0.4569623056507705,-0.09848882076930317,0.019496992099731825,-0.5098043853631998,0.07703783531763614,0.02149000010961961,0.1976274249181463,Aerospace & Defense,Industrials,KAMN
2017Q4,2017,Q4,2018-02-27,2017-12-31,13797000.0,473916000.0,42277000.0,0.49,148758000.0,0.31389106930342087,1455452000.0,635656000.0,747869000.0,246299000.0,819796000.0,367437000.0,587877000.0,1637929080.0,2005161080.0,22.83493192513561,3.036427269294638,0.2776704418970876,0.635777842103276,0.014961728750782872,22.83493192513561,0.021705136111355827,3.456159066163624,29.67908023483366,2.5767539046276604,0.4037109516561571,0.8849353766768181,0.003400635636800587,0.32561431088074355,1.434208015460883,0.009479529383311851,57.88962606913127,0.31389106930342087,-0.1551724137931034,-0.051499415307858634,0.20144060564178945,0.47272004809974244,0.07070212689387123,-0.1525184275184275,0.39537263185688826,-0.10707991196109867,0.00519947266374666,0.19705127380140633,Aerospace & Defense,Industrials,KAMN
2017Q3,2017,Q3,2017-10-26,2017-09-29,16280000.0,447046000.0,30298000.0,0.58,138935000.0,0.3107845725048429,1459441000.0,618725000.0,732898000.0,257307000.0,840716000.0,385654000.0,579648000.0,1556652460.0,1934666460.0,22.170960690866092,2.848340698076617,0.2832886015947202,0.6682177057658896,0.01872786877160891,22.170960690866092,0.026312174229261787,3.482085646667233,23.904368243243244,2.515903608226595,0.34275184275184273,0.7989311662785813,0.003584615155524182,0.30631317059065766,1.2275958291068645,0.01115495590434968,39.57926417493008,0.3107845725048429,0.2083333333333333,0.03009960658610851,0.022124766958955246,0.401086802993745,0.029430288301238117,0.2096894040719275,0.10608936915887851,0.07022175063675638,-0.06057377204549759,0.09746330302946912,Aerospace & Defense,Industrials,KAMN
2017Q2,2017,Q2,2017-07-31,2017-06-30,13458000.0,449006000.0,27392000.0,0.48,134963000.0,0.3005817294200968,1449135000.0,600346000.0,724755000.0,244620000.0,848789000.0,392600000.0,568938000.0,1374267590.0,1780176590.0,21.785608012483216,2.962779004169733,0.2992647337894675,0.7223750970273809,0.016707091248412808,21.785608012483216,0.022417072821339694,3.060688699037429,25.52882281914103,2.289125920719052,0.4035517907564274,0.7999057564951605,0.003951923220426089,0.3098441484057731,1.2176436922573788,0.009286919438147585,131.0323789092296,0.3005817294200968,1.1818181818181819,-0.2179092953459304,0.06044991254891631,0.4396953829592926,0.08129566722215101,1.1392465426800191,0.9279279279279279,-0.2032206258818206,-0.040347614884602416,0.08959270298179643,Aerospace & Defense,Industrials,KAMN
2017Q1,2017,Q1,2017-05-03,2017-03-31,6291000.0,435941000.0,14208000.0,0.22,124816000.0,0.28631397367992456,1429192000.0,572535000.0,705128000.0,348866000.0,856657000.0,390147000.0,561059000.0,1306440720.0,1712745720.0,21.092506631299734,2.0212001169503475,0.3015613017705109,0.7527731929052373,0.008726232005205075,21.092506631299734,0.010987974534307946,2.996829203951911,51.917052932761095,2.2818530220859863,0.7758702908917501,0.7974558307509734,0.003736105224889193,0.3050261966201882,0.8050196923747227,0.00440178786335216,-50.523656895351536,0.28631397367992456,-0.5849056603773586,-0.35190889470063025,0.08635409935898335,0.43791416524517696,-0.07820923740454633,-0.5841211079526674,-0.4671467146714671,-0.45537399210842344,0.044595904483987515,0.0886833316420785,Aerospace & Defense,Industrials,KAMN
2016Q4,2016,Q4,2017-02-28,2016-12-31,15127000.0,433062000.0,26664000.0,0.53,135406000.0,0.312671164867848,1426286000.0,565787000.0,698553000.0,353886000.0,860499000.0,393814000.0,560200000.0,1327862340.0,1702803340.0,20.84851499742059,1.973949237890168,0.29176897200140783,0.7355170762141937,0.018137039360993423,20.84851499742059,0.026736209916452657,3.0662176316555136,21.945236001850994,2.34692974564633,0.3229325047927547,0.7558288938432864,0.0036788452031857456,0.303629145907623,0.7859423656205671,0.010605867266452872,41.704219221105525,0.312671164867848,-0.1451612903225806,0.24167682509204172,0.10530164214587164,0.46593609637934036,-0.0006199719536497158,-0.1333715267831567,-0.14158779215762024,0.1949144501995196,0.0047713557248307715,0.12542150850943945,Aerospace & Defense,Industrials,KAMN
2016Q3,2016,Q3,2016-10-27,2016-09-30,17455000.0,453474000.0,31062000.0,0.62,135490000.0,0.29878228961307596,1442077000.0,579362000.0,701479000.0,361366000.0,862715000.0,394223000.0,549954000.0,1191461760.0,1586382760.0,21.356605721026245,1.9411870513551357,0.2915738896050627,0.7257500491920423,0.019915429432584793,21.356605721026245,0.03012796835139343,2.627409200968523,17.064763105127472,2.056506571021227,0.2796333428816958,0.8066094570839347,0.004096648473216631,0.3144589366587221,0.758303216129907,0.012104069338877189,33.01728537382919,0.29878228961307596,0.05084745762711869,0.371254375722049,0.2349517771615342,0.4083493687873931,-0.05756576659293574,0.05819945438011519,0.04070760880490502,-0.10190043008341125,0.05623960780471343,0.23390771996225787,Aerospace & Defense,Industrials,KAMN
2016Q2,2016,Q2,2016-07-28,2016-07-01,16495000.0,470642000.0,29847000.0,0.59,143766000.0,0.3054678502981034,1465507000.0,564613000.0,717428000.0,258852000.0,900894000.0,396738000.0,537383000.0,1148269370.0,1576802370.0,20.833659274565512,2.771576035726979,0.30620324570268176,0.794779787217085,0.019150075696214602,20.833659274565512,0.029214701043015306,2.4397936648237937,17.40329448317672,2.0337281819582618,0.29542285541073054,0.8239089777132516,0.0042437777470281214,0.3211461971863662,1.1121567536661876,0.011255490420721293,96.48511637677507,0.3054678502981034,0.6857142857142857,0.19208337390799077,0.18541969466919656,0.37928719626242396,0.06944878375362643,0.6871228393167639,0.6265395095367847,-0.09056417559430013,0.07538038401287818,0.2657795391704321,Aerospace & Defense,Industrials,KAMN
2016Q1,2016,Q1,2016-05-03,2016-04-01,9777000.0,451198000.0,18350000.0,0.35,134430000.0,0.2979401504439293,1463952000.0,556046000.0,695091000.0,251454000.0,907906000.0,391773000.0,525769000.0,1151901630.0,1581598630.0,20.549392069182158,2.7642869073468708,0.3058365301594588,0.8052031666444862,0.012363080444638639,20.549392069182158,0.017583077659042597,2.5529847871666096,29.454373274010432,2.071594130701417,0.4982100848931165,0.8085498490197129,0.004228659699005721,0.30820546028831547,1.0769802826759567,0.006678497655660841,-607.2227886136004,0.2979401504439293,0.0937499999999999,-0.3051754020540587,0.15302826521485538,0.4117325469227836,0.05480795637333752,0.11431502165488945,-0.16496018202502843,0.34639503156331897,0.14542674849126394,0.29816697737416104,Aerospace & Defense,Industrials,KAMN
2015Q4,2015,Q4,2016-02-29,2015-12-31,8774000.0,452277000.0,21975000.0,0.32,127445000.0,0.28178527760642263,1441205000.0,543077000.0,676035000.0,236689000.0,898128000.0,385747000.0,520865000.0,1105910190.0,1530269190.0,20.040481198568212,2.856216385214353,0.30586974094594455,0.8117099416841442,0.012789718270984858,20.040481198568212,0.01615608836316029,2.4452054603705253,31.511003818098928,2.0363782483883504,0.5568725780715751,0.8420856157014831,0.004418080278290952,0.3138186448145822,1.0906928501113275,0.006087961115871788,61.593438596491225,0.28178527760642263,-0.48387096774193544,-0.4183668531419392,0.20679256596738166,0.45881573783936025,-0.019095485122300387,-0.49059451927542963,-0.26216297888056944,-0.38038812401771865,0.17780827681368025,0.2924942597358799,Aerospace & Defense,Industrials,KAMN
2015Q3,2015,Q3,2015-10-29,2015-10-02,17224000.0,433742000.0,29783000.0,0.62,129926000.0,0.2995467351559222,1223704000.0,556053000.0,679756000.0,240126000.0,667651000.0,370391000.0,516962000.0,977356840.0,1221926840.0,20.458920490084257,2.830830480664318,0.2093226793407556,0.4606557288603784,0.023933103200576067,20.458920490084257,0.030975464569024894,2.2533138132807062,14.185973641430563,1.7576684956290138,0.2847189967487227,0.8202575116566008,0.005017614651369299,0.3544500957747952,1.033561546854568,0.014075299255375482,36.62844657647191,0.2995467351559222,-0.19480519480519484,0.039428426846835486,0.15207967773017844,0.5025387149128013,-0.015354068145992482,-0.20593794661380296,-0.021294075120765008,0.1190217203087012,0.01826977946989665,0.2928949675132732,Aerospace & Defense,Industrials,KAMN
2015Q2,2015,Q2,2015-07-30,2015-07-03,21691000.0,446324000.0,30431000.0,0.77,131952000.0,0.29564173111909736,1216003000.0,545552000.0,669792000.0,225559000.0,670451000.0,367718000.0,504625000.0,1145714400.0,1407378400.0,20.027606461086638,2.969475835590688,0.22466062994910374,0.5007551984045517,0.02962929022524253,20.027606461086638,0.03975972959497903,2.567001550443176,13.20495136231617,2.100101181922163,0.22566963256650224,0.854926873310526,0.004272443464095415,0.367041857626996,1.0796022326752646,0.01783794941295375,120.57613134077036,0.29564173111909736,0.6739130434782609,2.3971815083810624,0.3396773567153827,0.5522510130196324,0.03159227900649671,0.7013883441838575,0.3627854903716973,0.27520793830157536,0.06638269728218262,0.3235183767756385,Aerospace & Defense,Industrials,KAMN
2015Q1,2015,Q1,2015-04-29,2015-04-03,12749000.0,442782000.0,22330000.0,0.46,127911000.0,0.2888803067875388,1193653000.0,523567000.0,653619000.0,229605000.0,670086000.0,366704000.0,487838000.0,1150324280.0,1409902280.0,19.257282624687363,2.8467106552557655,0.2258989840431013,0.5150152702519448,0.018823188954534536,19.257282624687363,0.024350274176943926,2.597947251694965,22.55714722723351,2.1970908785313052,0.34049729390540434,0.8586516645577905,0.0037737184857125675,0.3709470005101985,0.9972169595609852,0.010680658449314834,45.08953747256193,0.2888803067875388,-0.14814814814814817,6.017229181949436,0.5198409317921918,0.4936603141485861,-0.0471398028888773,-0.1536214565491602,-0.3775609756097561,0.31126081251071497,0.1016159984144147,0.3128036394250731,Aerospace & Defense,Industrials,KAMN
2014Q4,2014,Q4,2015-02-23,2014-12-31,15063000.0,459609000.0,35875000.0,0.54,134239000.0,0.29207217439171124,1201205000.0,517665000.0,662256000.0,221724000.0,683540000.0,359741000.0,479984000.0,1087922330.0,1356743330.0,19.07598481777647,2.986848514369216,0.23412489958000507,0.543270261655704,0.03216180944937165,19.07598481777647,0.029097968763582626,2.3670605449414612,18.056202781650402,2.1015952981175086,0.287857664475868,0.9044562615881981,0.00398557863960748,0.38262328245386923,1.1142636791686962,0.012539907842541448,19.310631012815506,0.29207217439171124,0.018867924528301903,0.734811409732973,0.623969576415792,0.5728999945625852,0.0365545731825026,0.019216455781852628,0.38214670981661275,0.23646904455011697,0.17310062419838534,0.34130295236003955,Aerospace & Defense,Industrials,KAMN
2014Q3,2014,Q3,2014-11-03,2014-09-26,14779000.0,462332000.0,25956000.0,0.53,129505000.0,0.28011255980550775,1226302000.0,547737000.0,705942000.0,230612000.0,678565000.0,379301000.0,469262000.0,1076386100.0,1404652100.0,20.20200641758566,3.0611676755762924,0.275646618858976,0.6171319447106914,0.019579141649948145,20.20200641758566,0.02698192745788581,2.328166988224912,18.20803335814331,1.9651513408807513,0.2932539414033426,0.8774746177837655,0.004026436238818022,0.37701316641414595,1.180007978769535,0.012051680581129282,39.16694927588967,0.28011255980550775,-0.11666666666666659,0.45402396589085203,0.5100327638115061,0.7297620570408041,0.0013221581332054989,-0.10824835575936764,-0.06252031639397551,0.16167174193161313,0.259771457177597,0.3322099662323333,Aerospace & Defense,Industrials,KAMN
2014Q2,2014,Q2,2014-08-04,2014-06-27,16573000.0,459089000.0,27687000.0,0.6,129334000.0,0.28171879526627736,1245573000.0,540625000.0,715422000.0,232956000.0,704948000.0,390556000.0,458819000.0,1159161930.0,1510359930.0,19.99426753948001,3.071060629475094,0.2913309777909444,0.6712120231213873,0.02059735616590959,19.99426753948001,0.030655260115606937,2.5249176739150796,17.4856985759971,2.144114552601156,0.26054425873408554,0.8443219410276631,0.0037251050851885726,0.3685765507120016,1.1508954480674463,0.013305522839689042,65.43761600993564,0.28171879526627736,0.42857142857142855,0.6728002777716034,0.4845415989285311,0.7407456259264277,0.12600447497409914,0.44653923365628,0.31911953880604127,0.20046673924449904,0.15897224290830175,0.3237154765950407,Aerospace & Defense,Industrials,KAMN
2014Q1,2014,Q1,2014-04-28,2014-03-28,11457000.0,413932000.0,20989000.0,0.42,114861000.0,0.27748760666003114,1147839000.0,521615000.0,674653000.0,218095000.0,626224000.0,378467000.0,446580000.0,1077458460.0,1361103460.0,19.37432678379081,3.0933904949677893,0.25407047504048913,0.5590943511977224,0.016726576501881207,19.37432678379081,0.021964475714847158,2.6029842099668543,23.51092039800995,2.065620160463177,0.37514183468621803,0.7902168484966985,0.003989016894442502,0.3606185187992393,1.0795754143836402,0.00998136498237122,-45.597057130765975,0.27748760666003114,-0.09965048543689327,1.0211896045468294,0.3351355987318883,0.7862963635150593,-0.011897388252296894,-0.11013592233009709,-0.13536560247167867,-0.181669432012135,0.0631390760404825,0.33100617299594187,Aerospace & Defense,Industrials,KAMN
2013Q4,2013,Q4,2014-02-27,2013-12-31,12875000.0,438343000.0,24275000.0,0.46648550724637683,116244000.0,0.2651895889748439,1140631000.0,511292000.0,665205000.0,227956000.0,629339000.0,390495000.0,439441000.0,1096548000.0,1361378000.0,18.525072463768115,2.918128937163312,0.24128223763864037,0.5382716725471942,0.019042056163633234,18.525072463768115,0.025181305398871878,2.5015752504317397,21.292194174757277,2.1446609765065756,0.3328155339805825,0.8248479493975595,0.003907717674009711,0.3842986908123661,0.9587551983716156,0.011287611856945849,40.87021990309355,0.2651895889748439,-0.33359213250517594,0.7524131459609029,0.2800124376331918,0.722345227260946,-0.021984401423559403,-0.3286928411283174,-0.22742751662900607,-0.1620020827909398,0.14838201385244457,0.3485039100104178,Aerospace & Defense,Industrials,KAMN
2013Q3,2013,Q3,2013-10-28,2013-09-27,19179000.0,423663000.0,31421000.0,0.7,118857000.0,0.2805460944193852,1164164000.0,463338000.0,673531000.0,235723000.0,700826000.0,384940000.0,430864000.0,1009229000.0000001,1284859000.0,17.30810608890549,2.8572986089605172,0.24625568218910737,0.6187318976643401,0.027646577994368076,17.30810608890549,0.04139310827085195,2.3821504356056584,13.155391313415716,2.178170147926568,0.22316074873559621,0.7918272977606899,0.0042408610929729525,0.36392037547974343,0.9641613249449565,0.016474482976625286,33.794166889900886,0.2805460944193852,0.04477611940298495,0.3378243425352037,0.1930929359530219,0.052048695038426525,-0.019792671763279646,0.07193158953722334,0.013025115259373892,0.17509136456420937,0.14250123406241558,0.2711374235509033,Aerospace & Defense,Industrials,KAMN
2013Q2,2013,Q2,2013-07-29,2013-06-28,17892000.0,431725000.0,31017000.0,0.67,121257000.0,0.2808662921998958,1151178000.0,440019000.0,674002000.0,232259000.0,711159000.0,383977000.0,415969000.0,923927040.0000001,1210349040.0,16.45915313832573,2.9019413671806045,0.25637129966000044,0.6707187644169911,0.027158238410536283,16.45915313832573,0.04066188050970526,2.1400823209218833,12.909778672032195,2.099743511075658,0.23865414710485133,0.8085588459725452,0.004621577045737291,0.3750288834567721,1.0061870584132369,0.015542340107264038,78.77287407281099,0.2808662921998958,1.576923076923077,1.6332093095994518,0.28829800632120867,0.014142288479862947,0.09967714436000218,1.5009784735812133,1.2529962954892133,1.8552308416148025,0.3203842463085499,0.2756760116118827,Aerospace & Defense,Industrials,KAMN
2013Q1,2013,Q1,2013-04-29,2013-03-29,7154000.0,388075000.0,13767000.0,0.26,110266000.0,0.28413579849255943,1136066000.0,421984000.0,659712000.0,221450000.0,714082000.0,381514000.0,402358000.0,945559260.0,1234697260.0,15.829544601995648,2.979056220365771,0.26780750414148474,0.7209917911579586,0.01308032323992208,15.829544601995648,0.016953249412299993,2.4365374218900984,33.04302697791445,2.240746710775764,0.5949119373776908,0.7281751128398958,0.004501039945396971,0.34159547068568197,1.006990291262136,0.006297169354597356,-20.37711484171282,0.28413579849255943,-0.502436268625097,-0.2404574534761687,0.2785307258671673,-0.016243655159164646,0.04743901512272969,-0.49480968858131485,-0.3756462585034014,3.0159488537134944,0.35854348081196136,0.2277932989743265,Aerospace & Defense,Industrials,KAMN
2012Q4,2012,Q4,2013-02-25,2012-12-31,14161000.0,384013000.0,22050000.0,0.5225461254612546,105272000.0,0.27413655266878983,1096993000.0,420193000.0,618045000.0,223952000.0,676800000.0,367385000.0,399473000.0,997279999.9999999,1240293000.0,15.505276752767527,2.7597208330356504,0.2366523760862649,0.6178256182278143,0.02297964564548027,15.505276752767527,0.033701180171968596,2.5969954142177474,17.606101264035026,2.3733855633006735,0.29976696560977334,0.7587163330021639,0.0042565778918658755,0.3500596630972121,0.8813986925769808,0.01290892466952843,33.36612131553414,0.27413655266878983,-0.06688191881918837,-0.44807586548919387,0.3219703875158803,-0.001753928713709143,-0.08700478734475821,-0.05479909224402617,-0.12182882631725676,0.6331544563174281,0.3587133264595417,0.2784791953384539,Aerospace & Defense,Industrials,KAMN
2012Q3,2012,Q3,2012-10-31,2012-09-28,14982000.0,414613000.0,25109000.0,0.56,115304000.0,0.2781003007623977,1098977000.0,418627000.0,639717000.0,225507000.0,680350000.0,364213000.0,389568000.0,948676300.0,1217287300.0,15.824116424116424,2.836794423232982,0.2555576686318276,0.6708884042357517,0.02416447790689985,15.824116424116424,0.03578842262921408,2.2881007107833087,15.830267988252569,2.266161284389206,0.2820718195167534,0.8217965860636496,0.00445462799060122,0.37727177183871907,0.9876810919394964,0.013632678390903541,27.918666862860505,0.2781003007623977,-0.09677419354838701,0.17915414710166352,0.39346346914382546,0.16457795932228259,-0.00021677115036114074,-0.09084289095212088,-0.11895154215937401,0.5106578667675925,0.3878583410278713,0.35491275524027954,Aerospace & Defense,Industrials,KAMN
2012Q2,2012,Q2,2012-07-26,2012-06-29,16479000.0,405480000.0,28499000.0,0.62,115329000.0,0.2844258656407221,1017077000.0,399336000.0,627085000.0,205287000.0,617741000.0,351777000.0,378832000.0,816506600.0,1038245600.0,15.13209549071618,3.054674674967241,0.23286142543779872,0.5930795119899033,0.028854670069997663,15.13209549071618,0.041266001562593906,2.0136790963795996,12.387077492566299,2.0446606366568503,0.2556587171551672,0.8248151527814496,0.005159786828422453,0.3986718803001149,1.1057202842849279,0.01620231309920488,60.06816743912308,0.2844258656407221,0.7222222222222223,0.5075605462443804,0.16622398429737154,0.1536694324374869,0.08731191311234303,0.7525257896416038,0.6588474970896391,0.7042176187698274,0.34343345155311616,0.31743405876473846,Aerospace & Defense,Industrials,KAMN
2012Q1,2012,Q1,2012-04-30,2012-03-30,9403000.0,388722000.0,17180000.0,0.36,106068000.0,0.27286338308611296,1022311000.0,385702000.0,627061000.0,212435000.0,636609000.0,352867000.0,366580000.0,892681300.0000001,1121153300.0,14.668821784437514,2.9517781909760634,0.23874143973800535,0.6327890443917843,0.017632111952537815,14.668821784437514,0.02437892466204479,2.2964517058463376,23.733949271509097,2.3144326448916526,0.44645325959800064,0.8010213479866352,0.004702686165824242,0.3802384988521106,1.050603714077247,0.009197788148616224,-30.717501118337296,0.27286338308611296,-0.05263157894736847,-0.1431555491718856,0.12466976342619208,0.15400525299519166,-0.003335745092696128,-0.2015115489130435,-0.21210731483604678,0.6985149410557178,0.2838145308137131,0.3524528260003015,Aerospace & Defense,Industrials,KAMN
2011Q4,2011,Q4,2012-02-27,2011-12-31,11776000.0,378724000.0,21805000.0,0.38,106423000.0,0.281004108532863,996398000.0,373071000.0,600102000.0,218698000.0,623327000.0,339846000.0,361389000.0,716658240.0,919933240.0,14.221980786825252,2.743975710797538,0.2190490145504106,0.5850360923255895,0.023477152670991316,14.221980786825252,0.03156503721811666,1.8922968705442487,15.214381793478262,1.920970110247111,0.356742527173913,0.801248212425628,0.005861929390499996,0.3800930953293764,0.9400771840620399,0.011818570490908252,35.96057203070902,0.281004108532863,-0.1914893617021276,0.16861912015890115,0.17298106938790775,0.20370418817482353,0.05056218596065192,-0.04717210130269439,0.07192016517549897,0.6864161016076483,0.16359171403059625,0.3222707105893219,Aerospace & Defense,Industrials,KAMN
2011Q3,2011,Q3,2011-11-02,2011-09-30,12359000.0,356520000.0,20342000.0,0.47,101301000.0,0.2841383372601818,906195000.0,399412000.0,588276000.0,216350000.0,506783000.0,327564000.0,353656000.0,733541150.0,880361150.0,15.164281104066214,2.719094060550035,0.17881361075706664,0.40569637366929384,0.02517737679761298,15.164281104066214,0.030942986189698856,2.057503506114664,14.838197871996115,1.8365526073327791,0.2814143539121288,0.779142396600359,0.004741383629261972,0.3934252561534769,0.9644649872891149,0.013638344947831317,297.58261663286004,0.2841383372601818,-0.06000000000000005,0.2923911265905496,0.05902478387132341,0.2687509675982145,-0.045851425557366085,-0.07912972207734148,-0.11947017574235996,-0.12379534539523575,0.02043823738775693,-0.07826066787544264,Aerospace & Defense,Industrials,KAMN
2011Q2,2011,Q2,2011-08-04,2011-07-01,13421000.0,385086000.0,23102000.0,0.5,106169000.0,0.2757020509704326,887160000.0,397041000.0,575720000.0,200409000.0,490119000.0,318541000.0,345498000.0,955758960.0,1092323960.0,15.104656471125313,2.8727252768089255,0.17618355200865685,0.3936696713941381,0.027594013272560176,15.104656471125313,0.03380255439614548,2.4819363986226453,17.803422993815662,2.407204696744165,0.2729304820803219,0.8756078495389918,0.003832556275486028,0.4340660083863114,1.0434261934344267,0.015128049055412778,64.60013247718824,0.2757020509704326,-0.03846153846153849,0.6390129819849472,0.20163625883940295,0.291330177728174,0.018134218147643797,-0.012144854997791844,-0.020354507675345603,1.0088652620476655,0.1687087796759945,-0.069315975640323,Aerospace & Defense,Industrials,KAMN
2011Q1,2011,Q1,2011-05-05,2011-04-01,13586000.0,377823000.0,23582000.0,0.52,104278000.0,0.2759969615401921,893801000.0,380294000.0,580776000.0,211373000.0,513507000.0,320781000.0,335765000.0,920157720.0,1070713720.0,14.556150960728775,2.747635696139053,0.18598770867340716,0.43712496121421845,0.028047307366441187,14.556150960728775,0.035724991716934794,2.4354200776554102,16.932094067422344,2.419595681236096,0.28389518622111,0.8527468896225151,0.004191672705848732,0.4227148996253081,0.9924730216252785,0.015200251510123618,-43.44670286604656,0.2759969615401921,-0.06586826347305381,1.1026486119243333,0.16697047708687923,0.2715377378795382,-0.034722157939071914,-0.07553075666848122,-0.14378040810398665,0.47180211225078306,0.2701018148096454,-0.09538105965015237,Aerospace & Defense,Industrials,KAMN
2010Q4,2010,Q4,2011-02-28,2010-12-31,14696000.0,365109000.0,27542000.0,0.5566666666666666,108029000.0,0.29588150387966333,895757000.0,362670000.0,584953000.0,221845000.0,533087000.0,316899000.0,325844000.0,767448000.0,921140000.0,13.7375,2.6367644075818704,0.2075607558746401,0.5126533763476439,0.029199317176959495,13.7375,0.040521686381558994,2.1019695488196675,13.055389221556887,2.1161055505004547,0.24748230811105063,0.8112363876187682,0.004739083299454816,0.40759826604759997,0.9388176429489058,0.01640623517315522,237.30612244897958,0.29588150387966333,-0.08743169398907105,0.45183373283939854,0.1474094673652888,0.21901635378900788,0.1521495685931551,-0.07134281200631912,0.4057778685177624,-0.41203703703703703,0.2902198008409648,-0.11556526059119038,Aerospace & Defense,Industrials,KAMN
2010Q3,2010,Q3,2010-11-01,2010-10-01,15825000.0,359545000.0,19592000.0,0.61,93763000.0,0.2607823777274055,860111000.0,353423000.0,552637000.0,222370000.0,506688000.0,308016000.0,314792000.0,670443480.0,800828480.0,13.61623516720604,2.485213832801187,0.1654798043508338,0.40272138485610726,0.027020854485794343,13.61623516720604,0.044776372788415016,1.8646997733246187,10.591524170616113,1.897000138644061,0.2161137440758294,0.8628837462988935,0.005101101139800778,0.4180216274411093,0.8550433961415659,0.01839878806340112,92.73077178423236,0.2607823777274055,1.6521739130434783,4.868769228169931,0.14159467617486562,0.10732914660124701,0.12614700936824405,1.6040809610004936,0.7508489722966935,0.2694468114573482,0.23161771434072398,0.0020886436673529336,Aerospace & Defense,Industrials,KAMN
2010Q2,2010,Q2,2010-08-05,2010-07-02,6077000.0,317087000.0,11190000.0,0.23,83260000.0,0.2625777783384371,836319000.0,334505000.0,536273000.0,217575000.0,501814000.0,306765000.0,302605000.0,572186820.0,699626820.0,12.902298850574713,2.464773066758589,0.1609146749027584,0.4023138667583444,0.015581231451000042,12.902298850574713,0.01816714249413312,1.8045104971190873,23.53903324008557,1.7105478841870825,0.5965114365640941,0.7622349355369745,0.006335343411090804,0.37914599572651103,0.8176077214753533,0.007266366063667094,25.6516999910338,0.2625777783384371,2.2857142857142856,0.9397127775655447,0.028662322748164156,0.02462998460044583,0.1443887018074359,2.5208574739281575,1.4905408413087025,-0.43410348511014824,-0.07168612518811195,-0.016330038280978124,Aerospace & Defense,Industrials,KAMN
2010Q1,2010,Q1,2010-05-06,2010-04-02,1726000.0,276772000.0,4493000.0,0.07,72755000.0,0.2628697989681037,784410000.0,333005000.0,516569000.0,176848000.0,451405000.0,301672000.0,300159000.0,643658680.0,748440680.0,12.892678771923032,2.9209773364697367,0.1569689320635892,0.36974820197894925,0.006403555694676441,12.892678771923032,0.005183105358778397,2.3255917506106107,93.22982039397452,1.932879926727827,2.212630359212051,0.676287491049882,0.005933268856096216,0.3528409887686286,0.9237084954311047,0.002200379903366862,-38.039044973701316,0.2628697989681037,-0.7812235009085402,-0.6764889196661655,-0.07302207327279096,0.02209883428533636,-0.004447181171319103,-0.7909145972138099,-0.6721873631985992,-0.8398874368136227,-0.1848132403814937,0.014274987222451404,Aerospace & Defense,Industrials,KAMN
2009Q4,2009,Q4,2010-02-25,2009-12-31,8255000.0,269072000.0,13706000.0,0.3199612403100775,73080000.0,0.27160016649818636,773067000.0,312900000.0,482603000.0,154070000.0,460167000.0,285263000.0,302058000.0,595722000.0,641350000.0,12.127906976744185,3.1323619134159797,0.08231498692868794,0.20337168424416746,0.025212683535214615,12.127906976744185,0.02638223074464685,2.2139873342451093,18.041247728649303,1.9038734419942474,0.4356147789218655,0.6870572068582326,0.006036372670473812,0.3480578009409275,0.9958460440059713,0.010678246516796086,33.40746971736205,0.27160016649818636,-0.1352398910538446,10.896169388091703,-0.07571241733289387,-0.030475902485492246,-0.047097480832420595,-0.14224854530340814,-0.06545752079639984,-0.16707870444068193,-0.15267819997661425,0.026468298651134373,Aerospace & Defense,Industrials,KAMN
2009Q3,2009,Q3,2009-11-05,2009-10-02,9624000.0,289901000.0,14666000.0,0.37,76692000.0,0.26454548276825535,773155000.0,299825000.0,484351000.0,148210000.0,473330000.0,280070000.0,297410000.0,535261200.00000006,597348200.0,11.679066687441571,3.2680048579717966,0.1017997684810937,0.2625097973818061,0.029187962983087016,11.679066687441571,0.03209872425581589,1.846358584482289,13.904332917705737,1.785245393146002,0.35245220282626766,0.7612703966865426,0.00633709299310318,0.37495844947002865,1.0977801767761959,0.012447698068304544,24.696004429270097,0.26454548276825535,0.0,1.7163109023345975,0.042739605012487414,-0.07035786463364493,-0.022670795580532935,0.02448371300830317,-0.09284344652687573,0.03253748665935199,-0.11648990198248237,-0.022846710724568908,Aerospace & Defense,Industrials,KAMN
2009Q2,2009,Q2,2009-08-06,2009-07-03,9394000.0,293223000.0,16167000.0,0.37,78471000.0,0.2676154326229525,770552000.0,294479000.0,482969000.0,144266000.0,476073000.0,291261000.0,291383000.0,429436500.0,507635500.0,11.48603635228957,3.3477673187029513,0.11760140782192506,0.3077231313608101,0.02773385639076588,11.48603635228957,0.031900407159763514,1.4645389345310567,11.42847828401107,1.4582924419058745,0.3816265701511603,0.7373180755404946,0.008348149260717242,0.3805362908668072,1.0372991557262279,0.012191260291323622,18.263790243694977,0.2676154326229525,0.761904761904762,5.527429158209296,0.049722008330044594,-0.12876576250136684,0.009987772700946007,0.7473958333333334,0.7193448899287461,0.1762196576652631,-0.06189016793318626,-0.018033585037281016,Aerospace & Defense,Industrials,KAMN
2009Q1,2009,Q1,2009-05-11,2009-04-03,5376000.0,294035000.0,9403000.0,0.21,77695000.0,0.26423725066743753,786316000.0,276944000.0,511851000.0,156821000.0,509372000.0,306347000.0,285582000.0,373817760.0,469530760.0,10.846087569515156,3.2639187353734513,0.13571261426703768,0.38532338667745103,0.016272655501979462,10.846087569515156,0.019411866658963543,1.2713376298739947,17.383638392857144,1.349795482119129,0.7003348214285714,0.706192650817537,0.010071752610148858,0.3739399935903632,1.0106299538964807,0.006836945960657039,-60.96180039138943,0.26423725066743753,-0.21110783736004718,2.690691534701137,0.06155808760569725,-0.19009623777809537,-0.033656297807241206,-0.20801414260459636,-0.24437479909996784,-0.14868865889465877,-0.07076710713500792,-0.05255106997775995,Aerospace & Defense,Industrials,KAMN
2008Q4,2008,Q4,2009-02-26,2008-12-31,6788000.0,316396000.0,12444000.0,0.26619607843137255,80401000.0,0.2541150962717607,762613000.0,274271000.0,486516000.0,178539000.0,488342000.0,255817000.0,283789000.0,462315000.0,548319000.0,10.75572549019608,2.7249844571774235,0.12347678311279771,0.343328313966843,0.02111827472284196,10.75572549019608,0.024749244360504755,1.4611910390776115,17.026922510312314,1.6856138636603941,0.5253388332351208,0.9225149227768288,0.007713355612515277,0.41488408930873194,1.019429928475011,0.008900975986509541,24.412028725314183,0.2541150962717607,-0.49774324824269334,5.234548897945941,0.17648973324749856,-0.1965391499458716,-0.09532703970834787,-0.49830007390983,-0.49100130890052357,-0.3057381205696486,0.029415305747137705,-0.04557559458312552,Aerospace & Defense,Industrials,KAMN
2008Q3,2008,Q3,2008-10-30,2008-09-26,13530000.0,335133000.0,24448000.0,0.53,88873000.0,0.2651872540155699,765417000.0,415655000.0,518714000.0,191363000.0,349762000.0,247097000.0,0.0,756939400.0,843163400.0,16.451810805462102,2.710628491401159,0.13202999149483222,0.2431295184708472,0.030296485263332295,16.451810805462102,0.032551033910334294,2.2586238896199418,13.986315594974132,1.8210761328505611,0.2624538063562454,0.9966126662808533,0.004691260621391884,0.4378436852068872,1.1787910933670562,0.017676639008540444,-271.88915229885055,0.2651872540155699,1.12,9.71046902830002,0.4112661665693827,0.28504419877766224,0.030148831602373888,1.1097770154373927,0.6755534233431567,4.398172067118445,0.09318669738584683,0.3379300074908772,Aerospace & Defense,Industrials,KAMN
2008Q2,2008,Q2,2008-07-31,2008-06-27,6413000.0,316285000.0,14591000.0,0.25,86272000.0,0.27276665033118863,757799000.0,409506000.0,513663000.0,199640000.0,348293000.0,239353000.0,270604000.0,577055840.0,660781840.0,16.229629042485733,2.572946303346023,0.1283928851845938,0.23759358837233155,0.012698859119038123,16.229629042485733,0.015660332205144737,1.8244805792244336,22.49554966474349,1.4091511235488614,0.5526274754405115,0.9609781368940435,0.006141520030366558,0.41737320846293013,1.1277649769585254,0.008462666221517843,-2899.7780904522615,0.27276665033118863,-0.28571428571428564,0.694409190012663,0.26870367385721333,0.16173296113051097,0.12639866302829314,-0.27683806946323863,0.05862294130450555,1.1032614939455436,0.05428209860102238,0.2888683441968464,Aerospace & Defense,Industrials,KAMN
2008Q1,2008,Q1,2008-05-01,2008-03-28,8868000.0,285781000.0,13783000.0,0.35,76591000.0,0.2680059206175358,629980000.0,403866000.0,484521000.0,167373000.0,226114000.0,227437000.0,267741000.0,716576450.0,702615450.0,16.090919956970396,2.894857593518668,0.02283882028000889,0.035625677823832656,0.02141999960092105,16.090919956970396,0.021957778074906033,2.5074320896070765,20.201185442038792,1.7742925871452415,0.3969327920613442,0.919771189384313,0.004912246278816447,0.45363503603288996,1.2495743040992275,0.01407663735356678,-15.688935718351798,0.2680059206175358,-0.6303226879574185,-0.43012767362481863,0.18736273769068315,0.19299641013298313,0.024724723385467537,-0.6312375249500998,-0.1359704112337011,0.7105084608838479,-0.01501012550348617,0.2756472740493933,Aerospace & Defense,Industrials,KAMN
2007Q4,2007,Q4,2008-02-28,2007-12-31,24048000.0,272263000.0,15952000.0,0.9467716535433071,74743000.0,0.27452499972453104,634863000.0,394526000.0,491629000.0,182631000.0,240337000.0,210341000.0,262417000.0,934974000.0,873950000.0,15.53251968503937,2.6919252481780203,0.02027839077092223,0.03263156293881772,0.025281138424010828,15.53251968503937,0.060954157647404736,3.4340839555870613,9.71987275449102,2.3698666247598386,0.14317198935462408,0.939046595765923,0.0036824553410041345,0.4288531541450675,1.272144378555667,0.03787903846971709,37.2306773384303,0.27452499972453104,1.014407773496398,2.64435997847159,0.05315381671712742,0.1984453517808984,-0.022417829629726514,1.0489051716793047,-0.062088428974600186,34.20100106962898,-0.05002270254273269,0.2416942312173677,Aerospace & Defense,Industrials,KAMN
2007Q3,2007,Q3,2007-11-01,2007-09-28,11737000.0,274856000.0,17008000.0,0.47,76457000.0,0.27817111505661146,682916000.0,332060000.0,559695000.0,196769000.0,350856000.0,203206000.0,241890000.0,844577280.0,930033280.0,13.58785497994926,2.844426713557522,0.14634303486812433,0.3009697042703126,0.024345598924394547,13.58785497994926,0.03534602180328856,3.072799138457956,17.989632785209167,2.543447810636632,0.2601175768935844,0.9763442024349674,0.0036148261056702827,0.4024740963749568,0.9878334493746475,0.01718659395884706,95.96378593341666,0.27817111505661146,0.17499999999999988,0.9211064735248384,0.14585284987397734,0.0498975978516746,-0.13293414531804626,0.1668157868575405,0.018016400311246784,1.9176923155661483,0.038545243834676605,0.0815797920043846,Aerospace & Defense,Industrials,KAMN
2007Q2,2007,Q2,2007-08-02,2007-06-29,10059000.0,319953000.0,16707000.0,0.4,88179000.0,0.27559985372851636,678505000.0,318534000.0,520618000.0,191637000.0,359971000.0,241563000.0,233595000.0,757449150.0,852647150.0,13.116491661519456,2.7166883221924785,0.1593208598315414,0.33936722610459163,0.02524745136101046,13.116491661519456,0.03157904650680932,2.3673763021443777,18.82516030420519,2.3779224509785455,0.30201809324982604,0.9594764098806523,0.004010830297981059,0.4715558470460792,1.2087540506269665,0.014825240786729648,-64.30504711775193,0.27559985372851636,-0.02439024390243891,1.184091689885014,0.40854905615232323,0.0300882695547515,-0.010658708164570454,-0.001588089330024814,-0.018966529653552555,6.118019676472607,0.20922882723230854,-0.005093118210167098,Aerospace & Defense,Industrials,KAMN
2007Q1,2007,Q1,2007-05-03,2007-03-30,10075000.0,317318000.0,17030000.0,0.41,89129000.0,0.2808822695214265,647165000.0,306849000.0,491964000.0,188063000.0,340316000.0,231823000.0,226589000.0,562703400.0,643665400.0,12.71122618061309,2.6159531646310015,0.1404464085665943,0.2962108398593445,0.02688726874979075,12.71122618061309,0.03283373907035708,1.7733106851801663,13.9628635235732,1.8338120704320364,0.2995533498759305,0.9843242473783879,0.005363393930088214,0.49032008838549673,1.1327799726687333,0.015567899994591796,-53.23085800775707,0.2808822695214265,0.06730968678697355,0.7389878747079658,0.30965694807351035,-0.16085662186887723,0.03266133704089908,0.04490769549885916,0.012184249628528975,6.316024172717969,0.2117723286338258,-0.05082179724717848,Aerospace & Defense,Industrials,KAMN
