Year,Date,FillingDate,NetIncome,Revenue,OperatingIncome,EPSDiluted,GrossProfit,GrossProfitRatio,TotalAssets,CommonStockEquity,CurrentAssets,CurrentLiability,TotalLiability,Inventory,RetainedEarnings,EnterpriseValue,bookValuePerShare,currentRatio,debtToAssets,debtToEquity,roic,shareholdersEquityPerShare,roe,priceToSalesRatio,peRatio,pbRatio,payoutRatio,inventoryTurnover,dividendYield,assetTurnover,quickRatio,returnOnAssets,priceToFreeCashFlowsRatio,grossProfitMargin,epsdilutedGrowth,fiveYNetIncomeGrowthPerShare,fiveYRevenueGrowthPerShare,fiveYShareholdersEquityGrowthPerShare,grossProfitGrowth,netIncomeGrowth,operatingIncomeGrowth,threeYNetIncomeGrowthPerShare,threeYRevenueGrowthPerShare,threeYShareholdersEquityGrowthPerShare,Industry,Sector,Price,MarketCap,AvgVolume,Symbol
2022,2022-12-31,2023-01-27,-5053000000.0,66608000000.0,-3537000000.0,-8.49,3502000000.0,0.0525762671,137100000000.0,-15883000000.0,109523000000.0,90052000000.0,152948000000.0,78151000000.0,29473000000.0,155709501000.0,-26.69860480753068,1.2162195176120463,0.4157622173595915,-3.588805641251653,-0.08554887820512821,-26.69860480753068,0.31813889063778883,1.7013346895267836,-22.426776370472986,-7.134829755084052,0.0,0.8074880679709793,0.0,0.4858351568198395,0.316761426731222,-0.03685630926331145,49.48580829694323,0.052576267115061255,-0.16301369863013704,-1.6245488611565184,-0.27741527734645177,-46.32901067147751,0.16075571760026516,-0.17785547785547787,-0.043670699321333724,-6.58380760462622,-0.16952748156778608,-0.7594282752803105,Aerospace & Defense,Industrials,212.87,128061311374,5349080,BA
2021,2021-12-31,2022-01-31,-4290000000.0,62286000000.0,-3389000000.0,-7.3,3017000000.0,0.0484378512,138552000000.0,-14999000000.0,108666000000.0,81992000000.0,153398000000.0,78823000000.0,34408000000.0,168364215446.56,-25.521858625381228,1.325324421894819,0.41935157919048444,-3.873724914994333,-0.06632905334949832,-25.521858625381228,0.2860190679378625,1.8995314428051246,-27.579071199664337,-7.888140239119941,0.0,0.7519251994976086,0.0,0.4495496275766499,0.33688652551468434,-0.03096310410531786,-26.91406174853503,0.04843785120251742,0.6522153406383991,-1.9480179505654829,-0.28756634885714305,-20.858763933203388,1.5306948109058927,0.6407336069005946,0.7345500117490404,-1.4044176296703619,-0.3926657276502218,-44.62817823357704,Aerospace & Defense,Industrials,212.87,128061311374,5349080,BA
2020,2020-12-31,2021-02-01,-11941000000.0,58158000000.0,-12767000000.0,-20.99,-5685000000.0,-0.0977509543,152136000000.0,-18316000000.0,121642000000.0,87280000000.0,170211000000.0,81715000000.0,38610000000.0,177551995168.08002,-32.21073697751172,1.393698441796517,0.4179352684440238,-3.4714457305088446,-0.23025221255206937,-32.21073697751172,0.6519436558200481,2.092936400290244,-10.193534475176282,-6.645610131474121,-0.0969768026128465,0.781288625099431,0.009513560075654662,0.3822763842877425,0.408352428964253,-0.07848898354104222,-6.174656073052301,-0.0977509542969153,-17.741071428571423,-3.792498086621118,-0.26756470377085184,-4.49969719292392,-2.27295118674429,-17.7751572327044,-4.740557553956834,-2.544087177469047,-0.3399363138849764,-55.68753332675833,Aerospace & Defense,Industrials,212.87,128061311374,5349080,BA
2019,2019-12-31,2020-01-31,-636000000.0,76559000000.0,-2224000000.0,-1.12,4466000000.0,0.0583340953,133625000000.0,-8617000000.0,102229000000.0,97312000000.0,141925000000.0,76622000000.0,50644000000.0,202802142903.68,-15.174591191151046,1.050528197961197,0.2043180542563143,-3.168388070094,-0.033104900197595294,-15.174591191151046,0.0738075896483695,2.416242935561854,-290.85714293031447,-21.467464651697806,-7.279874213836478,0.9408916499177782,0.025029037074673598,0.5729391955098223,0.23122533706017756,-0.004759588400374181,-41.97529904780576,0.05833409527292676,-1.0627450980392157,-1.1499330654635664,0.08295431651018427,-2.276748827585159,-0.7725721851606661,-1.0608030592734226,-1.185534328856261,-1.1454545454833258,-0.09372260243218022,-12.807471731241712,Aerospace & Defense,Industrials,212.87,128061311374,5349080,BA
2018,2018-12-31,2019-02-08,10460000000.0,101127000000.0,11987000000.0,17.85,19637000000.0,0.19418157366479774,117359000000.0,339000000.0,87830000000.0,81590000000.0,116949000000.0,62567000000.0,55941000000.0,193000196662.5,0.5849856596977763,1.0764799607795073,0.11798839458413926,40.84660766961652,0.7533985006348342,0.5849856596977763,30.855457227138643,1.8480642821650004,17.867036009799236,551.2955653761062,0.3772466539196941,1.3024437802675533,0.02111411505035261,0.8616893463645736,0.281014830248805,0.08912823047231146,13.811927918298721,0.19418157366479774,0.32911392405063306,1.9933664992549787,0.5317978394863438,-0.9700973089943956,0.13338335449613298,0.27607661339514455,0.16627748589219693,1.4002659564317632,0.24969036258226399,-0.93644129680813,Aerospace & Defense,Industrials,212.87,128061311374,5349080,BA
2017,2017-12-31,2018-02-12,8197000000.0,93392000000.0,10278000000.0,13.43,17326000000.0,0.18551910227856777,92333000000.0,355000000.0,65161000000.0,56269000000.0,91921000000.0,44344000000.0,45320000000.0,179966328607.08002,0.5889959743668156,1.158026622118751,0.12040115668287611,31.31549295774648,0.7222622665719182,0.5889959743668156,23.090140845070422,1.9032500493305637,21.684558815064047,500.69951720304226,0.41685982676588995,1.7153617174815081,0.01922380945450924,1.0114693554850378,0.3699550374095861,0.08877649377795588,15.491400436384872,0.18551910227856777,0.7647831800262811,1.64077669867195,0.4362816178323721,-0.9239754923846514,0.2572382265437922,0.6745658835546476,0.7617415152553993,0.8206157960834951,0.24464823346460404,-0.9504434807994212,Aerospace & Defense,Industrials,212.87,128061311374,5349080,BA
2016,2016-12-31,2017-02-08,4895000000.0,94571000000.0,5834000000.0,7.61,13781000000.0,0.14572120417464127,89997000000.0,817000000.0,62488000000.0,50134000000.0,89120000000.0,43199000000.0,40714000000.0,100038000044.48001,1.2851685387482388,1.2464195954841026,0.110581463826572,12.181150550795593,0.470234599682372,1.2851685387482388,5.9914320685434515,1.0464941688729104,20.218181827268644,121.1358629675398,0.563023493360572,1.870182180143059,0.027847385000821966,1.0508239163527673,0.3847488730203056,0.05439070191228596,12.549835156540706,0.14572120417464127,0.022849462365591388,0.4285714270582937,0.61338955164746,-0.727443889530332,-0.017467560245258806,-0.05428902627511592,-0.2161762730081956,0.2769485890444112,0.30582451395864085,-0.9343060858548791,Aerospace & Defense,Industrials,212.87,128061311374,5349080,BA
2015,2015-12-31,2016-02-10,5176000000.0,96114000000.0,7443000000.0,7.44,14026000000.0,0.1459308737540837,94408000000.0,6335000000.0,68234000000.0,50412000000.0,88011000000.0,47257000000.0,38756000000.0,98085989312.48,9.203863992187383,1.3535269380306276,0.10554190322853996,1.5728492501973166,0.3273355303279701,9.203863992187383,0.8170481452249408,1.035447378243336,19.227393607511594,15.709706284527229,0.4810664605873261,1.7370548278561906,0.025019847744698336,1.0180705024997883,0.4161112433547568,0.05482586221506652,14.396208493053667,0.1459308737540837,0.008130081300813075,0.6925116428086755,0.6162433378272125,1.4766579788087741,0.0011420413990007139,-0.04957767168564084,-0.004014452027298274,0.46019417471194163,0.2943632616376317,0.187986435589644,Aerospace & Defense,Industrials,212.87,128061311374,5349080,BA
2014,2014-12-31,2015-02-12,5446000000.0,90762000000.0,7473000000.0,7.38,14010000000.0,0.15435975408210484,99198000000.0,8665000000.0,67785000000.0,56717000000.0,90408000000.0,46756000000.0,36180000000.0,92001858039.37999,11.88533787013711,1.1951443129925772,0.0914332950261094,1.0467397576457012,0.31864048278193396,11.88533787013711,0.6285054818234276,1.0440697432778034,17.400267726658097,10.936163651399884,0.38835842820418653,1.6415433313371546,0.022319106481861868,0.9149579628621545,0.3704533032424141,0.05490030040928245,14.31015675617336,0.15435975408210484,0.23825503355704697,3.0161290342977307,0.2860801650442029,2.939678653215255,0.04904530138524897,0.18778625954198475,0.13882962511429442,0.3858998144990495,0.350175590824584,1.5206199528177322,Aerospace & Defense,Industrials,212.87,128061311374,5349080,BA
2013,2013-12-31,2014-02-14,4585000000.0,86623000000.0,6562000000.0,5.96,13355000000.0,0.15417383373930713,92663000000.0,14875000000.0,65074000000.0,51486000000.0,77666000000.0,42912000000.0,32964000000.0,104246197284.58,19.562977110927495,1.2639164044594646,0.10397893441826835,0.6477310924369748,0.19580877416639983,19.562977110927495,0.30823529411764705,1.1980905450582409,22.63515753207852,6.9769544392994955,0.31995637949836425,1.7074011931394482,0.01413537233151227,0.9348175647237841,0.43017519325641923,0.04948037512275666,17.46880950758795,0.15417383373930713,0.16634050880626214,0.6307178153457758,0.3515361947325311,11.924426012640037,0.023058066493028957,0.17564102564102563,0.03977182696878466,0.3571602669132476,0.3185837391882968,4.264180717159557,Aerospace & Defense,Industrials,212.87,128061311374,5349080,BA
2012,2012-12-31,2013-02-11,3900000000.0,81698000000.0,6311000000.0,5.11,13054000000.0,0.1597835932336165,88896000000.0,5867000000.0,57309000000.0,44982000000.0,82929000000.0,37751000000.0,30037000000.0,57053737834.08,7.747448722021095,1.2740429505135387,0.11709188264938805,1.7741605590591443,0.2532861040801941,7.747448722021095,0.664734958241009,0.69853286291072,14.633009701046154,9.727073092565195,0.33897435897435896,1.8183359381208444,0.023165047102382826,0.9190289776817855,0.4341736694677871,0.04387149028077754,9.842831637474992,0.1597835932336165,-0.043071161048689056,-0.04015832055585079,0.23391261294178034,-0.34666394773093984,0.014454460677649985,-0.02936784469885515,0.0799110198494182,1.7688172054188183,0.11448714906755333,1.5680766235275903,Aerospace & Defense,Industrials,212.87,128061311374,5349080,BA
2011,2011-12-31,2012-02-09,4018000000.0,68735000000.0,5844000000.0,5.34,12868000000.0,0.18721175529206371,79986000000.0,3515000000.0,49810000000.0,41274000000.0,76378000000.0,32240000000.0,27524000000.0,57001090875.74999,4.715243905314173,1.206813005766342,0.15466456629910233,3.5194879089615934,0.27360113252688434,4.715243905314173,1.1431009957325746,0.7955057958209063,13.608534314522148,15.55592912539118,0.3096067695370831,1.7328473945409428,0.022750926909644545,0.8593378841297227,0.4134564132383583,0.05023379091340985,23.67060211071428,0.18721175529206371,0.19999999999999993,0.876158014688017,0.15537837056572085,-0.23286493965030022,0.03249618871860708,0.21499848805563956,0.1756185878092939,0.4576399709486852,0.09388900701754271,3.63310297216385,Aerospace & Defense,Industrials,212.87,128061311374,5349080,BA
2010,2010-12-31,2011-02-09,3307000000.0,64306000000.0,4971000000.0,4.45,12463000000.0,0.19380773178241534,68565000000.0,2766000000.0,40572000000.0,35395000000.0,65703000000.0,24317000000.0,24784000000.0,55635018000.0,3.716243450221685,1.1462635965531855,0.1811565667614672,4.490600144613159,0.24046030458038475,3.716243450221685,1.195589298626175,0.7553419276583834,14.687940127003328,17.56074403470716,0.3788932567281524,2.131965291771189,0.025796214680339605,0.9378837599358273,0.45031784150303716,0.04823160504630643,26.615352328767123,0.19380773178241534,1.4184782608695654,0.36212482884437003,0.24213309755350143,-0.7350340934533142,0.06149391022911166,1.5205792682926829,1.3716603053435115,-0.17190807228703492,-0.01182506564251053,-0.6866122110447218,Aerospace & Defense,Industrials,212.87,128061311374,5349080,BA
2009,2009-12-31,2010-02-08,1312000000.0,68281000000.0,2096000000.0,1.84,11741000000.0,0.1719512016519969,62053000000.0,2128000000.0,35275000000.0,32883000000.0,59828000000.0,16933000000.0,22746000000.0,41891021500.72,3.016829268660589,1.0727427546148465,0.20827357259117207,6.073308270676692,0.10739430862668571,3.016829268660589,0.6165413533834586,0.5591895476152956,29.102150534085368,17.942679276654136,0.9298780487804879,3.339042107128093,0.03195221080625588,1.1003658163183085,0.5172277468600797,0.02114321628285498,8.64433359762735,0.1719512016519969,-0.4986376021798365,-0.19817307682529312,0.4891864194764825,-0.7842830746226214,0.11215307378990244,-0.5089820359281437,-0.46936708860759496,-0.35256884867951,0.21295990444802557,-0.509184349833865,Aerospace & Defense,Industrials,212.87,128061311374,5349080,BA
2008,2008-12-31,2009-02-09,2672000000.0,60909000000.0,3950000000.0,3.67,10557000000.0,0.17332413928976012,53779000000.0,-1294000000.0,25964000000.0,30925000000.0,55073000000.0,15612000000.0,22675000000.0,35077342000.0,-1.7907556047605868,0.8395796281325788,0.13968277580468214,-5.805255023183926,0.4220175508868234,-1.7907556047605868,-2.064914992272025,0.5062198033131393,11.539424401197605,-23.827930448222567,0.44610778443113774,3.2252113758647196,0.038659448593019854,1.132579631454657,0.287178658043654,0.04968482121274103,-13.685460275188637,0.17332413928976012,-0.3049242424242425,3.120579738749039,0.33587376815221726,-1.1760392627311642,-0.1869849826723142,-0.34413352970054,-0.32246998284734135,0.1336245173059614,0.21184805166521567,-1.1276797897055542,Aerospace & Defense,Industrials,212.87,128061311374,5349080,BA
TTM,,,,,,,,,,,,,,,,172640311374.0,-25.75224178013949,1.1636295583360068,0.4062502291946284,-3.5717694093371164,-0.06026774469168472,-25.75224178013949,0.2648410391071931,1.815493937650628,-30.262113786591126,-8.266076476657208,0.0,0.8338407449396839,0.0,0.5173417823641151,0.2935621858624746,-0.031067790270412992,25.263624260011834,0.07200374266352888,,,,,,,,,,,Aerospace & Defense,Industrials,212.87,128061311374,5349080,BA
