Quarters,Year,Quarter,FillingDate,Date,NetIncome,Revenue,OperatingIncome,EPSDiluted,GrossProfit,GrossProfitRatio,TotalAssets,CommonStockEquity,CurrentAssets,CurrentLiability,TotalLiability,Inventory,RetainedEarnings,MarketCap,EnterpriseValue,bookValuePerShare,currentRatio,debtToAssets,debtToEquity,roic,shareholdersEquityPerShare,roe,priceToSalesRatio,peRatio,pbRatio,payoutRatio,inventoryTurnover,dividendYield,assetTurnover,quickRatio,returnOnAssets,priceToFreeCashFlowsRatio,grossProfitMargin,epsdilutedGrowth,fiveYNetIncomeGrowthPerShare,fiveYRevenueGrowthPerShare,fiveYShareholdersEquityGrowthPerShare,grossProfitGrowth,netIncomeGrowth,operatingIncomeGrowth,threeYNetIncomeGrowthPerShare,threeYRevenueGrowthPerShare,threeYShareholdersEquityGrowthPerShare,Industry,Sector,Symbol
2022Q4,2022,Q4,2022-12-31,2022-12-31,-35200000.0,313700000.0,4200000.0,-0.79,196500000.0,0.6263946446,952200000.0,-187500000.0,431000000.0,328100000.0,1139700000.0,0.0,0.0,184230000.0,779530000.0,-4.213483146067416,1.3136238951539165,0.7408107540432682,-3.7621333333333333,0.025950955782969687,-4.213483146067416,0.18773333333333334,0.5872808415683775,-1.3084517045454545,-0.9825599999999999,0.0,0.0,0.0,0.3294475950430582,0.33556842426089606,-0.03696702373450956,17.886407766990292,0.6263946445648709,-8.250585480093676,0.8765973121530705,-0.38995846908107984,-0.7974718042459491,-0.000508646998982706,-8.263157894736842,-0.6347826086956522,0.4618971206493974,-0.17583906153382098,0.25806935261428626,Packaging & Containers,Consumer Cyclical,TUP
2022Q3,2022,Q3,2022-11-02,2022-09-24,-3800000.0,302800000.0,11500000.0,-0.0854,196600000.0,0.6492734478,1053600000.0,-175400000.0,482900000.0,374800000.0,1229000000.0,249700000.0,1132600000.0,340425000.0,938325000.0,-3.9415730337078654,1.288420490928495,0.6651480637813212,-3.9954389965792476,-0.010513501549358121,-3.9415730337078654,0.021664766248574687,1.1242569352708058,-22.39638157894737,-1.9408494868871151,0.0,0.4253103724469363,0.0,0.2873955960516325,0.5346851654215582,-0.00360668185269552,-15.473863636363637,0.6492734478203435,-1.9163090128755365,-1.137731061189437,-0.36123315384407123,-1.8440659656887666,-0.10919800634345266,-1.8444444444444446,-0.5362903225806451,-1.5337078651685394,-0.2066034414647321,-0.038657758882478084,Packaging & Containers,Consumer Cyclical,TUP
2022Q2,2022,Q2,2022-08-04,2022-06-25,4500000.0,340400000.0,24800000.0,0.0932,220700000.0,0.6483548766,1105900000.0,-159100000.0,515000000.0,387700000.0,1265000000.0,244100000.0,1116600000.0,321230000.0,903030000.0,-3.4967032967032967,1.3283466597884963,0.6335111673749887,-4.403519798868636,0.00965984533860528,-3.4967032967032967,-0.028284098051539912,0.9436839012925969,17.84611111111111,-2.01904462602137,0.0,0.4903727980335928,0.0,0.3078035988787413,0.6136187774052102,0.00406908400397866,-11.809926470588236,0.6483548766157462,0.9137577002053389,1.2825745706835536,-0.33960381127826617,-1.7566678754954927,-0.005855855855855856,0.8,4.767441860465116,-0.8778998786746249,-0.2343654191800205,-0.04283601680355206,Packaging & Containers,Consumer Cyclical,TUP
2022Q1,2022,Q1,2022-05-05,2022-03-26,2500000.0,348100000.0,4300000.0,0.0487,222000000.0,0.6377477736,1243400000.0,-266100000.0,639800000.0,508100000.0,1509500000.0,246200000.0,1125300000.0,900480000.0000001,1464680000.0,-5.54375,1.259200944695926,0.6512787518095544,-3.043216835776024,0.0019290954247240047,-5.54375,-0.009394964299135663,2.5868428612467684,90.048,-3.383990980834273,0.0,0.5121852152721365,0.0,0.2799581791861026,0.7150167289903562,0.002010616052758565,-19.037632135306556,0.6377477736282677,-0.8683783783783783,-0.944592198488045,-0.34086128299987983,-2.044253055752708,-0.0784557907845579,-0.8711340206185567,-0.8916876574307305,-0.9314692976513098,-0.27743128808400025,-0.46284594375,Packaging & Containers,Consumer Cyclical,TUP
2021Q4,2021,Q4,2022-02-23,2021-12-25,19400000.0,394900000.0,39700000.0,0.37,240900000.0,0.6100278552,1255400000.0,-207100000.0,648200000.0,555900000.0,1462500000.0,232200000.0,1139400000.0,744258000.0,1263458000.0,-4.23517382413088,1.1660370570246448,0.6264138919866178,-3.797199420569773,0.03937980564216521,-4.23517382413088,-0.09367455335586673,1.8846746011648519,9.590953608247423,-3.593713182037663,0.0,0.6632213608957795,0.0,0.3145610960649992,0.6931102716315884,0.0154532419945834,7.61,0.6100278551532033,1.2114285714285715,-0.7456871671973285,-0.31942096509632284,-2.0078644160823838,-0.028237192416296894,1.2253193960511033,-0.30472854640980734,0.10202227785855304,-0.23289078184579431,0.13467843165282467,Packaging & Containers,Consumer Cyclical,TUP
2021Q3,2021,Q3,2021-11-04,2021-09-25,-86100000.0,376900000.0,57100000.0,-1.75,247900000.0,0.6577341469885911,1207700000.0,-223300000.0,559300000.0,1020900000.0,1431000000.0,265300000.0,1115800000.0,1052713999.9999999,1668414000.0,-4.520242914979757,0.5478499363306886,0.6123209406309514,-3.311688311688312,0.12446013049252265,-4.520242914979757,0.38557993730407525,2.7930856991244357,-3.056660859465737,-4.714348410210478,0.0,0.4862419901997738,0.0,0.31208081477188043,0.2493877950827701,-0.07129253953796473,-187.98464285714283,0.6577341469885911,-3.6119402985074625,-2.7968195542410568,-0.26439749674515023,-2.1987883892316655,-0.21550632911392406,-3.418539325842697,-0.24769433465085638,-3.206221498441658,-0.22269520787531896,0.04636225202860583,Packaging & Containers,Consumer Cyclical,TUP
2021Q2,2021,Q2,2021-08-05,2021-06-26,35600000.0,464700000.0,75900000.0,0.67,316000000.0,0.680008607703895,1194400000.0,-112800000.0,570600000.0,912200000.0,1307200000.0,282800000.0,1202100000.0,1157850000.0,1751150000.0,-2.2650602409638556,0.6255207191405393,0.5865706630944407,-6.210992907801418,0.05581711262887891,-2.2650602409638556,-0.31560283687943264,2.4916074887023885,8.130969101123595,-10.264627659574467,0.0,0.5258132956152758,0.0,0.389065639651708,0.287546590659943,0.029805760214333555,227.02941176470588,0.680008607703895,-0.21176470588235288,-0.31263516125570984,-0.16742476936255743,-1.6407871319077545,-0.022579647386328488,-0.2141280353200883,-0.045283018867924525,-0.43265123578955317,-0.11749921656367719,0.3464891945216764,Packaging & Containers,Consumer Cyclical,TUP
2021Q1,2021,Q1,2021-05-05,2021-03-31,45300000.0,460300000.0,79500000.0,0.85,323300000.0,0.7023680208559635,1226900000.0,-153300000.0,592400000.0,910000000.0,1380200000.0,262100000.0,1188800000.0,1304654000.0,1897354000.0,-3.103238866396761,0.650989010989011,0.6092591083217866,-4.876060013046314,0.08233845934359237,-3.103238866396761,-0.29549902152641877,2.834355854877254,7.200077262693156,-8.510463144161774,0.0,0.522701259061427,0.0,0.3751732007498574,0.33175824175824176,0.03692232455782867,-62.126380952380956,0.7023680208559635,1.0731707317073171,0.06628377152558816,-0.10552681657539306,-1.9233803618421053,-0.03232565100269381,1.0779816513761469,-0.17445482866043613,0.3100057836899944,-0.12420106519666133,-0.460010905777074,Packaging & Containers,Consumer Cyclical,TUP
2020Q4,2020,Q4,2021-03-10,2020-12-26,21800000.0,489600000.0,96300000.0,0.41,334100000.0,0.6823937908496732,1219900000.0,-204700000.0,546100000.0,909700000.0,1424600000.0,236300000.0,1161600000.0,1713479984.28,2354279984.2799997,-4.225458754362007,0.6003077937781687,0.6393146979260595,-3.8099658036150466,0.03872568668854556,-4.225458754362007,-0.10649731314118221,3.499754869852941,19.64999981972477,-8.370688736101611,0.0,0.6580617858654253,0.0,0.40134437248954835,0.3074639991205892,0.01787031723911796,36.37961750063694,0.6823937908496732,-0.3692307692307693,-0.6120689611570065,-0.14508976543770732,-2.3145167816207306,0.027683789603199015,-0.36627906976744184,0.7351351351351352,1.070202808147891,-0.12541438908089955,-0.802580598443527,Packaging & Containers,Consumer Cyclical,TUP
2020Q3,2020,Q3,2020-10-29,2020-09-26,34400000.0,477200000.0,55500000.0,0.65,325100000.0,0.6812657166806371,1191400000.0,-244000000.0,551600000.0,1207100000.0,1435400000.0,217200000.0,1146600000.0,1113085711.05,1780885711.05,-4.965116293503245,0.45696296909949463,0.6854121201947289,-3.34672131147541,0.0532738499676456,-4.965116293503245,-0.14098360655737704,2.3325350189647946,8.089285690770348,-4.561826684631147,0.0,0.7002762430939227,0.0,0.4005371831458788,0.25325159473117387,0.028873594090985395,18.582399182804675,0.6812657166806371,-0.5,-0.027777770654435503,-0.06291629402635457,-3.0018846411302245,0.2319060250094733,-0.4608150470219436,0.1935483870967742,0.12903225487442718,-0.0884373111613462,-2.0632520679416286,Packaging & Containers,Consumer Cyclical,TUP
2020Q2,2020,Q2,2020-07-29,2020-06-27,63800000.0,397400000.0,46500000.0,1.3,263900000.0,0.6640664318067439,1194300000.0,-282300000.0,513600000.0,1244400000.0,1476600000.0,216100000.0,1115000000.0,210210000.0,946110000.0,-5.761224489795918,0.4127290260366442,0.7166541070082894,-3.0318809776833158,0.05738371128142062,-5.761224489795918,-0.22600070846617074,0.5289632611977856,0.8237068965517241,-0.7446333687566419,0.0,0.6177695511337343,0.0,0.33274721594239304,0.22195435551269688,0.05342041363141589,2.432986111111111,0.6640664318067439,9.125,0.05003291639236346,-0.3114107589036633,-2.6228801379706814,0.0718927701056052,9.179487179487179,67.42857142857143,4.720116649602214,-0.2840903999130809,-2.2466981396609995,Packaging & Containers,Consumer Cyclical,TUP
2020Q1,2020,Q1,2020-04-29,2020-03-28,-7800000.0,375900000.0,-700000.0,-0.16,246200000.0,0.6549614259111466,1295200000.0,-364000000.0,637600000.0,829900000.0,1659200000.0,226000000.0,1054700000.0,86064000.0,956764000.0,-7.443762781186094,0.7682853355826003,0.8069796170475603,-2.8714285714285714,-0.0008951303922999113,-7.443762781186094,0.02142857142857143,0.22895450917797286,-2.7584615384615385,-0.23643956043956044,0.0,0.5738938053097346,0.0,0.29022544780728843,0.4710206048921557,-0.006022235948116121,-1.5591304347826087,0.6549614259111466,0.8911564625850341,-1.2703545804304877,-0.33936777548838276,-3.252954836920731,-0.06636329161926431,0.891213389121339,0.9666666666666667,-1.1696906411948953,-0.30132130081696384,-2.402150535387032,Packaging & Containers,Consumer Cyclical,TUP
2019Q4,2019,Q4,2020-03-12,2019-12-28,-71700000.0,417200000.0,-21000000.0,-1.47,263700000.0,0.6320709491850431,1262400000.0,-277000000.0,538500000.0,688900000.0,1539400000.0,245200000.0,1067300000.0,400934692.20000005,1238334692.2,-5.679079521669789,0.7816809406299898,0.7609315589353612,-3.467870036101083,-0.08093003156147609,-5.679079521669789,0.2588447653429603,0.9610131644295303,-1.397959177824268,-1.4474176613718412,-0.19246861924686193,0.6260195758564437,0.034419570739256666,0.33048162230671735,0.3962839309043403,-0.05679657794676806,7.876909473477408,0.6320709491850431,-10.1875,-1.890909096801772,-0.3725005759567346,-2.524572677591544,-0.046637744034707156,-10.192307692307692,-2.0552763819095476,-1.9423077029300517,-0.2791535356349253,-2.3514775080495642,Packaging & Containers,Consumer Cyclical,TUP
2019Q3,2019,Q3,2019-11-06,2019-09-28,7800000.0,418100000.0,19900000.0,0.16,276600000.0,0.661564219086343,1335900000.0,-185000000.0,587200000.0,703400000.0,1520900000.0,260700000.0,1141200000.0,768300000.0,1625000000.0,-3.7948717948717947,0.8348023883992038,0.7326895725727973,-5.290810810810811,0.01321214679936127,-3.7948717948717947,-0.04216216216216216,1.83759866060751,24.625,-4.152972972972973,1.6923076923076923,0.5427694668200997,0.017180788754392814,0.3129725278838236,0.42564685811771397,0.005838760386256457,548.7857142857143,0.661564219086343,-0.8024691358024691,-0.75,-0.2647516474805417,-1.748134515224359,-0.13751169317118803,-0.8020304568527918,-0.7107558139534884,-0.8350515475409835,-0.1731065392261501,-2.006416763851155,Packaging & Containers,Consumer Cyclical,TUP
2019Q2,2019,Q2,2019-08-01,2019-06-29,39400000.0,475300000.0,68800000.0,0.81,320700000.0,0.6747317483694508,1428500000.0,-163100000.0,659000000.0,769800000.0,1591600000.0,265100000.0,1146900000.0,925656784.25,1786356784.25,-3.3530710872656795,0.8560665107820213,0.7166258312915645,-6.276517473942366,0.04813210048449581,-3.3530710872656795,-0.24156958920907418,1.9475211114033242,5.87345675285533,-5.6753941400981,0.3401015228426396,0.5831761599396454,0.014476207842907082,0.3327266363318166,0.4814237464276435,0.027581379068953447,34.157076909594096,0.6747317483694508,0.06578947368421058,-0.14736841832939693,-0.27391611076428984,-1.5886703177475223,-0.01655933762649494,0.06775067750677506,0.18213058419243985,-0.22115384715731942,-0.1281600397957585,-1.9485861639500992,Packaging & Containers,Consumer Cyclical,TUP
2019Q1,2019,Q1,2019-05-02,2019-03-30,36900000.0,487300000.0,58200000.0,0.76,326100000.0,0.66919761953622,1438800000.0,-184000000.0,655600000.0,796900000.0,1622800000.0,269000000.0,1121800000.0,1241976326.56,2118676326.56,-3.789701864154347,0.8226879156732337,0.7113566861273283,-5.5625,0.0463788284593646,-3.789701864154347,-0.20054347826086957,2.5486893629386413,8.41447375718157,-6.749871339999999,0.9186991869918699,0.5992565055762081,0.0272952062571881,0.33868501529051986,0.4587777638348601,0.025646371976647205,-23.433515595471697,0.66919761953622,1.1714285714285715,-0.26923077108825183,-0.24041517018652,-1.7047568847492003,-0.012715712988192553,1.1329479768786128,-0.3087885985748218,-0.1162790823180823,-0.036532803685178326,-2.1276400010611165,Packaging & Containers,Consumer Cyclical,TUP
2018Q4,2018,Q4,2019-02-26,2018-12-29,17300000.0,505900000.0,84200000.0,0.35,330300000.0,0.6528958292152599,1308800000.0,-235200000.0,620600000.0,759100000.0,1544000000.0,257700000.0,1086800000.0,1498372236.08,2238272236.08,-4.894335214850079,0.8175470952443683,0.6791717603911981,-3.7793367346938775,0.026812645932481522,-4.894335214850079,-0.07355442176870748,2.9617952877643803,21.652777978034685,-6.370630255442177,1.9479768786127167,0.6814124951493985,0.022491073438576925,0.3865372860635697,0.45264128573310497,0.013218215158924206,15.258373076171079,0.6528958292152599,-0.5569620253164558,-0.7977528125728354,-0.2602009188332895,-1.975253053461548,0.02673298103823438,-0.5575447570332481,0.25297619047619047,-0.6896551746430466,-0.1094790190979297,-2.5226005384991956,Packaging & Containers,Consumer Cyclical,TUP
2018Q3,2018,Q3,2018-11-02,2018-09-29,39100000.0,485800000.0,67200000.0,0.79,321700000.0,0.6622066694112804,1364600000.0,-234600000.0,629100000.0,782600000.0,1599200000.0,279600000.0,1079200000.0,1655563294.95,2474063294.95,-4.739999989089514,0.8038589317659085,0.6859885680785578,-3.9901960784313726,0.06559673853750969,-4.739999989089514,-0.16666666666666666,3.4079112699670646,10.585443062340154,-7.056962041560102,0.8670076726342711,0.5869098712446352,0.02047641434393109,0.35600175875714496,0.4108101201124457,0.028653085153158436,47.573657900862074,0.6622066694112804,-0.37301587301587297,-0.18556701169429318,-0.1629038931591729,-1.8961456696020897,-0.11108040895274938,-0.3871473354231975,-0.323943661971831,0.09722222454624782,-0.05279017078207201,-2.9111200254325986,Packaging & Containers,Consumer Cyclical,TUP
2018Q2,2018,Q2,2018-07-31,2018-06-30,63800000.0,535400000.0,99400000.0,1.26,361900000.0,0.6759432200224131,1338100000.0,-175500000.0,631100000.0,695300000.0,1513600000.0,281600000.0,1073600000.0,2088184142.0400002,2851984142.04,-3.465987435825169,0.9076657557888681,0.6440475300799642,-4.91054131054131,0.10429400432653389,-3.465987435825169,-0.36353276353276354,3.9002318678371313,8.18253974153605,-11.89848513982906,0.5454545454545454,0.6161221590909091,0.016665196952411962,0.4001195725282116,0.4669926650366748,0.0476795456243928,-102.36196774705883,0.6759432200224131,0.8000000000000002,-0.136986307139787,-0.19728930227317312,-1.5392481484869922,-0.004675467546754675,0.7871148459383753,0.4405797101449275,0.016129024931742366,-0.10224738229864298,-1.9763344889648364,Packaging & Containers,Consumer Cyclical,TUP
2018Q1,2018,Q1,2018-05-01,2018-03-31,35700000.0,542600000.0,69000000.0,0.7,363600000.0,0.6701068927386656,1444800000.0,-108400000.0,701700000.0,729700000.0,1553200000.0,286700000.0,1044800000.0,2467380000.0,3148880000.0,-2.1254901960784314,0.9616280663286282,0.5809108527131783,-7.742619926199262,0.05770939187378293,-2.1254901960784314,-0.32933579335793356,4.547327681533358,17.278571428571432,-22.76180811808118,0.9915966386554622,0.6243460062783397,0.014347202295552365,0.3755537098560354,0.5317253665890092,0.024709302325581394,-44.06035714285714,0.6701068927386656,1.109204368174727,-0.35779817010309284,-0.14304488042735572,-1.2592859850286928,-0.06046511627906977,1.1093415007656968,-0.20598388952819333,0.18644067796610167,-0.08566382895543916,-1.6433081707259176,Packaging & Containers,Consumer Cyclical,TUP
2017Q4,2017,Q4,2018-02-27,2017-12-30,-326500000.0,588600000.0,86900000.0,-6.41,387000000.0,0.6574923547400612,1388000000.0,-119400000.0,630500000.0,658800000.0,1507400000.0,262200000.0,1043100000.0,3193689519.9,3787689519.9,-2.3441164062292477,0.9570431086824529,0.5317723342939481,-6.181742043551089,-0.5869114719427818,-2.3441164062292477,2.734505862646566,5.425908120795107,-2.4453977947166923,-26.74781842462312,-0.10903522205206738,0.7688787185354691,0.011146982127778876,0.4240634005763689,0.5268670309653917,-0.23523054755043227,27.413643947639486,0.6574923547400612,-11.508196721311476,-5.678832153574789,-0.1161853218112141,-1.266065588494595,0.08464125560538116,-11.398089171974522,0.27794117647058825,-4.8848485279618385,-0.15225359586998416,-1.6292878647665798,Packaging & Containers,Consumer Cyclical,TUP
2017Q3,2017,Q3,2017-10-31,2017-09-30,31400000.0,539500000.0,68000000.0,0.61,356800000.0,0.6613531047265987,1708500000.0,236500000.0,623600000.0,635100000.0,1472000000.0,291100000.0,1407900000.0,3130883853.02,3810383853.02,4.669745249699177,0.9818926153361676,0.46731050629206905,3.375898520084567,0.03658146297069166,4.669745249699177,0.13276955602536997,5.803306493086191,24.927419211942674,13.238409526511628,1.1019108280254777,0.6276193747852972,0.0110511924505361,0.3157740708223588,0.4752007557864903,0.018378694761486684,67.76804876666667,0.6613531047265987,2.742857142857143,-0.23859649121421383,0.045421635210036344,-0.4645138496641041,-0.08583141173456316,2.774011299435028,43.5,-0.03124999444665596,-0.0867661399958378,-0.07938982198923707,Packaging & Containers,Consumer Cyclical,TUP
2017Q2,2017,Q2,2017-08-01,2017-07-01,-17700000.0,572900000.0,-1600000.0,-0.35,390300000.0,0.6812707278757201,1660700000.0,233700000.0,609500000.0,595600000.0,1427000000.0,288100000.0,1411600000.0,3551631458.67,4245131458.67,4.621186401515369,1.0233378106111484,0.46877822604925634,3.331193838254172,-0.0022030441215594937,4.621186401515369,-0.07573812580231065,6.199391619252924,-50.164286139406784,15.197396057637999,-1.9548022598870056,0.6338077056577577,0.009742001782177271,0.34497501053772506,0.4916051040967092,-0.010658156199193112,227.66868324807692,0.6812707278757201,-1.3763440860215053,-2.5217391091511496,-0.02092358047109466,-0.44612577291869515,0.035003977724741446,-1.3734177215189873,-1.0211081794195251,-1.3684210483483759,-0.15820995991640247,-0.1886974070779566,Packaging & Containers,Consumer Cyclical,TUP
2017Q1,2017,Q1,2017-05-02,2017-04-01,47400000.0,554800000.0,75800000.0,0.93,377100000.0,0.6797043979812545,1677600000.0,267700000.0,602700000.0,585100000.0,1409900000.0,268100000.0,1467000000.0,3162689367.04,3846989367.04,5.308818556440812,1.0300803281490343,0.4665593705293276,2.9237952932387,0.05327921361510701,5.308818556440812,0.17706387747478522,5.700593668060562,16.680851091983122,11.814304695704147,0.7320675105485233,0.6628123834390153,0.01097167504391244,0.3307105388650453,0.523500256366433,0.028254649499284693,-94.12765973333333,0.6797043979812545,-0.39999999999999997,-0.09615385264040159,-0.035547978181707254,-0.446325366472849,-0.06704601682335477,-0.4,-0.27464114832535885,-0.09615384213850546,-0.16731908183575858,-0.012738584286800157,Packaging & Containers,Consumer Cyclical,TUP
2016Q4,2016,Q4,2017-02-28,2016-12-31,79000000.0,600900000.0,104500000.0,1.55,404200000.0,0.672657680146447,1587800000.0,212800000.0,545300000.0,547600000.0,1375000000.0,240400000.0,1455300000.0,2664730788.12,3283430788.12,4.202126552491255,0.995799853907962,0.4483562161481295,3.3453947368421053,0.09452340191274924,4.202126552491255,0.37124060150375937,4.4345661310034945,8.432692367468354,12.522231147180449,0.44050632911392407,0.8182196339434277,0.013059480588112928,0.3784481672754755,0.5175310445580716,0.04975437712558257,21.68210568039056,0.672657680146447,0.6145833333333335,0.0063291012669881444,-0.016161111305329885,-0.5296295606538006,0.14374646293152235,0.6188524590163934,0.14835164835164835,-0.1235955192559658,-0.16614138014798727,-0.16267755038219703,Packaging & Containers,Consumer Cyclical,TUP
2016Q3,2016,Q3,2016-10-25,2016-09-24,48800000.0,521800000.0,91000000.0,0.96,353400000.0,0.677270985051744,1655200000.0,189700000.0,606200000.0,633000000.0,1465500000.0,275000000.0,1411600000.0,3235389668.1800003,3943689668.1800003,3.7706762557793017,0.9576619273301737,0.4874335427742871,4.253031101739589,0.05619668840943302,3.7706762557793017,0.25724828676858197,6.2004401459946346,16.574742152561477,17.055296089509753,0.7090163934426229,0.6123636363636363,0.010694229613295234,0.3152489125181247,0.47756714060031596,0.029482841952634124,67.9703711802521,0.677270985051744,-0.06796116504854374,4.388888895640775,0.004022982728063794,-0.5982536736738499,-0.07195378151260504,-0.06870229007633588,0.1165644171779141,7.568415543735863e-09,-0.11544779627964238,-0.28711493547131534,Packaging & Containers,Consumer Cyclical,TUP
2016Q2,2016,Q2,2016-07-29,2016-06-25,52400000.0,564700000.0,81500000.0,1.03,380800000.0,0.6743403577120595,1630800000.0,178100000.0,585400000.0,620500000.0,1452700000.0,270000000.0,1397400000.0,2677942287.25,3433142287.25,3.53480918728862,0.9434327155519742,0.5115280843757665,4.683885457608086,0.06009558217401742,3.53480918728862,0.29421673217293653,4.742238865326722,12.776442210162214,15.03617230348119,0.6564885496183206,0.6811111111111111,0.012845683853525323,0.3462717684571989,0.4565672844480258,0.03213146921756193,114.44197808760684,0.6743403577120595,0.1976744186046512,-0.009523801962922589,0.037293257793777554,-0.7323422452224054,0.05865999443981095,0.2073732718894009,0.16428571428571428,-0.28767122706565235,-0.14915458261438197,-0.45004436836730993,Packaging & Containers,Consumer Cyclical,TUP
2016Q1,2016,Q1,2016-05-02,2016-03-26,43400000.0,525700000.0,70000000.0,0.86,359700000.0,0.6842305497431995,1657300000.0,169600000.0,622900000.0,676700000.0,1487700000.0,274400000.0,1380800000.0,2795262775.2400002,3539562775.2400002,3.360737345773663,0.9204965272646668,0.5085983225728594,4.969929245283019,0.05155487675533495,3.360737345773663,0.25589622641509435,5.317220420848393,16.10174409700461,16.4815022125,0.8064516129032258,0.6049562682215743,0.012521184165590627,0.3172026790562964,0.46505098271021134,0.02618717190611235,-165.40016421538462,0.6842305497431995,-0.2521739130434782,-0.044444439160266205,0.014864870477020837,-0.7490174470754432,-0.10276877026689947,-0.25301204819277107,-0.2497320471596999,-0.21100917604928823,-0.16093585050529444,-0.5900277052656497,Packaging & Containers,Consumer Cyclical,TUP
2015Q4,2015,Q4,2016-03-04,2015-12-26,58100000.0,592100000.0,93300000.0,1.15,400900000.0,0.677081574058436,1598200000.0,161000000.0,550500000.0,614000000.0,1437200000.0,254600000.0,1371200000.0,2799318109.23,3490218109.23,3.2144578246861455,0.8965798045602605,0.48223000875985483,4.78695652173913,0.07041197538614534,3.2144578246861455,0.36086956521739133,4.7277792758486745,12.045258645567985,17.38706900142857,0.5920826161790017,0.7509819324430479,0.012288706984238494,0.3704792892003504,0.4364820846905538,0.036353397572268804,20.76645481624629,0.677081574058436,0.5972222222222222,-0.10879801918889569,0.11899283709443223,-0.7476622117871093,0.1503586800573888,0.6049723756906077,0.5121555915721232,-0.1532846739635747,-0.09584472262311511,-0.6351475504614791,Packaging & Containers,Consumer Cyclical,TUP
2015Q3,2015,Q3,2015-11-03,2015-09-26,36200000.0,521000000.0,61700000.0,0.72,348500000.0,0.6689059500959693,1663300000.0,124700000.0,728300000.0,708700000.0,1538600000.0,285700000.0,1364100000.0,2516905566.6800003,3318905566.6800003,2.4802209835128353,1.0276562720474107,0.5381470570552516,7.1780272654370485,0.043284081897791316,2.4802209835128353,0.29029671210906177,4.830912795930903,17.381944521270718,20.183685378348038,0.93646408839779,0.6037801890094505,0.013468920109194567,0.31323273011483194,0.43869056018061237,0.021763963205675464,75.13150945313434,0.6689059500959693,-0.41463414634146345,0.1249999950276243,0.2347721731880919,-0.7896527316815695,-0.12831415707853927,-0.4161290322580645,-0.37676767676767675,-0.11578948264495491,0.016950087475925312,-0.7155896273936668,Packaging & Containers,Consumer Cyclical,TUP
2015Q2,2015,Q2,2015-08-04,2015-06-27,62000000.0,588900000.0,99000000.0,1.23,399800000.0,0.6788928510782816,1694200000.0,177500000.0,725300000.0,686700000.0,1516700000.0,299100000.0,1368300000.0,3368000000.0,4167200000.0,3.55,1.0562108635503131,0.5154645260299846,4.92,0.06760721989595228,3.55,0.3492957746478873,5.719137374766514,13.580645161290322,18.974647887323943,0.5483870967741935,0.632230023403544,0.010095011876484561,0.34759768622358633,0.4243483326052133,0.03659544327706292,153.0909090909091,0.6788928510782816,1.0847457627118644,0.34782609533678766,0.3117074396991684,-0.67331703516596,0.02460276781137878,1.1016949152542372,0.6176470588235294,4.391304318110236,0.017922102360306887,-0.5745132666594313,Packaging & Containers,Consumer Cyclical,TUP
2015Q1,2015,Q1,2015-05-05,2015-03-28,29500000.0,581800000.0,61200000.0,0.59,390200000.0,0.6706772086627707,1733200000.0,165200000.0,753800000.0,739700000.0,1568000000.0,300700000.0,1340900000.0,3512500000.0,4307000000.0,3.304,1.0190617818034338,0.5068082160166166,5.317191283292979,0.04198964004361304,3.304,0.17857142857142858,6.037298040563767,29.766949152542374,21.26210653753027,1.2101694915254237,0.6371799135350849,0.010163701067615659,0.3356796676667436,0.4194943896174125,0.017020540041541656,-136.67315175097275,0.6706772086627707,-0.638036809815951,-0.21333333333333337,0.31168695027822646,-0.6859524746481005,-0.1374889478337754,-0.6415552855407047,-0.48484848484848486,-0.43269231080617504,0.019995784381548035,-0.6554146709432558,Packaging & Containers,Consumer Cyclical,TUP
2014Q4,2014,Q4,2015-02-24,2014-12-27,82300000.0,679900000.0,118800000.0,1.63,452400000.0,0.6653919694072657,1783100000.0,185800000.0,753600000.0,747400000.0,1597300000.0,306000000.0,1348200000.0,3176281219.84,3935881219.84,3.725030367618395,1.0082954241370083,0.469182883741798,4.5026910656620025,0.08616217602402648,3.725030367618395,0.4429494079655544,4.671688806942198,9.648484871931956,17.095162647147472,0.41433778857837184,0.7434640522875817,0.010735825211886539,0.38130222645953676,0.4106234947819106,0.04615557175705232,18.553044508411215,0.6653919694072657,1.5873015873015872,0.23064132717564792,0.36745945886424397,-0.6331630749781477,0.19209486166007905,1.5479876160990713,1.1521739130434783,0.06438655437542379,0.13019511611777812,-0.5830339356258012,Packaging & Containers,Consumer Cyclical,TUP
2014Q3,2014,Q3,2014-11-04,2014-09-27,32300000.0,588700000.0,55200000.0,0.63,379500000.0,0.644640733820282,1869800000.0,256000000.0,799700000.0,778400000.0,1613800000.0,348100000.0,1301400000.0,3547448437.5000005,4389048437.5,5.072445820433437,1.0273638232271325,0.4979142154241095,3.63671875,0.03135850629558561,5.072445820433437,0.126171875,6.0259018812638026,27.457031250000004,13.857220458984376,1.0588235294117647,0.6009767308244758,0.009640732093093319,0.3148465076478768,0.421120246659815,0.017274574820836452,117.07750618811883,0.644640733820282,-0.32258064516129037,0.23086068111455108,0.4097425738757513,-0.48071797237092107,-0.15403477485510478,-0.32142857142857145,-0.431513903192585,2.555555535238095,0.12916953304226583,-0.45955676499031617,Packaging & Containers,Consumer Cyclical,TUP
2014Q2,2014,Q2,2014-08-05,2014-06-28,47600000.0,674300000.0,97100000.0,0.93,448600000.0,0.6652825152009492,1897300000.0,285400000.0,799200000.0,764500000.0,1611900000.0,351800000.0,1308000000.0,4154728407.96,4988928407.96,5.6960084213109505,1.04538914323087,0.48326569335371317,3.2126839523475823,0.054918073692090154,5.6960084213109505,0.16678346180798878,6.1615429452172625,21.821052562815126,14.55756274688157,0.6848739495798319,0.6415577032404776,0.00784648159854252,0.355399778632794,0.43191628515369523,0.025088283350023718,94.64073822232346,0.6652825152009492,-0.08823529411764702,0.7924528304218998,0.6018095266771258,-0.347520459254033,0.01585144927536232,-0.08812260536398467,0.005175983436853002,-0.09523809238695483,0.24552235079474788,-0.5686950145074757,Packaging & Containers,Consumer Cyclical,TUP
2014Q1,2014,Q1,2014-05-06,2014-03-29,52200000.0,663200000.0,96600000.0,1.02,441600000.0,0.6658624849215923,1884200000.0,269900000.0,808200000.0,762300000.0,1614300000.0,326000000.0,1298200000.0,4128317333.0,4943117333.0,5.377317974698434,1.0602125147579693,0.4852988005519584,3.387921452389774,0.06013850704914725,5.377317974698434,0.19340496480177843,6.22484519451146,19.77163473659004,15.295729281215266,0.6245210727969349,0.6797546012269938,0.007896679777838192,0.3519796199978771,0.4643841007477371,0.027704065385840144,-126.24823648318043,0.6658624849215923,-0.41379310344827586,1.5268749845095784,0.775842255246462,-0.2689198294508359,-0.07168383434937986,-0.4180602006688963,-0.23696682464454977,0.15555554847168998,0.28726769284873827,-0.5984175928314829,Packaging & Containers,Consumer Cyclical,TUP
2013Q4,2013,Q4,2014-02-25,2013-12-28,89700000.0,717100000.0,126600000.0,1.74,475700000.0,0.6633663366336634,1843900000.0,252900000.0,779000000.0,737500000.0,1591000000.0,313400000.0,1289200000.0,4782824116.78,5510824116.78,5.018528470614065,1.056271186440678,0.46385378816638645,3.3819691577698694,0.08689029324045054,5.018528470614065,0.35468564650059314,6.669675243034444,13.33005606683389,18.911918215816527,0.3556298773690078,0.7702616464582004,0.006669699579393364,0.3889039535766582,0.4694237288135593,0.04864688974456315,27.90445809089848,0.6633663366336634,0.8315789473684211,0.6826139960191792,0.6965897286887172,-0.341450483391994,0.1786422200198216,0.7975951903807615,0.6570680628272252,0.36753408841444524,0.3469692302674953,-0.6060410671333603,Packaging & Containers,Consumer Cyclical,TUP
2013Q3,2013,Q3,2013-11-07,2013-09-28,49900000.0,603200000.0,76400000.0,0.95,403600000.0,0.6690981432360743,1880200000.0,272100000.0,855600000.0,767200000.0,1608100000.0,353100000.0,1233500000.0,4470422683.1,5256222683.1,5.289318634094598,1.1152241918665275,0.4849484097436443,3.350973906651966,0.04938911997728211,5.289318634094598,0.18338846012495405,7.411178188163131,22.396907229959922,16.429337313855203,0.6452905811623246,0.5652789578023223,0.007202898312441233,0.3208169343686842,0.4698905109489051,0.026539729815977024,125.92739952394368,0.6690981432360743,-0.3356643356643357,1.1727999986937072,0.407703591878015,-0.42281305959215726,-0.12716262975778547,-0.34600262123197906,-0.31233123312331235,0.5156249990888025,0.39719720320111135,-0.5514134694676438,Packaging & Containers,Consumer Cyclical,TUP
2013Q2,2013,Q2,2013-08-06,2013-06-29,76300000.0,688400000.0,111100000.0,1.43,462400000.0,0.6717024985473562,1820300000.0,335900000.0,823000000.0,658700000.0,1484400000.0,333000000.0,1219700000.0,4060100687.06,4750700687.059999,6.427444295450881,1.2494306968270836,0.4411360764709114,2.3905924382256623,0.07384013326699251,6.427444295450881,0.22715093777910092,5.897880138088321,13.303082198754915,12.08723038719857,0.4325032765399738,0.6786786786786787,0.008127877248260057,0.37817942097456464,0.5384848944891453,0.041916167664670656,94.86216558551402,0.6717024985473562,0.3490566037735848,1.4982222209125382,0.39038350940434097,-0.35061412399577785,0.05067030220404454,0.31099656357388317,0.24272930648769575,0.5869565307742615,0.46701519113056905,-0.4085249130299911,Packaging & Containers,Consumer Cyclical,TUP
2013Q1,2013,Q1,2013-05-07,2013-03-30,58200000.0,662900000.0,89400000.0,1.06,440100000.0,0.6639010408809776,1918900000.0,437700000.0,869700000.0,629600000.0,1481200000.0,330200000.0,1179100000.0,4364466021.3,4964966021.3,8.197474290186657,1.3813532401524777,0.3897545468758143,1.708704592186429,0.05611972829969869,8.197474290186657,0.13296778615490062,6.583898055966209,18.747706277061855,9.971363996572995,0.3384879725085911,0.6747425802543913,0.004513725139308602,0.3454583355047162,0.6245235069885642,0.03032987649174006,909.2637544375,0.6639010408809776,-0.20895522388059704,1.0781308571895174,0.39824515687509354,-0.10333257093936843,-0.07132306393753957,-0.21879194630872484,-0.2017857142857143,0.4533333445704469,0.3995164931444744,-0.22082429934354159,Packaging & Containers,Consumer Cyclical,TUP
2012Q4,2012,Q4,2013-02-26,2012-12-29,74500000.0,711000000.0,112000000.0,1.34,473900000.0,0.6665260196905767,1821800000.0,479100000.0,766500000.0,694500000.0,1342700000.0,313900000.0,1172400000.0,3407967150.54,3905967150.54,8.810295309108962,1.1036717062634989,0.3391151608299484,1.2895011479858067,0.07225809580346212,8.810295309108962,0.15549989563765393,4.793202743375527,11.436131377651007,7.113268942892924,0.2697986577181208,0.755336094297547,0.005897944173791437,0.3902733560215172,0.4783297336213103,0.04089362169283126,20.95920756789668,0.6665260196905767,6.882352941176471,0.5272131159840686,0.3870265640587807,0.031547872426761915,0.200050645733097,0.5684210526315789,0.48936170212765956,0.02180522647613703,0.31165375236970033,-0.13237173371170946,Packaging & Containers,Consumer Cyclical,TUP
2012Q3,2012,Q3,2012-11-06,2012-09-29,47500000.0,594400000.0,75200000.0,0.17,394900000.0,0.6643674293405114,1823200000.0,508700000.0,809700000.0,678600000.0,1314500000.0,340500000.0,1122600000.0,3126083315.4700003,3668083315.4700003,8.720571478403265,1.1931918656056588,0.35969723562966216,1.2891684686455671,0.04557817096535255,8.720571478403265,0.09337527029683507,5.259224958731495,16.453070081421053,6.145239464261845,0.42105263157894735,0.5859030837004405,0.006397782138763324,0.3260201842913559,0.502210433244916,0.026053093462044756,71.86398426367816,0.6643674293405114,-0.2272727272727272,6.210559047414375,0.36923586191952673,0.135365261731173,-0.08630263766774642,2.7401574803149606,1.2650602409638554,0.5660504291169268,0.23148843394091212,-0.10724802201975799,Packaging & Containers,Consumer Cyclical,TUP
2012Q2,2012,Q2,2012-08-07,2012-06-30,12700000.0,638900000.0,33200000.0,0.22,432200000.0,0.6764751917357958,1756000000.0,460700000.0,780500000.0,652300000.0,1295300000.0,321100000.0,1098900000.0,3023704331.16,3567704331.16,8.34338587275882,1.1965353365016096,0.36560364464692485,1.3935315823746472,0.015480588867443147,8.34338587275882,0.02756674625569785,4.732672297949601,59.5217388023622,6.563282681050575,1.5826771653543308,0.6437246963562753,0.006647475347660375,0.3638382687927107,0.5036026368235474,0.007232346241457859,49.896111075247525,0.6764751917357958,-0.7843137254901961,-0.6041408428885217,0.434298015998451,0.06204349338659138,0.013602251407129456,-0.7821612349914236,-0.6144018583042973,-0.5660377347682027,0.37720333037600806,-0.044262546706147786,Packaging & Containers,Consumer Cyclical,TUP
2012Q1,2012,Q1,2012-05-08,2012-03-31,58300000.0,639500000.0,86100000.0,1.02,426400000.0,0.6667709147771697,1901200000.0,537500000.0,810100000.0,713600000.0,1363700000.0,331000000.0,1115200000.0,3559663442.0,4137963442.0,9.588336244738723,1.1352298206278026,0.3597727750894172,1.2725581395348837,0.05316168539200896,9.588336244738723,0.10846511627906977,5.566322817826427,15.264422993138936,6.622629659534884,0.29845626072041165,0.6438066465256798,0.004888102564613185,0.3363665053650326,0.4726737668161435,0.030664843256890385,-81.6436569266055,0.6667709147771697,-0.32894736842105265,2.2048979767748804,0.5080686654635292,0.3674982507254284,-0.05202312138728324,-0.3291139240506329,-0.2942622950819672,1.52687501386964,0.5332125664744337,0.30359456704425924,Packaging & Containers,Consumer Cyclical,TUP
2011Q4,2011,Q4,2012-02-28,2011-12-31,86900000.0,676100000.0,122000000.0,1.52,449800000.0,0.6652862002662328,1844200000.0,500800000.0,769400000.0,675400000.0,1343400000.0,302500000.0,1091700000.0,3137549021.24,3610249021.24,8.933653565330516,1.1391767841279241,0.33125474460470666,1.2198482428115016,0.08350757986183259,8.933653565330516,0.1735223642172524,4.640658218074249,9.026320544418873,6.265073924201278,0.20368239355581128,0.748099173553719,0.005641346120866258,0.36660882767595704,0.5173230678116671,0.04712070274373712,19.933602422109274,0.6652862002662328,7.9411764705882355,1.346651547377039,0.4973723760437801,0.34729756640689935,0.1219755550012472,7.276190476190476,2.5988200589970503,0.46537593280092887,0.4379549191194098,0.17230643831974288,Packaging & Containers,Consumer Cyclical,TUP
2011Q3,2011,Q3,2011-11-08,2011-10-01,10500000.0,602600000.0,33900000.0,0.17,400900000.0,0.6652837703285762,1921900000.0,547500000.0,803700000.0,703600000.0,1374400000.0,329200000.0,1025100000.0,3134833315.42,3657033315.42,9.385714339346938,1.1422683342808413,0.32904937821947033,1.155068493150685,0.011603004165933229,9.385714339346938,0.019178082191780823,5.2021794149020915,74.63888846238095,5.725722950538813,1.7619047619047619,0.6126974483596598,0.005901430200132155,0.3135438888599823,0.5252984650369528,0.005463343566262552,160.7606828420513,0.6652837703285762,-0.8349514563106796,-0.17282442275419843,0.5747865372337764,0.5458823617747899,-0.10970464135021098,-0.8387096774193549,-0.6792809839167455,-0.596799997696,0.2401980191702602,0.02419841152129561,Packaging & Containers,Consumer Cyclical,TUP
2011Q2,2011,Q2,2011-08-09,2011-07-02,65100000.0,669900000.0,105700000.0,1.03,450300000.0,0.6721898790864308,2002800000.0,818800000.0,791700000.0,499600000.0,1184000000.0,325900000.0,1033800000.0,4315200000.0,4619600000.0,13.206451612903226,1.5846677341873499,0.20995606151388058,0.5135564240351734,0.06846343292915345,13.206451612903226,0.0795065950170982,6.441558441558442,16.57142857142857,5.270151441133366,0.2857142857142857,0.6738263270942006,0.004310344827586207,0.33448172558418215,0.7159727782225781,0.03250449370880767,88.60780287474333,0.6721898790864308,0.17045454545454547,1.508333333333333,0.4830170777988615,1.3004293608124253,0.06832740213523132,0.16666666666666666,0.3097893432465923,0.7966666666666669,0.1404696102058414,0.33429132254360944,Packaging & Containers,Consumer Cyclical,TUP
2011Q1,2011,Q1,2011-05-10,2011-04-02,55800000.0,636400000.0,80700000.0,0.88,421500000.0,0.6623192960402263,2008500000.0,830200000.0,824400000.0,463600000.0,1178300000.0,305500000.0,990700000.0,3683420000.0,3937420000.0,13.390322580645162,1.7782571182053495,0.21399054020413244,0.5177065767284992,0.04829536679536679,13.390322580645162,0.06721271982654782,5.787900691389064,16.502777777777776,4.436786316550228,0.34050179211469533,0.7034369885433716,0.0051582496701435086,0.31685337316405277,0.8746764452113891,0.027781926811053025,-148.525,0.6623192960402263,-0.30708661417322836,2.380625,0.45597691610771457,1.2868951039976533,-0.02294853963838665,-0.30855018587360594,-0.3108454312553373,0.7158878504672896,0.15603310102461193,0.46467871659603904,Packaging & Containers,Consumer Cyclical,TUP
2010Q4,2010,Q4,2011-02-22,2010-12-25,80700000.0,655000000.0,117100000.0,1.27,431400000.0,0.6586259541984733,2015800000.0,789800000.0,849200000.0,500400000.0,1226000000.0,279100000.0,969200000.0,2989020000.0,3169020000.0,12.738709677419354,1.6970423661071143,0.21266990772894137,0.5427956444669536,0.07056790165864965,12.738709677419354,0.10217776652317043,4.563389312977099,9.259665427509294,3.7845277285388708,0.1982651796778191,0.8011465424579004,0.005352925038975985,0.32493302907034427,0.9392486011191047,0.04003373350530807,17.129054441260745,0.6586259541984733,1.0483870967741935,1.5072735732009925,0.7549127124235454,1.2819566367001585,0.2453810623556582,1.0225563909774436,0.900974025974026,0.4509783183500792,0.12072870011574663,0.49150379234372377,Packaging & Containers,Consumer Cyclical,TUP
2010Q3,2010,Q3,2010-11-02,2010-09-25,39900000.0,523200000.0,61600000.0,0.62,346400000.0,0.6620795107033639,1867500000.0,735100000.0,751500000.0,442300000.0,1132400000.0,313700000.0,912300000.0,2745618750.0,3052318750.0,11.79107769423559,1.6990730273569976,0.22998661311914323,0.584274248401578,0.03974498166728277,11.79107769423559,0.05427832947898245,5.247742259174312,17.203125,3.73502754727248,0.39348370927318294,0.5635957921581128,0.005718201043025365,0.2801606425702811,0.7680307483608411,0.021365461847389557,610.1375,0.6620795107033639,-0.3111111111111111,15.0,1.015115365065786,1.4635810032957677,-0.09674054758800521,-0.31088082901554404,-0.23096129837702872,4.667246376811594,0.127693480457246,0.5351264588062956,Packaging & Containers,Consumer Cyclical,TUP
2010Q2,2010,Q2,2010-08-04,2010-06-26,57900000.0,565100000.0,80100000.0,0.9,383500000.0,0.6786409485046895,1811000000.0,683900000.0,715400000.0,442300000.0,1127100000.0,286300000.0,894000000.0,2523055450.4700003,2825855450.4700003,10.866804768358381,1.6174542165950712,0.23418001104362232,0.6201199005702588,0.0567941797412674,10.866804768358381,0.0846615002193303,4.464794638948859,10.894021806865286,3.6892169183652586,0.2711571675302245,0.634299685644429,0.006222613933068878,0.3120375483158476,0.7524304770517748,0.031971286581998895,42.26223535125629,0.6786409485046895,0.2328767123287672,0.9999999774564635,0.6875785474935225,1.0714486598825614,0.028425851434700992,0.22929936305732485,0.13456090651558072,0.583436609873108,0.11305585961394157,0.38325369030561895,Packaging & Containers,Consumer Cyclical,TUP
2010Q1,2010,Q1,2010-05-04,2010-03-27,47100000.0,557100000.0,70600000.0,0.73,372900000.0,0.6693591814754981,1802900000.0,660700000.0,699000000.0,453800000.0,1142200000.0,275700000.0,861600000.0,2999956000.0,3339856000.0,10.520700636942674,1.5403261348611723,0.24127794109490266,0.6583926138943544,0.048171857955557874,10.520700636942674,0.0712880278492508,5.3849506372285045,15.923333333333334,4.540572120478282,0.3354564755838641,0.6681175190424374,0.005266743912244046,0.30900216318154083,0.7115469369766417,0.026124577070275667,638.2885106382979,0.6693591814754981,-0.446969696969697,0.74163179916318,0.5083993888160359,0.901950766613415,-0.1033902380379899,-0.44061757719714967,-0.43293172690763054,1.3112244897959184,0.17270639995650552,0.5004730070161454,Packaging & Containers,Consumer Cyclical,TUP
2009Q4,2009,Q4,2010-02-23,2009-12-26,84200000.0,626000000.0,124500000.0,1.32,415900000.0,0.6643769968051119,1795300000.0,637700000.0,696800000.0,460500000.0,1157600000.0,265500000.0,836100000.0,2960392000.0,3276092000.0,10.154458598726114,1.5131378935939197,0.23845596836183366,0.671318801944488,0.0866582402166518,10.154458598726114,0.132037007997491,4.729060702875399,8.789762470308789,4.642295750352831,0.16508313539192399,0.7913370998116761,0.004695324132749987,0.3486882415195232,0.7261672095548317,0.046900239514287304,29.10906588003933,0.6643769968051119,1.6400000000000001,1.078559228552112,0.4919969904973924,0.9373408464396676,0.21750585480093676,1.6068111455108358,1.2718978102189782,1.0296282106540238,0.23756718010486963,0.5314089871736761,Packaging & Containers,Consumer Cyclical,TUP
2009Q3,2009,Q3,2009-11-03,2009-09-26,32300000.0,514000000.0,54800000.0,0.5,341600000.0,0.6645914396887159,1862000000.0,606800000.0,723800000.0,435500000.0,1255200000.0,282500000.0,781600000.0,2406528800.0,2776328800.0,9.768190598840953,1.6619977037887486,0.2628356605800215,0.8065260382333553,0.0381727032089794,9.768190598840953,0.0532300593276203,4.681962645914397,18.626383900928793,3.965934080421886,0.4241486068111455,0.6102654867256637,0.005692846892170997,0.27604726100966703,0.7938002296211252,0.017346938775510204,76.64104458598726,0.6645914396887159,-0.03846153846153849,1.260701606667765,0.8199244913702766,1.2971408221593153,-0.020642201834862386,-0.02416918429003021,-0.007246376811594203,1.3894407770235395,0.2613657357319997,0.608878451573804,Packaging & Containers,Consumer Cyclical,TUP
2009Q2,2009,Q2,2009-08-04,2009-06-27,33100000.0,524700000.0,55200000.0,0.52,348800000.0,0.664760815704212,1817000000.0,545200000.0,713600000.0,398600000.0,1271800000.0,264400000.0,773800000.0,1638762259.1999998,2029262259.1999998,8.729788546011445,1.7902659307576518,0.3018161805173363,1.0058694057226705,0.034096711105802965,8.729788546011445,0.06071166544387381,3.123236628930817,12.377358453172207,3.0058001819515776,0.4169184290030212,0.6652798789712556,0.008420989635639274,0.28877270225646673,0.9234821876567988,0.0182168409466153,15.681935494736841,0.664760815704212,0.2682926829268294,0.325000004003021,0.6477699207040274,1.2275623227871582,0.15229600264288073,0.29296875,0.33980582524271846,0.26611111493622003,0.1531526603169708,0.520640250202225,Packaging & Containers,Consumer Cyclical,TUP
2009Q1,2009,Q1,2009-05-06,2009-03-28,25600000.0,462800000.0,41200000.0,0.41,302700000.0,0.6540622299049266,1729500000.0,457500000.0,655200000.0,388200000.0,1272000000.0,266800000.0,754700000.0,1039983999.9999999,1530184000.0,7.355305466237942,1.687789799072643,0.33628216247470366,1.271256830601093,0.03142514673182586,7.355305466237942,0.055956284153005464,2.247156439066551,10.15609375,2.273189071038251,0.53125,0.6000749625187406,0.013077124263450209,0.26759178953454754,0.7712519319938176,0.014801965886094247,-31.419456193353472,0.6540622299049266,-0.6095238095238096,0.6576560594300921,0.4660122976250917,0.8443531096105445,-0.10390763765541741,-0.6109422492401215,-0.5717255717255717,0.5459807073954984,0.05540457780067949,0.2561916979849398,Packaging & Containers,Consumer Cyclical,TUP
2008Q4,2008,Q4,2009-02-25,2008-12-27,65800000.0,521700000.0,96200000.0,1.05,337800000.0,0.6474985623921794,1815600000.0,474000000.0,703800000.0,451500000.0,1341600000.0,277300000.0,743200000.0,1291272000.0,1737672000.0,7.620578778135048,1.5588039867109635,0.3146067415730337,1.2050632911392405,0.0724428098740746,7.620578778135048,0.1388185654008439,2.4751236342725704,4.906048632218845,2.72420253164557,0.20820668693009117,0.6631806707536964,0.010609693387605399,0.28734302709847986,0.75437430786268,0.036241462877285746,12.011832558139535,0.6474985623921794,1.3863636363636367,1.2547468725796234,0.42350378591432397,0.9502269966831148,0.03302752293577982,1.3927272727272728,1.2268518518518519,1.0377710446038422,0.39327345053937157,0.3651170925958759,Packaging & Containers,Consumer Cyclical,TUP
2008Q3,2008,Q3,2008-11-04,2008-09-27,27500000.0,513100000.0,43200000.0,0.44,327000000.0,0.6373026700448255,1982200000.0,564500000.0,807800000.0,530800000.0,1417700000.0,318000000.0,698200000.0,1750056000.0,2299356000.0,9.16396103896104,1.5218538055764883,0.3509736656240541,1.2324180690876883,0.02900638482292188,9.16396103896104,0.048715677590788306,3.4107503410641202,15.9096,3.100187776793623,0.49454545454545457,0.5852201257861636,0.007771179893671974,0.2588537988094037,0.7019593067068576,0.013873473917869035,-147.0635294117647,0.6373026700448255,-0.21428571428571436,0.0,0.9577583474846781,1.9218633279927748,-0.14910226385636222,-0.2361111111111111,-0.22302158273381295,10.160714285714286,1.0000755616751187,0.9146816699854309,Packaging & Containers,Consumer Cyclical,TUP
2008Q2,2008,Q2,2008-08-05,2008-06-28,36000000.0,583600000.0,55600000.0,0.56,384300000.0,0.6584989718985607,1973400000.0,609700000.0,755100000.0,474800000.0,1363700000.0,310100000.0,689700000.0,2057440000.0,2580640000.0,9.897727272727273,1.5903538331929232,0.3106313975879193,1.0054124979498114,0.03543361030888634,9.897727272727273,0.059045432179760535,3.5254283755997258,14.287777777777778,3.3745120551090695,0.37777777777777777,0.6426959045469204,0.006610156310755113,0.29573325225499136,0.6647009267059815,0.018242626938279112,51.436,0.6584989718985607,0.09803921568627459,1.435064935064935,0.795480728948471,1.858856820416555,0.10240963855421686,0.12149532710280374,0.1440329218106996,0.2704686553518682,0.7805902822162231,0.8867214725963339,Packaging & Containers,Consumer Cyclical,TUP
2008Q1,2008,Q1,2008-05-06,2008-03-29,32100000.0,543400000.0,48600000.0,0.51,348600000.0,0.6415163783584836,1977900000.0,559500000.0,754300000.0,505600000.0,1418400000.0,291800000.0,671700000.0,2298672000.0,2856572000.0,9.142156862745098,1.4918908227848102,0.325800091005612,1.1517426273458444,0.03272319507056611,9.142156862745098,0.05737265415549598,4.230165623849834,17.902429906542057,4.108439678284182,0.4205607476635514,0.6675805346127485,0.005872956211238489,0.2747358309317964,0.627373417721519,0.016229334142272105,-38.960542372881356,0.6415163783584836,-0.41379310344827586,3.777956495098039,0.9066322416013674,2.0897840295538503,-0.06088362068965517,-0.41530054644808745,-0.3745173745173745,0.2180039379768645,0.5097708813917724,0.6527351983138532,Packaging & Containers,Consumer Cyclical,TUP
2007Q4,2007,Q4,2008-02-26,2007-12-29,54900000.0,576900000.0,77700000.0,0.87,371200000.0,0.6434390708961691,1868700000.0,522700000.0,699500000.0,450300000.0,1346000000.0,269900000.0,657800000.0,2023272000.0000002,2513872000.0,8.540849673202615,1.5534088385520763,0.31749344464065926,1.1350679165869524,0.05739247311827957,8.540849673202615,0.10503156686435813,3.5071450858034328,9.21344262295082,3.870809259613545,0.2459016393442623,0.7621341237495368,0.0066723604142201335,0.30871729009471827,0.6646679991117033,0.029378712473912345,18.71666975023127,0.6434390708961691,6.909090909090909,0.5158994032395567,0.7109689766317486,1.8052480898462673,0.2634445200816882,6.956521739130435,2.2107438016528924,0.3906917515609597,0.4109199505044735,0.6294848981187525,Packaging & Containers,Consumer Cyclical,TUP
2007Q3,2007,Q3,2007-11-07,2007-09-29,6900000.0,454700000.0,24200000.0,0.11,293800000.0,0.6461403122938201,1800500000.0,469300000.0,641500000.0,439400000.0,1331200000.0,289100000.0,621300000.0,1924039000.0,2512739000.0,7.680851063829787,1.4599453800637232,0.36306581505137464,1.392925633922864,0.030977292965271595,7.680851063829787,0.014702748774770935,4.231447107983286,69.71155797101449,4.099806094182825,1.9710144927536233,0.5565548253199585,0.007068463788935672,0.25254096084420996,0.6024123805188893,0.003832268814218273,-75.1577734375,0.6461403122938201,-0.8035714285714286,-0.1933598336743045,0.7406931778025061,1.9939002317784678,-0.09683369197663695,-0.8056338028169014,-0.5551470588235294,-0.5090016324744033,0.636837030127403,0.8062707058298764,Packaging & Containers,Consumer Cyclical,TUP
2007Q2,2007,Q2,2007-08-02,2007-06-30,35500000.0,492900000.0,54400000.0,0.56,325300000.0,0.6599715966727531,1755500000.0,480000000.0,617000000.0,391100000.0,1275500000.0,265100000.0,631400000.0,1756014000.0,2292614000.0,7.855973813420622,1.5776016364101253,0.35454286528054685,1.2966666666666666,0.03999575852767892,7.855973813420622,0.07395833333333333,3.5626171637248936,12.366295774647886,3.6583624999999995,0.37746478873239436,0.6322142587702754,0.0076309186601018,0.2807747080603817,0.6885706980311941,0.020222158929080036,37.682703862660944,0.6599715966727531,0.7500000000000001,0.05639041479132584,0.640540807106805,1.922473392744275,0.10010145417653027,0.8112244897959183,0.43915343915343913,0.45253682487725044,0.5821776208114395,1.0045928012281302,Packaging & Containers,Consumer Cyclical,TUP
2007Q1,2007,Q1,2007-05-10,2007-03-31,19600000.0,456900000.0,37800000.0,0.32,295700000.0,0.6471875683957102,1712600000.0,423500000.0,590700000.0,391900000.0,1289100000.0,251600000.0,613200000.0,1505772000.0,2088672000.0,7.01158940397351,1.5072722633324829,0.3839191872007474,1.552538370720189,0.026158984824625205,7.01158940397351,0.04628099173553719,3.2956270518713064,19.206275510204083,3.555541912632822,0.6785714285714286,0.6406995230524642,0.008832678519722774,0.2667873408852038,0.6494003572339883,0.011444587177391101,-752.886,0.6471875683957102,-0.5,0.2117804215486501,0.7493852038481056,2.151670970727557,-0.05254726049343159,-0.5087719298245614,-0.3285968028419183,0.30696506051609956,0.490454996380406,0.7581658273596091,Packaging & Containers,Consumer Cyclical,TUP
