Quarters,Year,Quarter,FillingDate,Date,NetIncome,Revenue,OperatingIncome,EPSDiluted,GrossProfit,GrossProfitRatio,TotalAssets,CommonStockEquity,CurrentAssets,CurrentLiability,TotalLiability,Inventory,RetainedEarnings,MarketCap,EnterpriseValue,bookValuePerShare,currentRatio,debtToAssets,debtToEquity,roic,shareholdersEquityPerShare,roe,priceToSalesRatio,peRatio,pbRatio,payoutRatio,inventoryTurnover,dividendYield,assetTurnover,quickRatio,returnOnAssets,priceToFreeCashFlowsRatio,grossProfitMargin,epsdilutedGrowth,fiveYNetIncomeGrowthPerShare,fiveYRevenueGrowthPerShare,fiveYShareholdersEquityGrowthPerShare,grossProfitGrowth,netIncomeGrowth,operatingIncomeGrowth,threeYNetIncomeGrowthPerShare,threeYRevenueGrowthPerShare,threeYShareholdersEquityGrowthPerShare,Industry,Sector,Symbol
2023Q1,2023,Q1,2023-05-03,2023-04-01,14350000.0,149453000.0,17021000.0,0.81,38486000.0,0.2575123952,389097000.0,322068000.0,263977000.0,61594000.0,67029000.0,61955000.0,399396000.0,1015463723.8399999,1010311723.8399999,18.217869812269985,4.285758353086339,0.007453154354826689,0.009004309648894022,0.04028599147838208,18.217869812269985,0.044555808090216975,6.794535565294774,17.691005641811845,3.1529482091980574,6.673031358885018,1.7910903074812363,0.0942997743315624,0.3841021647558321,3.170844562782089,0.036880263790263094,279.5880296916299,0.2575123952011669,-0.24299065420560748,-0.007961655590580877,0.12363285202906313,0.3314928630249109,-0.027001061839510544,-0.24290387253350215,-0.13511178861788617,-0.07590774429867504,0.19393673946358414,0.06813793262292811,Aerospace & Defense,Industrials,RGR
2022Q4,2022,Q4,2023-02-22,2022-12-31,18954000.0,149224000.0,19680000.0,1.07,39554000.0,0.2650646009,484763000.0,316738000.0,361838000.0,163067000.0,168025000.0,64993000.0,393097000.0,893384787.0,831250787.0,17.94666508016103,2.218952945721697,0.0062690428106105455,0.0095946807771723,0.05333499087558678,17.94666508016103,0.059841256811623486,5.986870657534981,11.783591682494459,2.820579744141846,0.38218845626253034,1.6874124905759083,0.008108488196139386,0.30782877406072656,1.7769015190075246,0.03909951873389677,54.32892161274629,0.265064600868493,0.03883495145631071,0.8394349115839357,0.2676312097774669,0.3822067625686136,0.017623298772800947,0.03072488987981946,-0.009013545495745002,1.284686944340939,0.40422922254716204,0.09779468261772467,Aerospace & Defense,Industrials,RGR
2022Q3,2022,Q3,2022-11-02,2022-10-01,18389000.0,139390000.0,19859000.0,1.03,38869000.0,0.2788507067,460902000.0,398506000.0,351026000.0,60202000.0,62396000.0,61505000.0,471368000.0,897379813.65,849602813.65,22.554685799845885,5.830802963356699,0.004504211307392895,0.005209457323101786,0.04320619564930913,22.554685799845885,0.0461448510185543,6.437906690939092,12.199953962287237,2.251860232091863,0.4515743107292403,1.634354930493456,0.009253606860426618,0.3024287158658457,4.593252715856616,0.03989785247189207,59.79343108009061,0.27885070665040534,-0.11965811965811958,0.9538656480667843,0.3239636700928458,0.7830577523825969,-0.10756761721081876,-0.1140819964349376,-0.21163159984120683,2.773401559510025,0.4503210235611426,0.4187860218697012,Aerospace & Defense,Industrials,RGR
2022Q2,2022,Q2,2022-08-03,2022-07-02,20757000.0,140653000.0,25190000.0,1.17,43554000.0,0.3096556774,443732000.0,386957000.0,334077000.0,54495000.0,56775000.0,57145000.0,461409000.0,1135209637.88,1093832637.88,21.921241539556547,6.130415634461877,0.004872310313432432,0.0055871841057275095,0.05119139120075578,21.921241539556547,0.053641619094628085,8.070994844617605,13.67261210531387,2.9336842023273904,0.5783591077708725,1.6991687811707061,0.010575139251301015,0.31697736471563914,4.858831085420681,0.046778235511524976,111.63434338479695,0.3096556774473349,-0.31176470588235294,1.0370864428164739,0.06772191152976516,0.7020678999412735,-0.2504646520272596,-0.3134096321778248,-0.3495494099723707,2.296611144206329,0.4454138500567758,0.3886913401123527,Aerospace & Defense,Industrials,RGR
2022Q1,2022,Q1,2022-05-04,2022-04-02,30232000.0,166575000.0,38727000.0,1.7,58108000.0,0.3488398619,446478000.0,377953000.0,336253000.0,66177000.0,68525000.0,46914000.0,452872000.0,1240638730.9,1201300730.9,21.462161535682554,5.08111579551808,0.005034962528948795,0.0059478294920267865,0.07746423889573446,21.462161535682554,0.07998878167391184,7.447928746210416,10.259317369839906,3.2825211888779826,0.5016207991532151,2.3120390501769195,0.012223542295023154,0.3730866918414793,4.245024706469015,0.06771218290710852,157.44146331218275,0.34883986192405825,-0.20930232558139533,0.40740187730791705,0.02978036138982441,0.7377305329323798,-0.08393240005044772,-0.20694630256289184,-0.15653177680010455,1.2996044093794406,0.44807441031967604,0.3678246747630837,Aerospace & Defense,Industrials,RGR
2021Q4,2021,Q4,2022-02-23,2021-12-31,38121000.0,168042000.0,45914000.0,2.15,63432000.0,0.3774770593,442343000.0,363661000.0,328733000.0,77109000.0,78682000.0,43850000.0,438098000.0,1196172784.08,1176604784.08,20.679471686045016,4.26322478569298,0.0033367771164006213,0.004058725021379802,0.10398158275893107,20.679471686045016,0.10482564806234378,7.118296521583889,7.844578998976941,3.2892523093760397,0.36468088455182185,2.3856328392246295,0.011622066799231102,0.37989071828874876,3.6059474250735972,0.08617972930508677,28.36145637518968,0.3774770593066019,0.08585858585858583,0.9701568420400414,0.11772841373231846,0.4723266659242869,-0.021141322798679054,0.08292142491903869,-0.017377905234772933,2.080613943192631,0.3761237968867333,0.3650670754880735,Aerospace & Defense,Industrials,RGR
2021Q3,2021,Q3,2021-11-03,2021-10-02,35202000.0,178246000.0,46726000.0,1.98,64802000.0,0.36355374033638904,420061000.0,338070000.0,308859000.0,80387000.0,81991000.0,39115000.0,414115000.0,1324319212.88,1298151212.88,19.212247283393804,3.8421510940823764,0.0035923353989063492,0.00446357263288668,0.10041559648100708,19.212247283393804,0.10412636436241016,7.429727527574252,9.405141844781548,3.917292906439495,0.4998579626157605,2.9002684392176916,0.013286826792865095,0.42433360869016645,3.290755968004777,0.08380211445480537,36.132249614755,0.36355374033638904,-0.20800000000000002,0.9120010902800624,0.19048773366946298,0.36967318940779154,-0.17719059893088868,-0.20687635183850037,-0.2169133050662823,2.7936991650632996,0.5384954954090809,0.3196926191726133,Aerospace & Defense,Industrials,RGR
2021Q2,2021,Q2,2021-08-04,2021-07-03,44384000.0,200072000.0,59669000.0,2.5,78757000.0,0.3936432884161702,398876000.0,319142000.0,285643000.0,77729000.0,79734000.0,31987000.0,396816000.0,1467383243.1000001,1445412243.1000001,18.14306232893631,3.6748575177861547,0.003986201225443496,0.004982108277819905,0.13633673286562042,18.14306232893631,0.13907288918412494,7.3342758761845745,8.265271511693403,4.597900756089766,0.3407083633741889,3.792634507768781,0.010305419576724345,0.5015894664005857,3.2113368240939675,0.1112726762201787,34.54210689720111,0.3936432884161702,0.15740740740740733,1.0353644013125811,0.2846432487558526,0.3505091616832537,0.0853154369815065,0.1621281943862589,0.14845253676187542,1.8993725912403174,0.545933674144115,0.26952221906702173,Aerospace & Defense,Industrials,RGR
2021Q1,2021,Q1,2021-05-05,2021-04-03,38192000.0,184377000.0,51956000.0,2.16,72566000.0,0.39357403580706923,364129000.0,288480000.0,252248000.0,73045000.0,75649000.0,28754000.0,367816000.0,1189137737.28,1166654737.28,16.428597787743062,3.4533232938599494,0.00454234625640913,0.0057334997226844145,0.12980525781748165,16.428597787743062,0.13239046034387134,6.449490648399746,7.783945180142438,4.122080342762064,0.32687473816506074,3.888537246991723,0.010498363317066656,0.5063507712925913,3.002245191320419,0.10488590581909159,53.43478643300081,0.39357403580706923,0.2067039106145252,0.7699869905728312,0.14902752721146004,0.29808775424392364,0.13039956382895865,0.20430107526881722,0.23407995059499775,1.658175980835292,0.3956011074699897,0.2007200034525392,Aerospace & Defense,Industrials,RGR
2020Q4,2020,Q4,2021-02-17,2020-12-31,31713000.0,169260000.0,42101000.0,1.79,64195000.0,0.37926858088148413,348258000.0,264699000.0,234373000.0,81761000.0,83559000.0,29077000.0,342615000.0,1137755847.4199998,1119332847.4199998,15.138541339125997,2.866562297427869,0.00495035289928731,0.006513058228402827,0.11694502175653267,15.138541339125997,0.11980778166899006,6.721941672102091,8.969159709109828,4.298300512733331,0.3089900040992653,3.6133370017539637,0.008612568348666742,0.4860189859242286,2.4342901872530915,0.091061799011078,24.92782628762981,0.37926858088148413,0.28776978417266197,0.9847612191730395,0.1886330916218376,0.24389535662971237,0.2549851423209259,0.28117803902557265,0.28130135735589507,2.106483267443458,0.4512984286874031,0.16593217296373142,Aerospace & Defense,Industrials,RGR
2020Q3,2020,Q3,2020-10-28,2020-09-26,24753000.0,145705000.0,32858000.0,1.39,51152000.0,0.3510655090765588,310568000.0,241282000.0,212974000.0,67392000.0,69286000.0,13579000.0,320896000.0,1075438086.58,1047627086.5799999,13.795708339827653,3.1602267331434,0.005921408516009376,0.007621786954683731,0.10093856021382064,13.795708339827653,0.10258950108172181,7.380927810164373,10.861694406536582,4.4571832402748655,3.830969983436351,6.963178437292878,0.08817615926321008,0.46915651322737695,2.84673254985755,0.0797023518198913,615.239179965675,0.3510655090765588,0.32380952380952366,1.212503454634161,0.2889870627203087,0.20482888865894144,0.2760883123362854,0.3312358825427557,0.3676017647548489,1.6569390367828505,0.3980930232370939,0.09061792849745764,Aerospace & Defense,Industrials,RGR
2020Q2,2020,Q2,2020-07-29,2020-06-27,18594000.0,130264000.0,24026000.0,1.05,40085000.0,0.3077212430141866,389856000.0,311547000.0,294939000.0,76313000.0,78309000.0,12066000.0,392859000.0,1268523734.26,1252775734.26,17.813229110121295,3.864859198301731,0.005009541984732824,0.006268717079605966,0.0573376999025086,17.813229110121295,0.05968280869339137,9.738099047012222,17.055551982628806,4.071692984557707,0.335323222544907,7.47381070777391,0.004915162272180283,0.3341336288270541,3.67219215598915,0.04769453336616597,28.058476758681707,0.3077212430141866,0.20689655172413798,0.1320192028965417,-0.011435049783704217,0.6013281327432821,0.1131939237412869,0.21228321815099752,0.19158855329068095,0.8417655272296684,-0.0019548107723302414,0.38310256779599594,Aerospace & Defense,Industrials,RGR
2020Q1,2020,Q1,2020-05-06,2020-03-28,15338000.0,123639000.0,20163000.0,0.87,36009000.0,0.2912430543760464,362399000.0,297819000.0,264618000.0,62492000.0,64580000.0,18289000.0,380509000.0,838851612.96,802937612.96,17.055727781836225,4.234430007040901,0.00569813934365161,0.006933741635019928,0.04921498291681004,17.055727781836225,0.05150107951473882,6.784684549050057,13.67276719520146,2.8166490820263315,0.19780936236797497,4.791404669473454,0.0036168494560010747,0.3411681599562913,3.894738526531396,0.04232351634524378,31.095066647885236,0.2912430543760464,0.8913043478260869,0.058308999338002265,-0.03430437159548318,0.6299823253215,0.45308906016706346,0.8686647173489279,1.0405829369497015,-0.2798844767609829,-0.22914541561334853,0.3809540515573835,Aerospace & Defense,Industrials,RGR
2019Q4,2019,Q4,2020-02-20,2019-12-31,8208000.0,105139000.0,9881000.0,0.46,24781000.0,0.23569750520739213,348961000.0,285458000.0,249316000.0,61244000.0,63503000.0,28301000.0,368205000.0,821210629.63,787966629.63,16.347924948376196,4.070864084645026,0.0062356538409736335,0.007622837685403807,0.02580925225784442,16.347924948376196,0.02875379215155995,7.810713718315753,25.012506994091133,2.8768177091901435,0.23391812865497075,2.839404968022331,0.0023380116266457293,0.3012915483392127,3.552152047547515,0.02352125309131966,27.830101315914327,0.23569750520739213,0.7037037037037037,1.6168562843302845,-0.048827602329065356,0.7072253795901795,0.24734484320732875,0.7039651235208636,0.7723766816143498,-0.5727800053460825,-0.2956962554721006,0.16393137114164472,Aerospace & Defense,Industrials,RGR
2019Q3,2019,Q3,2019-11-07,2019-09-28,4817000.0,94999000.0,5575000.0,0.27,19867000.0,0.2091285171422857,328507000.0,277632000.0,229925000.0,48712000.0,50875000.0,32981000.0,361957000.0,732624784.1,711897784.1,15.89717226712096,4.720089505665955,0.006349940792738054,0.007513543107422776,0.014953072749730005,15.89717226712096,0.017350305440295068,7.711921010747481,38.022876484326346,2.638834082886699,0.5071621341083662,2.2780388708650436,0.0033345855245685233,0.28918409653371163,3.968385613401215,0.01466331006645216,72.55147396514161,0.2091285171422857,-0.22857142857142848,-0.21018538564503605,0.07420831170100238,0.4969610048930119,-0.10918303291184647,-0.2271779239531526,-0.2531815137307435,-0.7363812673613098,-0.36070252293290406,0.13333595599162706,Aerospace & Defense,Industrials,RGR
2019Q2,2019,Q2,2019-07-31,2019-06-29,6233000.0,96329000.0,7465000.0,0.35,22302000.0,0.2315190648714302,320917000.0,275840000.0,220485000.0,42976000.0,45077000.0,41467000.0,359627000.0,951995560.0799999,921803560.0799999,15.785539166524218,5.130421630677588,0.006319390995179439,0.007352088167053364,0.019766703647731632,15.785539166524218,0.02259643271461717,9.882751404872883,38.183682018289744,3.451260006090487,0.8132520455639339,1.7852026912966938,0.005324604664725571,0.3001679562005129,4.031924795234549,0.0194224674915944,352.8523202668643,0.2315190648714302,-0.5270270270270271,-0.6893330925047253,-0.3036385904736746,0.47955190931063496,-0.31582660981071875,-0.5217524744878386,-0.5462557743739364,-0.7122678388647112,-0.3773717481632649,0.17502298564559082,Aerospace & Defense,Industrials,RGR
2019Q1,2019,Q1,2019-05-07,2019-03-30,13033000.0,114038000.0,16452000.0,0.74,32597000.0,0.28584331538609936,331711000.0,273929000.0,226717000.0,55567000.0,57782000.0,36482000.0,358569000.0,925624220.4000001,892374220.4000001,15.690725523283854,4.08006550650566,0.006463457648374639,0.007826845642484,0.044292499045337094,15.690725523283854,0.04757802204220802,8.11680510356197,17.755394391160902,3.3790661828429998,0.3749712268855981,2.2323611644098458,0.005279680341432863,0.3437872123625686,3.3677722389187825,0.03929022552764304,-71.130732375317,0.28584331538609936,0.0724637681159421,-0.4055127776724472,-0.25536926854198233,0.5756752553221421,-0.03693089490944545,0.06183803161153658,-0.037219101123595506,-0.3924776028376496,-0.2851852483311599,0.2397855812243043,Aerospace & Defense,Industrials,RGR
2018Q4,2018,Q4,2019-02-20,2018-12-31,12274000.0,121121000.0,17088000.0,0.69,33847000.0,0.27944782490237036,335532000.0,264242000.0,232189000.0,71191000.0,71290000.0,31420000.0,350423000.0,928306241.76,889814241.76,15.149051689383956,3.261493728139793,0.0,0.0,0.04517300979335589,15.149051689383956,0.0464498452176414,7.6642881231165525,18.90798113410461,3.513091188228972,0.29868013687469447,2.7776575429662635,0.003949127814814144,0.3609819629722351,2.7791293843322893,0.036580713613008596,49.97072949130646,0.27944782490237036,0.32692307692307676,-0.4884832423520054,-0.2625479808653824,0.6341323659158944,0.20486259433290616,0.3332609167933956,0.4291210169775027,-0.22996772932941117,-0.14736177803778658,0.24475896532156424,Aerospace & Defense,Industrials,RGR
2018Q3,2018,Q3,2018-10-31,2018-09-29,9206000.0,114945000.0,11957000.0,0.52,28092000.0,0.24439514550437166,316052000.0,254156000.0,214423000.0,61797000.0,61896000.0,26192000.0,341907000.0,1205476281.0,1067637281.0,14.558122857002111,3.46979626842727,0.0,0.0,0.03552076080722142,14.558122857002111,0.03622184799886684,10.487418165209448,32.7361579676298,4.743056551881521,0.6447968716054747,3.316012522907758,0.004924194771444035,0.36369015225342666,2.987992944641326,0.029128118157771506,99.96486284103159,0.24439514550437166,-0.3953488372093023,-0.6442109826895177,-0.2549151860492624,0.8455684762053131,-0.23243804475532118,-0.3939034827835934,-0.3826414704667493,-0.1756473860169862,0.01870894836555408,0.2714132939535101,Aerospace & Defense,Industrials,RGR
2018Q2,2018,Q2,2018-08-01,2018-06-30,15189000.0,128411000.0,19368000.0,0.86,36599000.0,0.28501452367787805,312758000.0,249431000.0,208459000.0,62360000.0,63327000.0,24013000.0,338753000.0,977390624.0,845679624.0,14.291252296686652,3.34283194355356,0.0,0.0,0.05882620266740719,14.291252296686652,0.06089459610072525,7.611424441831307,16.087145697544276,3.9184809586619145,0.3678319836723945,3.823428975971349,0.0057162406337959715,0.41057622826594364,2.916116100064144,0.04856470497956887,28.146598243340534,0.28501452367787805,0.06172839506172831,-0.47922341629003073,-0.20767679443776915,1.0350231504013743,0.021747627024008932,0.06484856982613572,0.04151430415143041,-0.07336024645757082,-0.023474013427592668,0.2847184647624256,Aerospace & Defense,Industrials,RGR
2018Q1,2018,Q1,2018-05-08,2018-03-31,14264000.0,131159000.0,18596000.0,0.81,35820000.0,0.2731036375696673,303275000.0,238521000.0,192893000.0,64014000.0,64754000.0,26112000.0,329269000.0,915223522.5,812556522.5,13.682288743840715,3.013293966944731,0.0,0.0,0.05883685686013268,13.682288743840715,0.059801862309817586,6.9779696589635485,16.04079365009815,3.8370773328134633,0.28126752664049354,3.651156556372549,0.004383628590577445,0.4324754760530871,2.5587527728309434,0.0470332206743055,20.843168355727624,0.2731036375696673,0.3965517241379312,-0.3348083705078664,-0.06948888885641968,1.3631869740391767,0.08233872186130836,0.37829742004058364,0.3412188965019834,-0.01417605888059165,0.0261176395914985,0.3075893979825612,Aerospace & Defense,Industrials,RGR
2017Q4,2017,Q4,2018-02-21,2017-12-31,10349000.0,118230000.0,13865000.0,0.58,33095000.0,0.27992049395246554,284318000.0,230149000.0,166784000.0,52677000.0,54169000.0,39714000.0,321323000.0,989968839.9,926481839.9,12.984066903861748,3.166163600812499,0.0,0.0,0.04352864785351088,12.984066903861748,0.04496652168812378,8.373245706673433,23.91460140834863,4.301425771565377,0.35356073050536285,2.1437024726796596,0.003696075929389462,0.4158371963787027,2.34578658617613,0.03639938378857476,45.4385110341029,0.27992049395246554,0.0943396226415093,-0.43462730004485517,-0.09849333635804436,1.6179154953151833,0.09535314754749454,0.10448239060832444,0.041150409251332884,1.7661719860098208,0.05366928976468866,0.3559353017932367,Aerospace & Defense,Industrials,RGR
2017Q3,2017,Q3,2017-10-31,2017-09-30,9370000.0,104817000.0,13317000.0,0.53,30214000.0,0.28825476783346216,277528000.0,222508000.0,153284000.0,54329000.0,55020000.0,52169000.0,314693000.0,909420629.7,864061629.7,12.649442100070715,2.8214029339763296,0.0,0.0,0.04172235167727416,12.649442100070715,0.042110845452747764,8.676270354045624,24.26415767609392,4.0871367757563775,0.42593383137673424,1.430025494067358,0.004388508320200029,0.3776808105848779,1.8132673157981924,0.03376235911331469,54.20639147046552,0.28825476783346216,-0.0701754385964911,-0.4146387947977998,-0.03849966405710423,0.3856000188449194,-0.13540891661420476,-0.08128247867437983,-0.12938023012552302,0.5253288784106623,0.17672934185182762,0.19113772180863223,Aerospace & Defense,Industrials,RGR
2017Q2,2017,Q2,2017-08-02,2017-07-01,10199000.0,131854000.0,15296000.0,0.57,34946000.0,0.26503556964521363,284091000.0,227556000.0,154190000.0,56363000.0,56535000.0,52241000.0,309364000.0,1098098145.1,1054144145.0999999,12.879181576900015,2.735659918741018,0.0,0.0,0.04369424424858934,12.879181576900015,0.0448197366802018,8.328136765665054,26.916809125894694,4.825617189175412,0.8317482106088833,1.855018089240252,0.00772517469212871,0.46412593147970194,1.7656263861043593,0.035900468511850074,63.37863009927276,0.26503556964521363,-0.5289256198347108,-0.38619214177424815,0.19552792018981666,0.5162182716480346,-0.3731996484494108,-0.541081713462923,-0.5484042396150098,-0.49724863517865575,-0.05731032106261137,0.20714392403338733,Aerospace & Defense,Industrials,RGR
2017Q1,2017,Q1,2017-05-08,2017-04-01,22224000.0,167355000.0,33871000.0,1.21,55753000.0,0.33314212303187835,304131000.0,225024000.0,170899000.0,78424000.0,79107000.0,54958000.0,307799000.0,975657277.3499999,940559277.3499999,12.350684487004816,2.1791670917066206,0.0,0.0,0.0978384590260515,12.350684487004816,0.09876279863481228,5.829866316214035,10.97526634887959,4.335792081511305,0.34971202303815696,2.0306779722697335,0.00796591198613274,0.5502727443108397,1.4369453228603488,0.07307377413022678,83.35388956428876,0.33314212303187835,0.11009174311926594,0.5063568281612585,0.5631204999485425,0.5763672430344685,0.04219007028562883,0.06692270763322132,0.06993713870549957,-0.02864600379875737,0.047097757726410686,0.24026565269951156,Aerospace & Defense,Industrials,RGR
2016Q4,2016,Q4,2017-02-22,2016-12-31,20830000.0,161848000.0,31657000.0,1.09,53496000.0,0.3305323513419999,355404000.0,265900000.0,223622000.0,80893000.0,89504000.0,54535000.0,293400000.0,997685570.5,910559570.5,14.045437174136218,2.76441719308222,0.0,0.0,0.07665009680540649,14.045437174136218,0.0783377209477247,6.164336726434679,11.974142708833412,3.7521082004512976,0.37345175228036487,1.986834143210782,0.007797045712610113,0.4553916106740498,1.935495036653357,0.05860935723852292,137.74479780477702,0.3305323513419999,0.05825242718446607,0.9743252475090147,0.7306302831616657,0.9295851013663277,0.06457582933672962,0.04937027707808564,0.05284688040441666,-0.20017248263573942,-0.0920645300546547,0.5150851650851838,Aerospace & Defense,Industrials,RGR
2016Q3,2016,Q3,2016-11-01,2016-10-01,19850000.0,161427000.0,30068000.0,1.03,50251000.0,0.31129241081107867,360852000.0,266116000.0,231118000.0,85205000.0,94736000.0,43574000.0,280438000.0,1095814287.04,994451287.04,14.02688424652646,2.712493398274749,0.0,0.0,0.07364609475011685,14.02688424652646,0.07459153151257346,6.788296177467214,13.801187494206548,4.11780684754017,0.4683123425692695,2.551429751686786,0.008483189268420874,0.4473496059326261,2.0149756469690745,0.05500870162836842,144.47123098747528,0.31129241081107867,-0.15573770491803274,0.8494198030229149,1.0057347845049127,0.9443228759416973,-0.11364518291177197,-0.15585796300233892,-0.17585791031685122,-0.29406081159097996,-0.03710924729343412,0.7782220715577243,Aerospace & Defense,Industrials,RGR
2016Q2,2016,Q2,2016-08-02,2016-07-02,23515000.0,167944000.0,36484000.0,1.22,56694000.0,0.3375768113180584,343707000.0,254828000.0,219812000.0,79069000.0,88879000.0,38783000.0,269991000.0,1233334990.96,1130265990.96,13.434238614363103,2.7800022764926835,0.0,0.0,0.09162995886389091,13.434238614363103,0.09227792864206445,7.343727617301005,13.112215510950456,4.839872349035427,0.38715713374441846,2.868524869143697,0.007381611700575894,0.48862548624264274,2.1253209222324805,0.06841583092575944,38.938403452674116,0.3375768113180584,0.008264462809917363,1.1665950977287858,1.1014080254570757,0.972332316589198,-0.04092162468492548,0.010181287052152247,0.007817463605977735,-0.258154779559512,-0.04652196205387794,0.9129874709848478,Aerospace & Defense,Industrials,RGR
2016Q1,2016,Q1,2016-05-02,2016-04-02,23278000.0,173109000.0,36201000.0,1.21,59113000.0,0.3414784904308846,325423000.0,239748000.0,200966000.0,77038000.0,85675000.0,32274000.0,255685000.0,1356728241.74,1276265241.74,12.655999360622552,2.608660660972507,0.0,0.0,0.09663713722789552,12.655999360622552,0.09709361496237716,7.837421750111202,14.570927933456483,5.65897626566228,0.2850760374602629,3.5321311272231517,0.004891178495325894,0.5319507225979725,2.014707027700615,0.07153151436745406,58.77607944114717,0.3414784904308846,0.37499999999999994,1.8995695779428705,1.2714505928961573,0.9909767010204431,0.22531766266608627,0.3612865497076023,0.38717093918841244,-0.001011633652501205,0.13019253801229502,1.1859276172588533,Aerospace & Defense,Industrials,RGR
2015Q4,2015,Q4,2016-02-24,2015-12-31,17100000.0,152396000.0,26097000.0,0.88,48243000.0,0.31656342686159744,315883000.0,227738000.0,189272000.0,81993000.0,88145000.0,37099000.0,239098000.0,1115461126.11,1046236126.1099999,12.170269193819731,2.3083921798202285,0.0,0.0,0.07413463744189966,12.170269193819731,0.07508628336070397,7.319490840376387,16.307911200438596,4.898001765669322,0.27345029239766083,2.8074341626458934,0.004191988309181903,0.4824444493689119,1.7190004024733818,0.054133967323344405,83.22473521674252,0.31656342686159744,0.41935483870967744,2.0438110939618106,1.4166469289300845,1.023334574918921,0.41845285348857725,0.42940733929616315,0.45298145982963084,-0.11509716367202709,0.10072251363084658,1.4538333436330038,Aerospace & Defense,Industrials,RGR
2015Q3,2015,Q3,2015-11-04,2015-09-26,11963000.0,120871000.0,17961000.0,0.62,34011000.0,0.2813826310694873,293121000.0,214139000.0,165757000.0,70504000.0,78982000.0,40761000.0,226833000.0,1116481341.0,1056229341.0,11.450346575921863,2.351029728809713,0.0,0.0,0.055216912267092966,11.450346575921863,0.05586558263557782,9.236966195365307,23.331968172699156,5.213815984010386,0.5627350998913316,2.1309585142660876,0.0060296574181619034,0.4123587187543711,1.6060649041189152,0.04081249722810716,190.65596670081968,0.2813826310694873,-0.3186813186813187,1.0139192742720298,1.1048086647267614,1.0065073385415653,-0.2988579203430362,-0.3187357630979499,-0.32712696212490167,-0.2970546403159642,0.04288627124380281,0.2542529785791499,Aerospace & Defense,Industrials,RGR
2015Q2,2015,Q2,2015-07-28,2015-06-30,17560000.0,140872000.0,26693000.0,0.91,48508000.0,0.3443409620080641,291667000.0,207993000.0,161098000.0,74792000.0,83674000.0,34189000.0,221831000.0,1074178441.3500001,1013054441.3500001,11.12403432243767,2.153946946197454,0.0,0.0,0.08263047827437778,11.12403432243767,0.08442591817993875,7.62520899362542,15.292973253843964,5.164493234628089,0.34071753986332576,2.701570680628272,0.005569838091779908,0.48298916229810024,1.5407663921275003,0.06020564547926231,29.735866497342492,0.3443409620080641,0.12345679012345676,1.2028414166988455,1.2461426924385766,0.9533916613625956,0.1717757325410054,0.1326839966458105,0.12183743800958224,-0.0013507273284444393,0.2069929133859546,0.3095912961093272,Aerospace & Defense,Industrials,RGR
2015Q1,2015,Q1,2015-05-04,2015-03-28,15503000.0,136954000.0,23794000.0,0.81,41397000.0,0.302269375118653,267643000.0,195447000.0,133616000.0,63005000.0,72196000.0,29292000.0,210457000.0,938220301.55,907420301.55,10.463750138193756,2.1207205777319262,0.0,0.0,0.07791593138332469,10.463750138193756,0.07932073656796983,6.850623578354775,15.129657188124877,4.8003822087317785,0.20499258208088758,3.262221767035368,0.0033872641582683096,0.5117040236434355,1.4892627569240537,0.057924175113864364,32.94197189529862,0.302269375118653,2.0945945945945947,0.9050101409698561,1.0497584100311388,0.9374645811930485,0.21899293286219082,2.0504099193712313,1.9657047769795852,0.024985081081752746,0.24774159465217765,0.335530267533066,Aerospace & Defense,Industrials,RGR
2014Q4,2014,Q4,2015-02-25,2014-12-31,-14759000.0,122605000.0,-24639000.0,-0.74,33960000.0,0.2769870723053709,254382000.0,185462000.0,118174000.0,60382000.0,68920000.0,44689000.0,198159000.0,670711346.6400001,661810346.6400001,9.575727460366437,1.9571064224437746,0.0,0.0,-0.07907896176976144,9.575727460366437,-0.07957964434762917,5.470505661596183,-11.36105675587777,3.61643542418393,-0.18415881834812656,1.983597753362125,0.004052413923837893,0.4819719948738511,0.9710840979099732,-0.05801904222783059,86.85720624708627,0.2769870723053709,-3.176470588235294,-3.458590953345289,0.8889475799022307,0.9109470133858141,0.43061757519588845,-3.1765226367792363,-3.4737951807228917,-2.3673707200724152,0.28146000852079406,0.3155290798845376,Aerospace & Defense,Industrials,RGR
2014Q3,2014,Q3,2014-10-29,2014-09-27,6781000.0,98327000.0,9960000.0,0.34,23738000.0,0.2414189388469088,265277000.0,206206000.0,131515000.0,48981000.0,59071000.0,47704000.0,215734000.0,938250555.84,910196555.84,10.619630180852395,2.6850207223208997,0.0,0.0,0.030910770830945875,10.619630180852395,0.03288459113701832,9.542145655211693,34.59115749299513,4.550064284453411,1.2887479722754756,1.5635795740399128,0.009314143163151253,0.37065784067220303,1.5086666258345072,0.025561959762813963,-89.34868639558138,0.2414189388469088,-0.6964285714285714,-0.06307438270872184,0.3565536894774241,1.298318646641947,-0.528568307747304,-0.6957282598941039,-0.6986110690834266,-0.3827137460757564,0.19368019538896808,0.47202967756615866,Aerospace & Defense,Industrials,RGR
2014Q2,2014,Q2,2014-07-29,2014-06-28,22286000.0,153657000.0,33047000.0,1.12,50353000.0,0.32769740395816654,283690000.0,207089000.0,150412000.0,65662000.0,76601000.0,40379000.0,218007000.0,1141896300.66,1094461300.66,10.6691350720362,2.2907008619901923,0.0,0.0,0.1073103291391325,10.6691350720362,0.10761556625412262,7.4314629379722374,12.809569916763888,5.514036480257281,0.4269047832720093,2.558359543326977,0.008331754813901264,0.5416369981317636,1.5098382626176479,0.07855758045754169,172.28369050392277,0.32769740395816654,-0.081967213114754,1.5210687751013736,1.084232029202706,1.46598970807235,-0.1762020843217774,-0.08359718738434968,-0.12963206826621718,1.0066478750528254,0.8789036660948992,0.5663768149937568,Aerospace & Defense,Industrials,RGR
2014Q1,2014,Q1,2014-05-05,2014-03-29,24319000.0,169884000.0,37969000.0,1.22,61123000.0,0.35979256433801887,289373000.0,192848000.0,161007000.0,86421000.0,96525000.0,29137000.0,205586000.0,1159826805.39,1110056805.39,9.958096041862339,1.8630541187905718,0.0,0.0,0.1250211927311727,9.958096041862339,0.12610449680577449,6.82716915889666,11.923051990110615,6.014201886407948,0.43073317159422675,3.7327453066547687,0.009031520871323289,0.5870761957750033,1.3847328774256258,0.08404032166097045,189.17416496330128,0.35979256433801887,-0.0827067669172933,3.118471215881262,1.6297993107876958,1.5760226442811691,-0.03942984661805381,-0.08489181561618062,-0.10023934216450626,1.9631477255877672,1.1804987665629922,0.5665564323240097,Aerospace & Defense,Industrials,RGR
2013Q4,2013,Q4,2014-02-25,2013-12-31,26575000.0,181900000.0,42199000.0,1.33,63632000.0,0.3498185816382628,277118000.0,179086000.0,157626000.0,88166000.0,98032000.0,23261000.0,192088000.0,1411956713.04,1356892713.04,9.270394495181089,1.7878320440986322,0.0,0.0,0.14962630690641815,9.270394495181089,0.14839239248182437,7.762268900714679,13.28275365042333,7.8842383717320175,0.422238946378175,5.084390180989639,0.007947127483703614,0.6563990790926609,1.3888346981829731,0.09589777639850172,118.52234643162932,0.3498185816382628,-0.07638888888888881,3.793942657454025,2.230801627068222,1.8359892261434432,0.010994598029869717,-0.07310522827944613,-0.05772150768131475,3.582123133077634,1.794114718149892,0.5412238962440628,Aerospace & Defense,Industrials,RGR
2013Q3,2013,Q3,2013-11-05,2013-09-28,28671000.0,170942000.0,44784000.0,1.44,62940000.0,0.36819506031285465,250376000.0,152593000.0,147906000.0,80144000.0,97783000.0,19968000.0,177154000.0,1229541759.04,1175285759.04,7.888151019427453,1.845503094430026,0.0,0.0,0.18636060787931943,7.888151019427453,0.1878919740748265,7.192742328041089,10.721127263088137,8.057655063076288,0.43863136967667676,5.408754006410256,0.010228200797197056,0.6827411572994216,1.4734602715112797,0.11451177429146564,579.6990848844885,0.36819506031285465,-0.11656441717791409,78.87114244449756,3.2357856894200694,1.190430699464798,-0.1100616480968271,-0.11257273740250093,-0.11759142496847415,3.6661913024936124,1.877776303056247,0.3822841783049731,Aerospace & Defense,Industrials,RGR
2013Q2,2013,Q2,2013-07-31,2013-06-29,32308000.0,179528000.0,50752000.0,1.63,70724000.0,0.3939441201372488,236543000.0,135773000.0,146380000.0,82396000.0,100770000.0,16054000.0,161528000.0,928785615.56,864004615.56,7.022648510837796,1.776542550609253,0.0,0.0,0.23736203377593124,7.022648510837796,0.2379560000883828,5.173486116706028,7.186963101708555,6.84072396986146,0.2933638727250217,6.777376354802541,0.010204723071949555,0.7589656003348229,1.4821714646342055,0.13658404602968593,32.799576775788395,0.3939441201372488,0.3583333333333333,30.77834551822494,3.941671588515844,0.8288804536065322,0.15356636056696407,0.3621721898979678,0.36790469516468116,2.919608698458072,1.7683358171486856,0.23318417078965875,Aerospace & Defense,Industrials,RGR
2013Q1,2013,Q1,2013-04-29,2013-03-30,23718000.0,155905000.0,37102000.0,1.2,61309000.0,0.39324588691831563,211475000.0,111638000.0,127805000.0,80712000.0,99837000.0,14090000.0,139053000.0,978174287.3699999,932563287.3699999,5.789761408702607,1.5834696203786303,0.0,0.0,0.2110382148851991,5.789761408702607,0.2124545405686236,6.274168803886981,10.310463438843916,8.762019091796699,0.3290328020912387,6.713697657913413,0.007978128336395428,0.7372266225322142,1.3020740410347904,0.11215510107577728,43.08758203550347,0.39324588691831563,0.18811881188118806,16.427559883613938,2.9132260962064223,0.5343695630308148,0.23954226562342049,0.19866579067064233,0.19241523381005946,1.8232535133930936,1.2603634026992627,0.07203034426202576,Aerospace & Defense,Industrials,RGR
2012Q4,2012,Q4,2013-02-27,2012-12-31,19787000.0,141767000.0,31115000.0,1.01,49461000.0,0.34888937481924565,174486000.0,95032000.0,96921000.0,59491000.0,79454000.0,16009000.0,123442000.0,869902544.6,838924544.6,4.959696723250624,1.6291707989443782,0.0,0.0,0.20627824853311158,4.959696723250624,0.20821407525886018,6.13614271727553,10.990834191640976,9.153785510143951,4.752008894728863,5.765881691548504,0.10809026894298386,0.8124835230333666,1.2438183926980553,0.11340164826977522,47.213163886024425,0.34888937481924565,0.14772727272727273,11.32878670664323,3.877999020082925,0.464022876576913,0.1620110419358628,0.14052683151766673,0.14237985093806219,2.3317907172733796,1.2077774188353567,-0.010235234887052445,Aerospace & Defense,Industrials,RGR
2012Q3,2012,Q3,2012-10-31,2012-09-29,17349000.0,118152000.0,27237000.0,0.88,42565000.0,0.3602562800460424,247785000.0,174047000.0,172516000.0,54207000.0,73738000.0,13370000.0,202328000.0,943518684.1500001,868395684.1500001,9.129216172078069,3.1825410002398216,0.0,0.0,0.09859043444689627,9.129216172078069,0.09967997150195063,7.985634472120659,13.596153728601072,5.421056864812379,0.4163352354602571,5.6534779356768885,0.007655386291059067,0.47683273805920456,2.8145811426568526,0.07001634481506144,57.8384530221296,0.3602562800460424,-0.04347826086956525,34.56675879913335,3.4266434118041045,1.0626813614780726,-0.05691939557761333,-0.03691573220828245,-0.03752782783843952,1.4414322101914232,0.6602142199357932,0.9757606809456818,Aerospace & Defense,Industrials,RGR
2012Q2,2012,Q2,2012-08-01,2012-06-30,18014000.0,119569000.0,28299000.0,0.92,45134000.0,0.3774724217815655,230409000.0,162709000.0,160108000.0,48208000.0,67700000.0,9210000.0,192203000.0,769078349.05,693118349.05,8.494279364475108,3.321191503484899,0.0,0.0,0.10957078139320463,8.494279364475108,0.1107129906766067,6.432088158720069,10.67334224839014,4.726710563337001,0.34489841234595314,8.081976112920739,0.008078500724503005,0.5189424024235164,2.9722452704945237,0.07818270987678433,120.71548407628315,0.3774724217815655,0.16455696202531644,3.152835041760044,2.358929073823892,0.9008729070644641,0.07994161701720384,0.1636950904392765,0.15903505897771952,1.0649308256730203,0.6434446985798272,0.9633086795562774,Aerospace & Defense,Industrials,RGR
2012Q1,2012,Q1,2012-05-01,2012-03-31,15480000.0,112337000.0,24416000.0,0.79,41793000.0,0.372032366896036,221393000.0,149778000.0,160362000.0,52135000.0,71615000.0,7621000.0,180402000.0,938633161.5,862798161.5,7.834903028833592,3.07589910808478,0.0,0.0,0.10270098610458557,7.834903028833592,0.10335296238432881,8.355512088626186,15.158804287790698,6.266829317389737,0.2622093023255814,9.256528014696235,0.0043243731060102755,0.5074099000420067,2.778459767910233,0.0699209098751993,49.94323515483665,0.372032366896036,0.4363636363636363,1.2744623519135385,1.7454788286697667,0.8580625764153661,0.385158425029829,0.47162277783059225,0.525142107564495,1.6557409233967995,0.7616408726562706,1.0267817796872643,Aerospace & Defense,Industrials,RGR
2011Q4,2011,Q4,2012-02-22,2011-12-31,10519000.0,93241000.0,16009000.0,0.55,30172000.0,0.3235915530721464,206510000.0,137391000.0,146242000.0,49596000.0,69119000.0,10217000.0,168981000.0,631557500.0,550501500.0,7.278993377483443,2.9486652149366885,0.0,0.0,0.07340775256422005,7.278993377483443,0.07656251137265177,6.773388316298624,15.0099225211522,4.59678945491335,0.2552524004182907,6.172947049035921,0.004251394370267157,0.4515084015301922,2.485704492297766,0.05093700062950947,139.84887068201948,0.3235915530721464,-0.01785714285714287,6.652857466212023,2.148407958030633,1.3005773448748716,0.03587736464448793,-0.020303622985936482,-0.051992657073488484,0.9420950316751552,0.6949659451315371,1.2267819138056297,Aerospace & Defense,Industrials,RGR
2011Q3,2011,Q3,2011-11-02,2011-10-01,10737000.0,80512000.0,16887000.0,0.56,29127000.0,0.3617721581875994,185675000.0,136918000.0,126744000.0,38977000.0,48757000.0,7755000.0,161147000.0,493068054.90000004,439724054.90000004,7.214277227352373,3.251763860738384,0.0,0.0,0.07770140393373133,7.214277227352373,0.07841919981302678,6.124156087291336,11.480582446214028,3.601192355278342,0.25137375430753467,6.6260477111540945,0.005473889401631158,0.43361788070553386,2.8930651409805783,0.05782684798707419,80.79109534655088,0.3617721581875994,0.0,14.771494284994393,1.719843108234359,1.1329591532041976,0.02325663095028983,-0.007028576713215574,-0.01025671081936467,29.487490932241965,1.033468683047313,1.0033052453386484,Aerospace & Defense,Industrials,RGR
2011Q2,2011,Q2,2011-07-27,2011-07-02,10813000.0,79622000.0,17062000.0,0.56,28465000.0,0.35750169551129085,175337000.0,128720000.0,118251000.0,36847000.0,46617000.0,4049000.0,153109000.0,418399041.06,406361041.06,6.811346395010784,3.2092436290607105,0.0,0.0,0.08350969682820739,6.811346395010784,0.08400403977625855,5.254817023686921,9.673518936927772,3.250458678216283,0.1698880976602238,12.634477648802173,0.004390545435634895,0.45410837415947575,2.941569191521698,0.06166981298870176,50.869184323404255,0.35750169551129085,0.33333333333333354,9.633945089641282,2.2141824145934854,0.6013920903360492,0.18628881016878515,0.36063923493142064,0.3695617274040777,9.880950372736717,1.2421991699433659,0.7738518829974042,Aerospace & Defense,Industrials,RGR
2011Q1,2011,Q1,2011-04-26,2011-04-02,7947000.0,75441000.0,12458000.0,0.42,23995000.0,0.31806312217494465,166514000.0,119201000.0,112619000.0,37512000.0,47313000.0,3548000.0,144134000.0,432985711.92,427595711.92,6.356678786916955,3.0022126252932395,0.0,0.0,0.06584439538176705,6.356678786916955,0.06666890378436423,5.7393951819302504,13.621042906757268,3.6323999959731883,0.11803196174657103,14.5,0.002166353240250358,0.45306100387955367,2.740509703561527,0.047725716756549,26.35336043335362,0.31806312217494465,0.4,7.03147057318345,1.2827691049784202,0.5137788844274341,0.16889127045985972,0.39079453972698636,0.4575874575874576,5.0043151611165495,0.9470812824717566,0.6846107747978203,Aerospace & Defense,Industrials,RGR
2010Q4,2010,Q4,2011-02-23,2010-12-31,5714000.0,64139000.0,8547000.0,0.3,20528000.0,0.32005488080575,157761000.0,114480000.0,105224000.0,33339000.0,43281000.0,9827000.0,137125000.0,291007796.53,285875796.53,6.0149563718632235,3.1561834488137017,0.0,0.0,0.04777728824152709,6.0149563718632235,0.049912648497554155,4.5371427139493905,12.73222770957298,2.5419968250349405,0.2569128456422821,4.437875241681083,0.0050445383852410425,0.40655802131071683,2.6752452083145863,0.036219344451417015,48.50129942166666,0.32005488080575,-0.03225806451612906,5.709371029285219,1.3684639294711924,0.5525528644505264,0.10466555453909487,-0.054130110908789934,-0.08185626812761844,4.002805486407079,1.221807115717822,0.7755185894205816,Aerospace & Defense,Industrials,RGR
2010Q3,2010,Q3,2010-10-27,2010-10-02,6041000.0,58401000.0,9309000.0,0.31,18583000.0,0.3181966062224962,147220000.0,108534000.0,96132000.0,25844000.0,38686000.0,10515000.0,132879000.0,261511401.25,256019401.25,5.706605879769458,3.7197028323788888,0.0,0.0,0.054893392384821195,5.706605879769458,0.05565997751856561,4.477858277255526,10.822355621999668,2.4094882824736947,0.3160072835623241,3.78678078934855,0.007299872934316281,0.39669202554000815,3.053629469122427,0.041033826925689444,136.4882052453027,0.3181966062224962,-0.26190476190476186,9.731081668988585,1.3549344447738574,0.3377801370310195,-0.1452161913523459,-0.26185239491691104,-0.2634119322677639,12.716257766097977,1.1933041797229693,0.2893669471321377,Aerospace & Defense,Industrials,RGR
2010Q2,2010,Q2,2010-07-28,2010-07-03,8184000.0,64389000.0,12638000.0,0.42,21740000.0,0.337635310379102,146129000.0,109316000.0,95914000.0,23871000.0,36813000.0,8911000.0,128748000.0,274694760.0,268987760.0,5.6947280683475725,4.0180134891709605,0.0,0.0,0.07398737379266461,5.6947280683475725,0.07486552746167076,4.26617527838606,8.391213343108506,2.512850451900911,0.21920821114369501,4.786107058691505,0.0065308854089535595,0.4406312230974002,3.3962548699258512,0.05600531037644821,295.37070967741937,0.337635310379102,-0.023255813953488393,5737.602000416753,1.6244328276706144,0.2936380116262316,-0.060135748562535125,-0.015873015873015872,-0.020310077519379844,0.8826710186853145,0.8049626153848429,0.27438171429747443,Aerospace & Defense,Industrials,RGR
2010Q1,2010,Q1,2010-04-27,2010-04-03,8316000.0,68276000.0,12900000.0,0.43,23131000.0,0.33878668931981953,148324000.0,103084000.0,100544000.0,32201000.0,45240000.0,7161000.0,122357000.0,233815750.0,228173750.0,5.400743961858857,3.1223875034936803,0.0,0.0,0.08008848276606735,5.400743961858857,0.08067207326064181,3.424567197844045,7.029093013468013,2.268206026153428,0.1378066378066378,6.3042871107387235,0.0049012951437189325,0.4603166041908255,2.6860035402627247,0.056066449124888756,55.1972969782814,0.33878668931981953,0.3870967741935484,2.185230208914707,1.1749477237330122,0.19958583632598506,0.08774982365389138,0.4075829383886256,0.40783586161737423,0.2237677522318142,0.6712448232941595,0.28079699307077843,Aerospace & Defense,Industrials,RGR
2009Q4,2009,Q4,2010-02-24,2009-12-31,5908000.0,63879000.0,9163000.0,0.31,21265000.0,0.3328950046181061,141679000.0,95516000.0,98411000.0,33034000.0,46163000.0,9658000.0,115187000.0,184894813.7,179886813.7,5.010985335171681,2.979082157776836,0.0,0.0,0.05947153467462113,5.010985335171681,0.06185351145357846,2.894453790760657,7.823917302809749,1.9357470340047738,0.30991875423155046,4.412300683371298,0.009902927850485186,0.4508713359072269,2.445904219894654,0.04169989906761058,41.512082105972155,0.3328950046181061,-0.16216216216216217,8.192475572582268,1.4171676998809528,0.12172546365187253,-0.02373519419704343,-0.16882386043894204,-0.19133350984026123,4.143894991366427,1.1358765757457883,0.5837573603593249,Aerospace & Defense,Industrials,RGR
2009Q3,2009,Q3,2009-10-28,2009-10-03,7108000.0,71186000.0,11331000.0,0.37,21782000.0,0.3059871323012952,139947000.0,88115000.0,94899000.0,33925000.0,51832000.0,7048000.0,111110000.0,234370299.99999997,228489299.99999997,4.620608285264814,2.7973176123802506,0.0,0.0,0.07973144512862422,4.620608285264814,0.08066730976564716,3.2923650717837774,8.243187253798535,2.6598229586336033,0.3299099606077659,7.009648127128263,0.010005533977641366,0.5086639942263858,2.354075165806927,0.05079065646280378,19.87199423435645,0.3059871323012952,-0.1777777777777778,502.5295962244363,1.839330220427967,0.006167430510356709,-0.12983381271971875,-0.18110599078341014,-0.18919499105545617,9.390927995029038,1.3932874003056983,0.36612004568664364,Aerospace & Defense,Industrials,RGR
2009Q2,2009,Q2,2009-07-29,2009-07-04,8680000.0,72390000.0,13975000.0,0.45,25032000.0,0.34579361790302526,128522000.0,82459000.0,85069000.0,28225000.0,46063000.0,6065000.0,106347000.0,238428090.0,234538090.0,4.326512408835721,3.013959255978742,0.0,0.0,0.1050764622418414,4.326512408835721,0.10526443444620963,3.2936605884790717,6.86716849078341,2.891474429716586,0.0,7.80840890354493,0.0,0.5632498716173107,2.5200354295837024,0.06753707536452903,23.952992766726943,0.34579361790302526,0.5000000000000001,27.58572609156701,2.1245532403840603,-0.07809003322291751,0.28198299702960156,0.4947477182710522,0.4813440746237015,7.464102022246128,1.8975368565790842,0.017191366941090823,Aerospace & Defense,Industrials,RGR
2009Q1,2009,Q1,2009-04-28,2009-04-04,5807000.0,63529000.0,9434000.0,0.3,19526000.0,0.3073556958239544,118532000.0,73622000.0,79521000.0,27194000.0,44910000.0,8312000.0,99307000.0,226635500.0,222713500.0,3.865686531898136,2.924211223063911,0.0,0.0,0.07944854229475237,3.865686531898136,0.07887587949254299,3.5674337704040675,9.756995867057,3.0783665208769118,0.0,5.293912415784408,0.0,0.5359649714844936,2.1883871442229905,0.048990989774913105,33.98852729454109,0.3073556958239544,0.03448275862068969,1.1153435260147961,1.2309779886281944,-0.21271490755874023,0.16600979338349456,0.008334780343809689,0.0031901318587834963,4.778463054515067,0.8927585832633871,-0.07942577532046598,Aerospace & Defense,Industrials,RGR
2008Q4,2008,Q4,2009-02-24,2008-12-31,5759000.0,58491000.0,9404000.0,0.29,16746000.0,0.2863004564804842,112760000.0,65603000.0,75768000.0,29518000.0,47157000.0,11939000.0,93500000.0,119813124.0,111125124.0,3.26883981424272,2.5668405718544616,0.00886839304717985,0.015243205341219151,0.08753806542584804,3.26883981424272,0.08778561956008109,2.0484027286249167,5.201125368987671,1.8263360517049525,0.0,3.496523996984672,0.0,0.5187211777225966,1.8312555051155228,0.05107307555870876,16.121249192680303,0.2863004564804842,13.499999999999998,1.6145452851608013,1.0526091715001804,-0.342556647003836,1.4418197725284339,14.481182795698924,23.812664907651715,5.501288287622865,1.0483337229057441,-0.1562621067756158,Aerospace & Defense,Industrials,RGR
2008Q3,2008,Q3,2008-10-29,2008-09-27,372000.0,41822000.0,379000.0,0.02,6858000.0,0.1639806800248673,100011000.0,72193000.0,68608000.0,24460000.0,27818000.0,16830000.0,87741000.0,140329000.0,137749000.0,3.6011872100563673,2.8049059689288636,0.0,0.0,0.0032494704237644736,3.6011872100563673,0.005152854154834957,3.3553871168284637,94.30712365591398,1.9438034158436415,0.0,2.077480689245395,0.0,0.4181740008599054,1.721954210956664,0.003719590845007049,-169.88983050847457,0.1639806800248673,-0.6,-0.8703605716597149,0.5247598913872337,-0.2907163788409323,-0.19270158917010005,-0.6561922365988909,-0.7444369521240728,1.510082817126433,0.5999332915610698,-0.15578597491330717,Aerospace & Defense,Industrials,RGR
2008Q2,2008,Q2,2008-07-23,2008-06-28,1082000.0,38664000.0,1483000.0,0.05,8495000.0,0.21971342851231118,102077000.0,79009000.0,72124000.0,19711000.0,23068000.0,17881000.0,87368000.0,149381760.0,133276760.0,3.8398619751166407,3.6590736137182285,0.0,0.0,0.01163848404198702,3.8398619751166407,0.013694642382513384,3.8635878336436997,34.51519408502772,1.890692959029984,0.0,1.6872098875901795,0.0,0.3787728871342222,2.758003145451778,0.01059984129627634,-42.1744099378882,0.21971342851231118,-0.28571428571428575,0.3672747575149699,0.5901382714228448,-0.25208249956671525,-0.20272172688878462,-0.2548209366391185,-0.3624247635425623,708.564687013997,0.4702133208174993,-0.12772105168308004,Aerospace & Defense,Industrials,RGR
2008Q1,2008,Q1,2008-04-22,2008-03-29,1452000.0,42506000.0,2326000.0,0.07,10655000.0,0.2506704935773773,104469000.0,77626000.0,75323000.0,23429000.0,26843000.0,13263000.0,86286000.0,167044639.99999997,163224639.99999997,3.773381294964029,3.214947287549618,0.0,0.0,0.018577284328326962,3.773381294964029,0.018705073042537296,3.9299073072036883,28.761129476584017,2.151916110581506,0.0,2.4014928749151774,0.0,0.40687668112071523,2.2439711468692645,0.013898859948884358,-121.93039416058392,0.2506704935773773,1.7,-0.5804251553354061,0.35183513972429736,-0.28745025592044776,1.1258978451715882,1.6467706013363028,2.0188348664038545,-0.48399475093816435,0.2562964972241256,-0.16187569926231052,Aerospace & Defense,Industrials,RGR
2007Q4,2007,Q4,2008-02-26,2007-12-31,-2245000.0,34058000.0,-2283000.0,-0.1,5012000.0,0.14716072582065887,101882000.0,76069000.0,73512000.0,20248000.0,25813000.0,13297000.0,84834000.0,185922001.44,180816001.44,3.3877180490834116,3.6305807981035163,0.0,0.0,-0.018602276861327597,3.3877180490834116,-0.0295126792780239,5.458981779317635,-20.704009069042314,2.444123117695776,0.0,2.1844024968037905,0.0,0.33428868691231034,2.530916633741604,-0.022035295734280834,-23.374654443047522,0.14716072582065887,-2.3333333333333335,-7.2750346067820475,0.17281354502698382,-0.3294216355205753,-0.10420017873100983,-2.6385737439222043,0.10994152046783626,-3.9652470954592447,0.09400765423783246,-0.24164822980873638,Aerospace & Defense,Industrials,RGR
2007Q3,2007,Q3,2007-10-24,2007-09-30,-617000.0,31863000.0,-2565000.0,-0.03,5595000.0,0.1755955183127766,125167000.0,100729000.0,97679000.0,17866000.0,24438000.0,11481000.0,87079000.0,413075849.99999994,410369849.99999994,4.425897447163759,5.467312213142281,0.0,0.0,-0.00901923827194129,4.425897447163759,-0.00612534622601237,12.964122963939364,-167.37271069692056,4.100863207219371,0.0,2.2879540109746537,0.0,0.2545639026260915,4.401041083622523,-0.004929414302491871,-69.5765285497726,0.1755955183127766,-1.1363636363636365,-1.536442176721297,-0.00957221416064052,-0.24140600351177058,-0.5738117001828154,-1.120249464042097,-1.4241071428571428,-35.4780680170482,0.0648918307894073,-0.03623211768104089,Aerospace & Defense,Industrials,RGR
2007Q2,2007,Q2,2007-07-24,2007-06-30,5131000.0,42107000.0,6048000.0,0.22,13128000.0,0.3117771391930083,132814000.0,101250000.0,103901000.0,23168000.0,31564000.0,11570000.0,87696000.0,351652160.0,345204160.0,4.4686203548415575,4.484677140883978,0.0,0.0,0.035780029574285936,4.4686203548415575,0.050676543209876544,8.35139430498492,17.133704930812705,3.473107753086419,0.0,2.5046672428694903,0.0,0.3170373605192224,3.6269423342541436,0.03863297543933621,30.846680701754387,0.3117771391930083,-0.3714285714285714,1.097800292883069,0.2570545312682128,-0.2532180613102996,-0.1564608365996273,-0.36339950372208435,-0.23588123815540113,14.219327225217603,0.5287701363975966,-0.047809123473659294,Aerospace & Defense,Industrials,RGR
2007Q1,2007,Q1,2007-04-23,2007-03-31,8060000.0,48456000.0,7915000.0,0.35,15563000.0,0.32117797589565794,127520000.0,95462000.0,94845000.0,23612000.0,32058000.0,14664000.0,82565000.0,304494550.0,299355550.0,4.216705684880075,4.016813484668813,0.0,0.0,0.04966374365993966,4.216705684880075,0.08443150153987974,6.283939037477299,9.444620037220844,3.1896938048647625,0.0,2.243112384069831,0.0,0.37998745294855707,3.016898187362358,0.06320577164366374,17.557201752868593,0.32117797589565794,4.549695740365112,1.0942517577104425,0.17795086165732926,-0.31249172993806157,5.463039867109635,3.962146269753767,2.687273502451503,1.469948277822069,0.4315105874147814,-0.14122640376421675,Aerospace & Defense,Industrials,RGR
