Quarters,Year,Quarter,FillingDate,Date,NetIncome,Revenue,OperatingIncome,EPSDiluted,GrossProfit,GrossProfitRatio,TotalAssets,CommonStockEquity,CurrentAssets,CurrentLiability,TotalLiability,Inventory,RetainedEarnings,MarketCap,EnterpriseValue,bookValuePerShare,currentRatio,debtToAssets,debtToEquity,roic,shareholdersEquityPerShare,roe,priceToSalesRatio,peRatio,pbRatio,payoutRatio,inventoryTurnover,dividendYield,assetTurnover,quickRatio,returnOnAssets,priceToFreeCashFlowsRatio,grossProfitMargin,epsdilutedGrowth,fiveYNetIncomeGrowthPerShare,fiveYRevenueGrowthPerShare,fiveYShareholdersEquityGrowthPerShare,grossProfitGrowth,netIncomeGrowth,operatingIncomeGrowth,threeYNetIncomeGrowthPerShare,threeYRevenueGrowthPerShare,threeYShareholdersEquityGrowthPerShare,Industry,Sector,Symbol
2023Q1,2023,Q1,2023-05-09,2023-03-31,40451000.0,79702000.0,52469000.0,1.51,79702000.0,1.0,6700471000.0,642925000.0,4412715000.0,83088000.0,6057546000.0,0.0,403339000.0,1189853700.0,1093186700.0,23.937041587549796,53.10893269786251,0.014705682630370313,0.15326048917058754,0.05094426746431195,23.937041587549796,0.06291713652447797,14.928780959072546,7.353672962349508,1.8506881829140256,0.27942448888779015,0.0,0.009499487205864049,0.011894984695851978,53.75494656268053,0.006037038291785757,21.803773066280627,1.0,0.034246575342465786,1.2825614996496741,0.7114460546875643,0.09107736766212242,0.006516303386962342,0.02813643757625051,-0.03851862710963699,1.4033583583146563,0.5688847255753808,-0.0816646374697073,Banks—Regional,Financial Services,WABC
2022Q4,2022,Q4,2023-03-01,2022-12-31,39344000.0,79186000.0,54571000.0,1.46,79186000.0,1.0,6950317000.0,602110000.0,4625979000.0,167535000.0,6348207000.0,0.0,383094000.0,1588077120.0,1367379120.0,22.373290725326992,27.612015399767213,0.010580524600532609,0.12213382936672701,0.05740499240282925,22.373290725326992,0.06534354187772998,20.05502386785543,10.090973973159821,2.6375199216090084,0.28728649857665717,0.0,0.007117412534726274,0.011393149405991123,27.931697854179724,0.005660748998930552,37.97410616929699,1.0,0.13178294573643404,8.272137107838654,0.45357268997007044,9.810008662152351e-05,0.09777771616319854,0.13187571921749136,0.14038827241761226,0.9078420063780643,0.5557781010725485,-0.17256843343797706,Banks—Regional,Financial Services,WABC
2022Q3,2022,Q3,2022-11-08,2022-09-30,34760000.0,72133000.0,47853000.0,1.29,72133000.0,1.0,7177025000.0,538988000.0,4839502000.0,76886000.0,6638037000.0,0.0,355053000.0,1406914740.0,1086711740.0,20.032260462350404,62.94386494290248,0.0130223874098251,0.17340274737099898,0.054107831872384646,20.032260462350404,0.06449123171573393,19.504453440173013,10.118776898734177,2.6102895426243258,0.32517261219792865,0.0,0.008033891236365895,0.01005054322647615,62.94386494290248,0.004843232397825004,48.116099179206564,1.0,0.372340425531915,1.2633503778846227,0.559763093013753,-0.1273737360375378,0.22721086120657388,0.3731531958599984,0.20908080246601649,0.7098260133448451,0.41721628425625173,-0.24221018753453571,Banks—Regional,Financial Services,WABC
2022Q2,2022,Q2,2022-08-08,2022-06-30,25314000.0,58778000.0,39578000.0,0.94,58778000.0,1.0,7222405000.0,617126000.0,5360407000.0,118167000.0,6605279000.0,0.0,331596000.0,1496641740.0,879071740.0,22.950872103834282,45.362977819526606,0.01879193980398496,0.21992753505767057,0.03808180603050022,22.950872103834282,0.04101917598675149,25.46261764605805,14.780770917278975,2.425180173902898,0.44607726949514104,0.0,0.007544891805569983,0.00813828634644554,32.152250628348014,0.00350492668300933,146.6433215755438,1.0,0.11904761904761903,0.5670965720294198,0.2829343831632816,0.013416833377666262,0.07151581441983411,0.11929607357622922,0.10263553797292027,0.292427799779845,0.14519329012340426,-0.10829333274471478,Banks—Regional,Financial Services,WABC
2022Q1,2022,Q1,2022-05-09,2022-03-31,22616000.0,54855000.0,35894000.0,0.84,54855000.0,1.0,7306417000.0,701744000.0,5688824000.0,124442000.0,6604673000.0,0.0,317574000.0,1625635000.0,729940000.0,26.116263490882023,45.71466225229424,0.019421010325580926,0.20220764267311156,0.03144513364850804,26.116263490882023,0.03222827697849928,29.635128976392306,17.969965953307394,2.3165641601495706,0.4989388043862752,0.0,0.006941287558400256,0.007507783911046961,45.71466225229424,0.0030953612420424404,51.40347826086956,1.0,0.03703703703703693,0.46372942792039984,0.20060210403103151,0.16858053476883336,0.02765132355420671,0.041252302025782686,0.1976243702245504,0.14993338170470324,0.08360616621822911,0.06732924820943251,Banks—Regional,Financial Services,WABC
2021Q4,2021,Q4,2022-02-28,2021-12-31,21720000.0,53379000.0,29971000.0,0.81,53379000.0,1.0,7461026000.0,827102000.0,5770940000.0,146246000.0,6633924000.0,0.0,306395000.0,1550974180.0,565135180.0,30.78619816868905,39.46049806490434,0.019601325608569118,0.1768173695626416,0.022696400722087496,30.78619816868905,0.026260364501597144,29.055886771951517,17.851912753222834,1.875190943801369,0.519475138121547,0.0,0.007274782614369505,0.0071543779635669415,39.46049806490434,0.0029111277725074273,88.09850497017892,1.0,-0.012195121951219388,0.4416630964794648,0.15712390376579624,0.4134295129596555,-0.022362637362637362,-0.015546389883515388,0.0,0.1340457318489972,-0.06442815724952632,0.3367386639032891,Banks—Regional,Financial Services,WABC
2021Q3,2021,Q3,2021-11-03,2021-09-30,22063000.0,54600000.0,0.0,0.82,54600000.0,1.0,7403573000.0,837953000.0,2243145000.0,119102000.0,6565620000.0,0.0,295958000.0,1511481160.0,638820160.0,31.190091565547533,18.8338147134389,0.01869192077933182,0.16514888066514471,0.0,31.190091565547533,0.02632963901316661,27.68280512820513,17.126877124597744,1.8037779684540778,0.49925214159452475,0.0,0.007287553620582344,0.0073748175374241595,47.41362865443065,0.0029800476067433925,59.47903195340784,1.0,-0.023809523809523832,0.3473893512706112,0.1698902654702436,0.42051655399364163,-0.0040858018386108275,-0.02285309358253244,0.0,0.29038416197658456,0.12456312634162547,0.40536497329808374,Banks—Regional,Financial Services,WABC
2021Q2,2021,Q2,2021-08-04,2021-06-30,22579000.0,54824000.0,0.0,0.84,54824000.0,1.0,7147779000.0,842196000.0,2236626000.0,90043000.0,6305583000.0,0.0,284910000.0,1558975950.0,729783950.0,31.34919039642658,24.83953222349322,0.015492504734687516,0.13148601988135777,0.0,31.34919039642658,0.026809673757652613,28.43601251276813,17.26134848753266,1.8510844862716043,0.48784268568138534,0.0,0.00706553555236051,0.007670074858218196,58.626256344191106,0.003158883339845846,124.33016588244676,1.0,0.11999999999999995,0.4783479757793096,0.16320433961857986,0.43661400126264793,0.05369978858350952,0.12071276120514221,0.0,0.2427257929890472,0.15892754200388937,0.4242873525634575,Banks—Regional,Financial Services,WABC
2021Q1,2021,Q1,2021-05-05,2021-03-31,20147000.0,52030000.0,0.0,0.75,52030000.0,1.0,6912481000.0,812132000.0,2259324000.0,95479000.0,6100349000.0,0.0,273346000.0,1683822380.0,935134380.0,30.279706200365386,23.663046324322625,0.01703715351984331,0.1450121408835017,0.0,30.279706200365386,0.02480754360128649,32.362528925619834,20.894207326152777,2.0733358370314185,0.5455402789497196,0.0,0.006527410569278691,0.00752696463107819,51.195425172027356,0.0029145830563584913,52.411441466679115,1.0,-0.15730337078651688,0.3435538295124139,0.1012114173310845,0.42950968651174964,-0.01650189970323044,-0.1548368151690578,0.0,0.13846185747228856,0.11882637053845493,0.38018317818609104,Banks—Regional,Financial Services,WABC
2020Q4,2020,Q4,2021-02-25,2020-12-31,23838000.0,52903000.0,0.0,0.89,52903000.0,1.0,6747931000.0,844809000.0,1976242000.0,102545000.0,5903122000.0,0.0,264356000.0,1483873020.0,983975020.0,31.47809076682316,19.271948900482716,0.017987291215633354,0.143673895519579,0.0,31.47809076682316,0.02821702893790194,28.048939001568908,15.56205449282658,1.756459767829178,0.46237100427888245,0.0,0.007427859292165041,0.007839884551279496,46.00401774830562,0.0035326383746366106,135.069453850355,1.0,0.20270270270270274,0.5553871697433578,0.1275091015466497,0.5098931823178318,0.029742092457420925,0.18886838561667746,0.0,4.633353110113674,-0.02621187257133547,0.40708754723402274,Banks—Regional,Financial Services,WABC
2020Q3,2020,Q3,2020-11-05,2020-09-30,20051000.0,51375000.0,0.0,0.74,51375000.0,1.0,6563215000.0,825576000.0,1806952000.0,107973000.0,5737639000.0,0.0,254717000.0,1463645500.0,1191752500.0,30.65636836242109,16.7352208422476,0.01936109056308532,0.15391799180208726,0.0,30.65636836242109,0.024287285483105128,28.4894501216545,18.249033714029224,1.7728779664137524,0.5507455987232557,0.0,0.007544859735502894,0.007827718579994713,40.87815472386615,0.003055057620388788,48.749183986144416,1.0,0.027777777777777804,0.27943838201449206,0.06557391166653138,0.4658201594428763,0.014153736823404003,0.02499744402412841,0.0,0.3044301963406692,0.10991383380799703,0.33542354049532747,Banks—Regional,Financial Services,WABC
2020Q2,2020,Q2,2020-08-05,2020-06-30,19562000.0,50658000.0,0.0,0.72,50658000.0,1.0,6463889000.0,808076000.0,1924809000.0,86170000.0,5655813000.0,0.0,246958000.0,1546607700.0,1147714700.0,30.00096528680156,22.337344783567367,0.01576868043371413,0.12613541300570738,0.0,30.00096528680156,0.024208119038308277,30.53037427454696,19.7654598200593,1.9139384166835793,0.5682445557713935,0.0,0.007187342982968467,0.007837077647837084,49.222606475571546,0.0030263514735478906,130.19679265931475,1.0,0.1428571428571428,0.2553332890579681,0.04141880582385568,0.45705170447874494,-0.010527960622692735,0.1532838108713595,0.0,0.2089432386127222,0.10381260945136132,0.3247201719251607,Banks—Regional,Financial Services,WABC
2020Q1,2020,Q1,2020-05-06,2020-03-31,16962000.0,51197000.0,0.0,0.63,51197000.0,1.0,5628126000.0,705546000.0,1539683000.0,52664000.0,4922580000.0,0.0,238903000.0,1591057040.0,1356339040.0,26.065686419388207,29.23596764393134,0.012421541379848284,0.09908638132736916,0.0,26.065686419388207,0.024040955515303043,31.077153739476923,23.45031600047164,2.2550720151485515,0.6546397830444523,0.0,0.0069790081190301,0.009096633586383816,67.3005278748291,0.0030137918021025116,30.216637356376413,1.0,-0.18181818181818182,0.10421415409159016,0.06494700351050799,0.26779726638045975,0.0007427823061435916,-0.18168660748745658,0.0,0.08976678351432915,0.11234342645001674,0.16631744758280007,Banks—Regional,Financial Services,WABC
2019Q4,2019,Q4,2020-02-28,2019-12-31,20728000.0,51159000.0,0.0,0.77,51159000.0,1.0,5619555000.0,731417000.0,1606909000.0,30928000.0,4888138000.0,0.0,239135000.0,1833178500.0,1507821500.0,27.039445471349353,51.95644723228143,0.008552990405823949,0.0657135396087321,0.0,27.039445471349353,0.028339510839917585,35.83296194218026,22.109929805094556,2.5063383815251763,0.5351698186028561,0.0,0.006051238327309643,0.009103745759228267,112.55380237972064,0.003688548292524942,126.06096135332142,1.0,0.02666666666666669,0.3166247108908719,0.05961816811385452,0.32582898600219085,0.0021547924543086055,0.016576753310446297,0.0,0.36646056124555954,0.10145616879604526,0.24141181817436172,Banks—Regional,Financial Services,WABC
2019Q3,2019,Q3,2019-11-04,2019-09-30,20390000.0,51049000.0,0.0,0.75,51049000.0,1.0,5616055000.0,713378000.0,1653833000.0,45646000.0,4902677000.0,0.0,229500000.0,1677989480.0,1327717480.0,26.435114503816795,36.23171800376813,0.011639309087962992,0.09163024371371138,0.0,26.435114503816795,0.028582322415325396,32.87017336284746,20.57368170671898,2.3521744152468957,0.5425698871996076,0.0,0.006593009152834498,0.009089832631624868,75.03213863208167,0.0036306624489966712,69.77087234927235,1.0,0.02739726027397263,0.2950112533727083,0.04298046028930075,0.287224719031175,-0.007350224590195811,0.038980891719745225,0.0,0.23968191585315374,0.08894066954811992,0.20395663733377575,Banks—Regional,Financial Services,WABC
2019Q2,2019,Q2,2019-08-05,2019-06-30,19625000.0,51427000.0,0.0,0.73,51427000.0,1.0,5523448000.0,693437000.0,1691129000.0,54581000.0,4830011000.0,0.0,220173000.0,1698154260.0,1354655260.0,25.738141192190632,30.983840530587567,0.013594225925545059,0.10828236739602877,0.0,25.738141192190632,0.02830105690927943,33.020675131740134,21.632538343949044,2.448894795057085,0.5625987261146497,0.0,0.006501765039885128,0.009310669712107365,59.01306315384475,0.0035530342641045955,112.66947054140127,1.0,0.0,0.2579207276412899,0.04741928381104678,0.2503565230809587,0.01698702736908717,-0.0010689198819098034,0.0,0.2812640651912752,0.08801153189116358,0.17948098613068952,Banks—Regional,Financial Services,WABC
2019Q1,2019,Q1,2019-05-06,2019-03-31,19646000.0,50568000.0,0.0,0.73,50568000.0,1.0,5555961000.0,656767000.0,1744142000.0,58317000.0,4899194000.0,0.0,211941000.0,1685883210.0,1340303210.0,24.46879773480869,29.90795136924053,0.013716438974283656,0.11603506266301443,0.0,24.46879773480869,0.029913196004062323,33.33893391077361,21.453262877939533,2.5669426295779174,0.5469306729105161,0.0,0.006373513856870311,0.009101575767000524,53.98040022634909,0.003536021941118737,73.15931305328935,1.0,0.028169014084507067,0.26395560876781615,0.04497512903050834,0.19579230725350588,-0.10915368895779015,0.031015481500918395,0.0,0.3091671474831558,0.06947079895665767,0.15517578498775836,Banks—Regional,Financial Services,WABC
2018Q4,2018,Q4,2019-02-28,2018-12-31,19055000.0,56764000.0,0.0,0.71,56764000.0,1.0,5568526000.0,615591000.0,1759014000.0,51247000.0,4952935000.0,0.0,205841000.0,1488270720.0,1119233720.0,23.030827939690973,34.32423361367495,0.00920297400066014,0.08324845554922018,0.0,23.030827939690973,0.030953993804327874,26.21856669720245,19.52598688008397,2.417629107638026,0.561060089215429,0.0,0.007183504893518297,0.01019372092363401,60.50672234472262,0.003421910932982983,93.53134238310709,1.0,0.12698412698412692,0.18145568431474524,0.13673072284137697,0.12873259115700458,0.17635843660629172,0.12134408285764726,0.0,0.24837507048087276,0.21473119545196193,0.1047077266174334,Banks—Regional,Financial Services,WABC
2018Q3,2018,Q3,2018-11-02,2018-09-30,16993000.0,48254000.0,0.0,0.63,48254000.0,1.0,5529463000.0,592591000.0,1852605000.0,61756000.0,4936872000.0,0.0,197477000.0,1584971360.0,1124067360.0,22.19358825512153,29.998785543105125,0.011168534810704041,0.10421353007386207,0.0,22.19358825512153,0.02867576456611727,32.84642433787872,23.318003883952215,2.6746463581120876,0.6286706290825634,0.0,0.00674018488258362,0.008726706372752652,48.98798497312002,0.0030731736517632907,52.82709595707096,1.0,-0.05970149253731348,0.014056102194878834,-0.05861487812653668,0.09239443150024217,0.02904546617759959,-0.056468628539700166,0.0,0.0936093687299794,0.009424614829345026,0.061176219248775456,Banks—Regional,Financial Services,WABC
2018Q2,2018,Q2,2018-08-03,2018-06-30,18010000.0,46892000.0,0.0,0.67,46892000.0,1.0,5577844000.0,586138000.0,1967193000.0,68894000.0,4991706000.0,0.0,191167000.0,1504861300.0,944609300.0,22.010439354111902,28.553908903532964,0.012351367302491787,0.11753887309814412,0.0,22.010439354111902,0.030726552450105606,32.09206900963917,20.889246252082177,2.5674180824311,0.5915047196002221,0.0,0.007079057717810938,0.008406832460714211,43.795860307138504,0.003228846127643584,66.79959605823863,1.0,0.015151515151515164,0.06275358105473561,-0.0952377706375731,0.08673669853966433,0.019324826641740758,0.02879012909859477,0.0,0.16897525303850602,-0.024961092450749185,0.06897721025475223,Banks—Regional,Financial Services,WABC
2018Q1,2018,Q1,2018-05-04,2018-03-31,17506000.0,46003000.0,0.0,0.66,46003000.0,1.0,5551036000.0,582083000.0,1912595000.0,65356000.0,4968953000.0,0.0,184185000.0,1540978560.0,1050727560.0,21.938903965023368,29.26426035865108,0.011773658106342672,0.11227952027460002,0.0,21.938903965023368,0.030074748790120995,33.49734930330631,22.006434365360445,2.647351941218005,0.6059636695989946,0.0,0.0068839374377797965,0.008287281869546513,44.83314462329396,0.003153645553730871,61.484202210429714,1.0,3.125,0.03702516974225142,-0.120116254834761,0.06538972437396566,-0.1386496405032954,3.2081730769230767,0.0,0.16265095902681162,-0.023761758205157642,0.06707653988929116,Banks—Regional,Financial Services,WABC
2017Q4,2017,Q4,2018-02-27,2017-12-31,4160000.0,53408000.0,0.0,0.16,53408000.0,1.0,5513046000.0,590239000.0,1989574000.0,58471000.0,4922807000.0,0.0,173804000.0,1571167200.0,1054636200.0,22.371096118859914,34.02667989259633,0.010605933634509852,0.09906326081468693,0.0,22.371096118859914,0.007047992423408145,29.41819952067106,94.42110576923076,2.6619169522854302,2.5379807692307694,0.0,0.006719844966213654,0.00968756654669669,47.751295514015496,0.0007545737873400657,105.24967845659164,1.0,-0.719298245614035,-0.7749541883091202,-0.008401907031978937,0.09091156306247936,0.1810703228659885,-0.7229806219617767,0.0,-0.7290902948415837,0.13412335882843868,0.09692514642924911,Banks—Regional,Financial Services,WABC
2017Q3,2017,Q3,2017-11-03,2017-09-30,15017000.0,45220000.0,0.0,0.57,45220000.0,1.0,5445808000.0,603957000.0,1977906000.0,66337000.0,4841851000.0,0.0,180202000.0,1566437860.0,1071017860.0,22.956288722490402,29.816030269683587,0.012181296145585743,0.10983728974082592,0.0,22.956288722490402,0.02486435292578776,34.64037726669615,26.077742891389757,2.5936248110378717,0.6832922687620696,0.0,0.006550531152253942,0.008303634648889568,40.29440583686329,0.0027575338682524248,65.89423944135959,1.0,-0.050000000000000044,-0.21565102933506206,-0.19185454652823714,0.13018975275951195,0.009149743360856952,-0.04949680359516425,0.0,-0.021696353235220185,-0.05233756388795085,0.1178276642811485,Banks—Regional,Financial Services,WABC
2017Q2,2017,Q2,2017-08-04,2017-06-30,15799000.0,44810000.0,0.0,0.6,44810000.0,1.0,5393350000.0,595594000.0,1981421000.0,75769000.0,4797756000.0,0.0,175446000.0,1473795960.0,1020202960.0,22.647020799269935,26.15081365730048,0.014048596883198754,0.12721585509592104,0.0,22.647020799269935,0.02652645929945567,32.889889756750726,23.321032343819226,2.47449766115844,0.6492183049560099,0.0,0.006959579397951396,0.008308379763968591,33.35694017342185,0.0029293481787757147,101.21529839983518,1.0,0.052631578947368474,-0.20496675619743726,-0.19826179722384055,0.12616896336601113,0.0069436641873216335,0.04983719848494916,0.0,0.03744194668072616,-0.06503594298508253,0.10019017975195117,Banks—Regional,Financial Services,WABC
2017Q1,2017,Q1,2017-05-05,2017-03-31,15049000.0,44501000.0,0.0,0.57,44501000.0,1.0,5395947000.0,584888000.0,2028057000.0,73611000.0,4811059000.0,0.0,170128000.0,1461126930.0,987922930.0,22.348706583623095,27.55100460528997,0.013641905674759222,0.1258548645210707,0.0,22.348706583623095,0.02572971235518595,32.83357520055729,24.272824274038143,2.4981311464759064,0.6793142401488471,0.0,0.006996654287933767,0.008247115844540355,33.41713874285093,0.002788945110098376,58.98062124086707,1.0,0.017857142857142672,-0.23208528975075945,-0.22326504847990472,0.12041500760857625,0.005581416369141772,0.041237113402061855,0.0,-0.007012689783781775,-0.0568553148788408,0.09218326537330479,Banks—Regional,Financial Services,WABC
2016Q4,2016,Q4,2017-02-28,2016-12-31,14453000.0,44254000.0,0.0,0.56,44254000.0,1.0,5366083000.0,561367000.0,1951055000.0,59078000.0,4804716000.0,0.0,165302000.0,1621894890.0,1218701890.0,21.78120513715904,33.025068553437826,0.011009520352182401,0.10523953135827364,0.0,21.78120513715904,0.025746080549800755,36.649678899082566,28.054640732027952,2.8891881603300518,0.6927281533245693,0.0,0.006173026416033655,0.008246983880048072,40.19293137885507,0.0026933985180624303,90.406627090301,1.0,-0.081967213114754,-0.278584804041117,-0.24056759420306215,0.09369807318554908,-0.006488112610286689,-0.07518556437164065,0.0,-0.07063947226108544,-0.08091669905123851,0.0674890272015843,Banks—Regional,Financial Services,WABC
2016Q3,2016,Q3,2016-11-02,2016-09-30,15628000.0,44543000.0,0.0,0.61,44543000.0,1.0,5306778000.0,562996000.0,1953441000.0,56358000.0,4743782000.0,0.0,160861000.0,1304614080.0,889605080.0,21.956865956865958,34.66129032258065,0.010620003324050865,0.10010373075474781,0.0,21.956865956865958,0.027758634164363513,29.28886873358328,20.86981827489122,2.3172706022778136,0.6396211927309956,0.0,0.007662035963922756,0.00839360531003935,39.98498882146279,0.002944913090391194,56.66814698983581,1.0,0.0701754385964913,-0.22745616237057026,-0.2413883729964208,0.12691894003402568,-0.007685795758331848,0.0743847105733535,0.0,-0.028846463426460994,-0.09508863609529632,0.08074268247012978,Banks—Regional,Financial Services,WABC
2016Q2,2016,Q2,2016-08-02,2016-06-30,14546000.0,44888000.0,0.0,0.57,44888000.0,1.0,5179085000.0,558327000.0,1992541000.0,67852000.0,4620758000.0,0.0,155229000.0,1260366360.0,886433360.0,21.82158211521926,29.36598773801804,0.013101155899159793,0.12152734866843266,0.0,21.82158211521926,0.026052832838103834,28.078024416325075,21.661734497456344,2.257398191382469,0.6872679774508456,0.0,0.007931820712828292,0.008667168042231398,29.370143842480694,0.0028086042225605487,74.48093369578064,1.0,0.017857142857142672,-0.23095974474174702,-0.23783722287586145,0.14287825215162447,0.0014278065322148848,0.02249402502460284,0.0,-0.10663030057454208,-0.09856434432080756,0.07741211900776307,Banks—Regional,Financial Services,WABC
2016Q1,2016,Q1,2016-05-02,2016-03-31,14226000.0,44824000.0,0.0,0.56,44824000.0,1.0,5199868000.0,538973000.0,2071763000.0,52451000.0,4660895000.0,0.0,150928000.0,1239425950.0,820712950.0,21.181882491648654,39.499018131208175,0.010086986823511673,0.09731656316735718,0.0,21.181882491648654,0.026394643145389474,27.65094480635374,21.78099869956418,2.299606752100755,0.6972444819344862,0.0,0.008002898438587638,0.008620218820939302,39.5784446435721,0.002735838678981851,69.10654864789518,1.0,-0.01754385964912263,-0.27507374190222716,-0.2126852809409458,0.11581534681418298,0.004346851893345284,-0.024145973384552065,0.0,-0.12127554917637152,-0.10604165412223347,0.028627500511293293,Banks—Regional,Financial Services,WABC
2015Q4,2015,Q4,2016-02-26,2015-12-31,14578000.0,44630000.0,0.0,0.57,44630000.0,1.0,5168875000.0,532205000.0,2096327000.0,53028000.0,4636670000.0,0.0,150094000.0,1193434000.0,813418000.0,20.847892510184895,39.53245455231199,0.01025909893352035,0.09963829727266749,0.0,20.847892510184895,0.027391700566511024,26.740622899395024,20.46635340924681,2.2424328970979226,0.6829469062971602,0.0,0.008342313022756181,0.008634374017557012,38.157841140529534,0.0028203429179463617,97.2485332464146,1.0,-0.017241379310344845,-0.30164300336341915,-0.24215851657949677,0.10955641439842842,-0.02356313037390334,-0.018779026721410783,0.0,-0.1849215758825774,-0.14359321021124996,0.016633556264180508,Banks—Regional,Financial Services,WABC
2015Q3,2015,Q3,2015-11-02,2015-09-30,14857000.0,45707000.0,0.0,0.58,45707000.0,1.0,5001395000.0,533938000.0,1962440000.0,57063000.0,4467457000.0,0.0,145513000.0,1134553200.0,923029200.0,20.914140227183704,34.390761088621346,0.01140941677272041,0.10687195891657833,0.0,20.914140227183704,0.027825328034341065,24.822307305226772,19.091222992528774,2.1248781693754704,0.6529582015211685,0.0,0.008550502523812897,0.009138850260777244,32.576871177470515,0.0029705712106322334,54.12170013833898,1.0,0.0,-0.28507114192407074,-0.2216895610081204,0.12564034494917473,-0.008030036677735096,0.006503624415689994,0.0,-0.20033000714490218,-0.1582265587428799,0.029650186851904636,Banks—Regional,Financial Services,WABC
2015Q2,2015,Q2,2015-07-31,2015-06-30,14761000.0,46077000.0,0.0,0.58,46077000.0,1.0,5031230000.0,525338000.0,2047926000.0,82747000.0,4505892000.0,0.0,141300000.0,1292284100.0,1085425100.0,20.590185780355885,24.749247706865507,0.01644667407373545,0.15751192565548275,0.0,20.590185780355885,0.02809810065139015,28.046185732578074,21.886797981166588,2.459909810445846,0.6579500033873044,0.0,0.007515375295571616,0.009158197895941947,23.491171885385572,0.002933875016646029,77.33134462330202,1.0,0.017543859649122823,-0.28281621746040236,-0.2209152895938986,0.13966118940582342,0.011392071644936125,0.014013876485539603,0.0,-0.23434670860300535,-0.15022781156414053,0.023888677513135625,Banks—Regional,Financial Services,WABC
2015Q1,2015,Q1,2015-05-05,2015-03-31,14557000.0,45558000.0,0.0,0.57,45558000.0,1.0,5035777000.0,527380000.0,2052308000.0,82960000.0,4508397000.0,0.0,140111000.0,1108379710.0,943889710.0,20.55982222915286,24.738524590163934,0.016474121074066622,0.15730592741476734,0.0,20.55982222915286,0.02760248776972961,24.328980859563632,19.035167101737997,2.1016718684819296,0.6701243388060727,0.0,0.008801135488126176,0.009046866054632681,24.63056894889103,0.0028907157723624378,69.34307494994995,1.0,-0.017241379310344845,-0.2964474245714549,-0.23591742070786892,0.1575546136017303,-0.011478291058215982,-0.031341495874367846,0.0,-0.24213256939265812,-0.18869576178977882,0.030732283907091186,Banks—Regional,Financial Services,WABC
2014Q4,2014,Q4,2015-03-02,2014-12-31,15028000.0,46087000.0,0.0,0.58,46087000.0,1.0,5035724000.0,526603000.0,2203559000.0,89784000.0,4509121000.0,0.0,140468000.0,1265745420.0,994708420.0,20.3943689245188,24.54289182927916,0.02180401467594332,0.20850431919301637,0.0,20.3943689245188,0.028537627016936858,27.464261505413674,21.05645162363588,2.4036046509419813,0.6543784934788395,0.0,0.007769334847761092,0.009152010713851673,22.286944221687605,0.0029842779310383176,55.96681199151043,1.0,0.0,-0.2959357027216604,1.4787624805272086,0.17932332292507927,-0.02167360108686423,-0.008314636399630461,0.0,-0.2512783594240492,-0.21058213862299507,0.024060967064137684,Banks—Regional,Financial Services,WABC
2014Q3,2014,Q3,2014-11-03,2014-09-30,15154000.0,47108000.0,0.0,0.58,47108000.0,1.0,4993725000.0,533395000.0,2375888000.0,76943000.0,4460330000.0,0.0,140756000.0,1208263960.0,781024960.0,20.536518692488354,30.878546456467774,0.019444202474105002,0.18203957667394707,0.0,20.536518692488354,0.02841046503997975,25.648806147575783,19.93308631384453,2.2652330074335154,0.6511812062821697,0.0,0.008167089581981738,0.009433438965902208,25.12363697802269,0.003034608433584148,100.17111258497762,1.0,0.0,-0.325231251769655,-0.27083360375197624,0.11975276359499738,-0.012431605207438,-0.00019792834993732268,0.0,-0.26046308692781095,-0.20795922408064274,0.054020729661150436,Banks—Regional,Financial Services,WABC
2014Q2,2014,Q2,2014-08-01,2014-06-30,15157000.0,47701000.0,0.0,0.58,47701000.0,1.0,4931095000.0,538803000.0,2391018000.0,68962000.0,4392292000.0,0.0,141356000.0,1368429000.0,972783000.0,20.58464183381089,34.67152924799165,0.018101050578015632,0.1656598051606988,0.0,20.58464183381089,0.028130875292082635,28.687637575732165,22.570907831365044,2.539757573732886,0.6579798113083064,0.0,0.007287919212469188,0.00967351065027139,25.839824831066384,0.0030737594793854104,133.34915221204443,1.0,0.0,-0.2724920052861249,-0.2799253005192147,0.07209414008088952,0.0009442672486150748,-0.009799438165545175,0.0,-0.21668860199519116,-0.20829995828217754,0.07809504168743055,Banks—Regional,Financial Services,WABC
2014Q1,2014,Q1,2014-04-30,2014-03-31,15307000.0,47656000.0,0.0,0.58,47656000.0,1.0,4921042000.0,540883000.0,2376636000.0,64382000.0,4380159000.0,0.0,145826000.0,1429496640.0,1085475640.0,20.462414406234632,36.91460346059458,0.01723598376116278,0.1568157993503216,0.0,20.462414406234632,0.028300020521998287,29.996152425717643,23.34710655255765,2.6428943782666487,0.6589142222512576,0.0,0.007055630435059994,0.009684127873730807,26.296480382715664,0.0031105200890380533,42.569882072662296,1.0,-0.03333333333333337,-0.683450848566957,-0.5600027083157957,0.10100225538774663,-0.04135822336659157,-0.046649227703039364,0.0,-0.24914321763665984,-0.19422952926773393,0.07791533808906145,Banks—Regional,Financial Services,WABC
2013Q4,2013,Q4,2014-02-27,2013-12-31,16056000.0,49712000.0,0.0,0.6,49712000.0,1.0,4847055000.0,542934000.0,2439257000.0,62668000.0,4304121000.0,0.0,156964000.0,1502344140.0,1113561140.0,20.404148972152278,38.92348567051765,0.017174346071996294,0.15332434513218918,0.0,20.404148972152278,0.02957265523986341,30.22095550370132,23.392254297458894,2.7670842864878606,0.6319755854509218,0.0,0.00675411161120514,0.010256124595243917,25.12232718452799,0.0033125268848816446,185.33729829755737,1.0,-0.04761904761904766,-0.16271413625863085,-0.014841120585062234,0.43756820930450296,-0.029043536006562627,-0.040745608794360136,0.0,-0.2620870368043804,-0.19015676041780052,0.08593971123615868,Banks—Regional,Financial Services,WABC
2013Q3,2013,Q3,2013-11-01,2013-09-30,16738000.0,51199000.0,0.0,0.63,51199000.0,1.0,4806487000.0,541840000.0,2405789000.0,47821000.0,4264647000.0,0.0,163921000.0,1326565800.0,1026438800.0,20.316460442444694,50.30821187344472,0.018402629612854462,0.16324376199616122,0.0,20.316460442444694,0.030891037944780746,25.909994335826873,19.813684430636876,2.448261110290861,0.591349026168001,0.0,0.007461371309285977,0.01065206251468068,30.76654607808285,0.003482377045854904,47.8231298893255,1.0,-0.015625000000000014,411.3309336332959,2.4602406180708893,0.47147841912917965,-0.021687621813734858,-0.021856007480130904,0.0,-0.22898457444812312,-0.16543644376542482,0.09347203815986119,Banks—Regional,Financial Services,WABC
2013Q2,2013,Q2,2013-08-01,2013-06-30,17112000.0,52334000.0,0.0,0.64,52334000.0,1.0,4813908000.0,544622000.0,2473993000.0,66640000.0,4269286000.0,0.0,165889000.0,1254149600.0,977200600.0,20.25370026031982,37.12474489795918,0.022295191349730823,0.19706695653131898,0.0,20.25370026031982,0.03141995732820194,23.964336760041274,18.322662459093035,2.3027890904150037,0.5824567554932212,0.0,0.007947217780079825,0.010871416736672159,21.280132052821127,0.0035547002560082164,48.43585525045379,1.0,0.0,0.5080549439584279,-0.039706289935773194,0.4268805728597204,-0.021629806883400948,-0.009206183776272364,0.0,-0.21113406850410793,-0.16040051157087362,0.12103680728159817,Banks—Regional,Financial Services,WABC
2013Q1,2013,Q1,2013-05-01,2013-03-31,17271000.0,53491000.0,0.0,0.64,53491000.0,1.0,4887844000.0,558980000.0,2550581000.0,61854000.0,4328864000.0,0.0,166928000.0,1216367450.0,963505450.0,20.59237428624056,41.235506192000514,0.02099023618593392,0.18354323947189524,0.0,20.59237428624056,0.030897348742352143,22.739665551214223,17.607079063169476,2.1760482485956567,0.5838689132071102,0.0,0.008290258013727677,0.01094367987194354,21.991625440553562,0.0035334597421685307,55.582500913909705,1.0,-0.08571428571428563,-0.3142578009971016,-0.08187249182245229,0.48910827436912924,-0.040640637050056494,-0.09746028428093645,0.0,-0.2112186855107013,-0.15224410282277015,0.15938735239898813,Banks—Regional,Financial Services,WABC
2012Q4,2012,Q4,2013-02-28,2012-12-31,19136000.0,55757000.0,0.0,0.7,55757000.0,1.0,4952193000.0,560102000.0,2765936000.0,68687000.0,4392091000.0,0.0,170364000.0,1163260670.0,766364670.0,20.50679163768169,40.26869713337313,0.01907962795472632,0.16869427354303324,0.0,20.50679163768169,0.034165205623261474,20.86304266728841,15.197280910326088,2.0768729088630287,0.52936872909699,0.0,0.008708280320351584,0.01125905230268691,19.67095665846521,0.0038641466517964867,40.43311331247828,1.0,-0.04109589041095894,-0.07381101916430237,0.05143394136399163,0.499853050927467,-0.047149497573313284,-0.04425132354410149,0.0,-0.15244878473793744,1.8350421910745767,0.18582427071857124,Banks—Regional,Financial Services,WABC
2012Q3,2012,Q3,2012-11-02,2012-09-30,20022000.0,58516000.0,0.0,0.73,58516000.0,1.0,4859627000.0,558841000.0,2777822000.0,55630000.0,4300786000.0,0.0,170075000.0,1284306840.0,997827840.0,20.311888925235344,49.933884594643175,0.016767747812743653,0.14581070465481238,0.0,20.311888925235344,0.03582772201753272,21.947960216009296,16.036195684746776,2.298161444847461,0.5088402756967336,0.0,0.007932683750247721,0.012041253371915169,6.614488585295704,0.004120069297499582,31.879730923894158,1.0,-0.02666666666666669,-0.02409934312869454,0.1462535291832805,0.4860627218563814,-0.007564193887588617,-0.04493417286777333,0.0,-0.15837369359072043,-0.14495144354160494,0.10750483557790552,Banks—Regional,Financial Services,WABC
2012Q2,2012,Q2,2012-08-02,2012-06-30,20964000.0,58962000.0,0.0,0.75,58962000.0,1.0,4953130000.0,557926000.0,2852339000.0,81582000.0,4395204000.0,0.0,169164000.0,1309239360.0,1095807360.0,20.109789504036907,34.962847196685544,0.021702034874917477,0.1926653355462911,0.0,20.109789504036907,0.037574875521126455,22.204799023099625,15.612947910704065,2.3466182970501466,0.4909845449341729,0.0,0.00786181680330784,0.01190398798335598,3.933772155622564,0.004232475222737946,89.95117554105119,1.0,0.0,0.012117422271500604,0.1521000358708711,0.47567019665538424,-0.03983194372068786,-0.001951916210426089,0.0,-0.050672011333922566,-0.1602695742212022,0.04736276975807664,Banks—Regional,Financial Services,WABC
2012Q1,2012,Q1,2012-05-02,2012-03-31,21005000.0,61408000.0,0.0,0.75,61408000.0,1.0,5060257000.0,559528000.0,3195299000.0,106683000.0,4500729000.0,0.0,168758000.0,1346448000.0,937996000.0,19.946811165377348,29.951341825782926,0.02621408359298747,0.23707482020560186,0.0,19.946811165377348,0.03754056990892324,21.92626367899948,16.02532730302309,2.4063996797300584,0.4948345631992383,0.0,0.007719570306465605,0.012135352018682054,7.20603095151055,0.004150974940600843,43.40720203746091,1.0,-0.03846153846153849,-0.03604011948235329,0.1748028860011245,0.441666812081369,-0.031770808697160334,-0.03668883283650539,0.0,-0.5906716120456886,-0.46573653431259876,0.07325966745070743,Banks—Regional,Financial Services,WABC
2011Q4,2011,Q4,2012-02-28,2011-12-31,21805000.0,63423000.0,0.0,0.78,63423000.0,1.0,5042161000.0,558641000.0,3293755000.0,115689000.0,4483520000.0,0.0,166437000.0,1231438900.0,843105900.0,19.915190189298063,28.470770773366525,0.02810540956546211,0.2536727522684515,0.0,19.915190189298063,0.03903222284078684,19.41628273654668,14.118767484521898,2.204347514772457,0.48282504012841093,0.0,0.008549348246185825,0.012578535274855364,4.581636974993301,0.004324534658849648,38.184151937984495,1.0,-0.012658227848101276,-0.0154914005128439,0.20210491860380178,0.42436786385772457,-0.025909998464137614,-0.02795114122681883,0.0,0.07863049815679489,0.19226288994279148,0.4031187645934894,Banks—Regional,Financial Services,WABC
2011Q3,2011,Q3,2011-11-02,2011-09-30,22432000.0,65110000.0,0.0,0.79,65110000.0,1.0,4966499000.0,553988000.0,3339083000.0,120917000.0,4412511000.0,0.0,165735000.0,1089552560.0,776793560.0,19.48397988253086,27.61466956672759,0.029597307882272803,0.2653396824479953,0.0,19.48397988253086,0.04049185180906446,16.73402795269544,12.142837910128389,1.9667439727936347,0.45764978601997147,0.0,0.009422216400464426,0.013109838540186962,5.700654167734893,0.004516662542366363,46.87860597194734,1.0,0.06756756756756763,0.011364491377027247,0.220889978573962,0.4178015976313278,-0.01686623280535129,0.054680520945977716,0.0,517.335173917631,3.1275547930960066,0.4111836063723972,Banks—Regional,Financial Services,WABC
2011Q2,2011,Q2,2011-08-02,2011-06-30,21269000.0,66227000.0,0.0,0.74,66227000.0,1.0,4876731000.0,549340000.0,3313937000.0,106727000.0,4327391000.0,0.0,162752000.0,1416971750.0,1249930750.0,19.09353168120677,31.05059638142176,0.03138946970829435,0.27865802599483014,0.0,19.09353168120677,0.03871736993483089,21.39568076464282,16.655364027457804,2.5794075618014345,0.4889745639193192,0.0,0.007339595867031224,0.013580203624108035,5.197813111958548,0.004361323189653069,48.4004560049187,1.0,-0.038961038961038995,-0.053405785200483245,0.21026167565638873,0.419979863110298,0.019912526565435674,-0.04972745956572246,0.0,0.7518596494650251,0.13577180119274906,0.34514627317612584,Banks—Regional,Financial Services,WABC
2011Q1,2011,Q1,2011-05-03,2011-03-31,22382000.0,64934000.0,0.0,0.77,64934000.0,1.0,4937429000.0,550915000.0,3413470000.0,168543000.0,4386514000.0,0.0,166523000.0,1490808770.0,1298500770.0,18.983322421694634,20.252813821992014,0.03156480832433236,0.28289119011099717,0.0,18.983322421694634,0.04062695697158364,22.95883158283796,16.65187170494147,2.706059501011953,0.4680546868018944,0.0,0.007027058205459846,0.01315137898691809,3.4251615314786137,0.004533128476379104,46.13221840574329,1.0,-0.049382716049382755,-0.06425382930333634,0.15110834982713026,0.40098450969942045,-0.030097536931096805,-0.05684547638110488,0.0,-0.16877278137697452,0.04249003434891033,0.37275197605799126,Banks—Regional,Financial Services,WABC
2010Q4,2010,Q4,2011-02-28,2010-12-31,23731000.0,66949000.0,0.0,0.81,66949000.0,1.0,4931524000.0,545287000.0,3486757000.0,107385000.0,4386237000.0,0.0,163519000.0,1609794870.0,1440084870.0,18.789393887185142,32.469683847837224,0.03428615576036941,0.31008074646929046,0.0,18.789393887185142,0.043520201288495784,24.04509208501994,16.958776178837805,2.952197411638275,0.4426699254140154,0.0,0.006525676156490671,0.013575722231099352,5.2568422032872375,0.004812102709020579,66.54794832575445,1.0,0.0,-0.061130676827939455,0.1397007237682781,0.39531000505519576,-0.0007611940298507463,0.0009279176683959678,0.0,0.08098960641950077,0.1881840544466918,0.3742437259170619,Banks—Regional,Financial Services,WABC
2010Q3,2010,Q3,2010-11-01,2010-09-30,23709000.0,67000000.0,0.0,0.81,67000000.0,1.0,4977871000.0,541173000.0,3595352000.0,193202000.0,4436698000.0,0.0,155088000.0,1587130230.0,1503097230.0,18.579771346173654,18.609289758905188,0.052258485605593236,0.48068916963706615,0.0,18.579771346173654,0.04381038965358582,23.688510895522388,16.735524800708593,2.9327594503051704,0.442701083976549,0.0,0.006613193928011817,0.013459569362082705,2.985403877806648,0.00476287955232267,30.634848478999384,1.0,0.012500000000000011,-0.09796163091457048,0.10715268245481711,0.3913411351948273,-0.010383587137940712,0.006281566996307457,0.0,0.09157500427081598,0.23971840730225097,0.35933716848267533,Banks—Regional,Financial Services,WABC
2010Q2,2010,Q2,2010-07-30,2010-06-30,23561000.0,67703000.0,0.0,0.8,67703000.0,1.0,4727086000.0,527681000.0,3416610000.0,210503000.0,4199405000.0,0.0,145654000.0,1533951640.0,1460437640.0,18.066936008491115,16.23069504947673,0.04669388286991182,0.4182943861916575,0.0,18.066936008491115,0.04465008215190617,22.657070440010045,16.276385127965707,2.9069677323989307,0.4480709647298502,0.0,0.006882224787738419,0.014322354194529145,2.499237540557617,0.0049842545703632215,626.6142320261438,1.0,0.0,-0.05329356205674929,0.1472703738632699,0.34629633681627514,-0.003473704352433801,-0.0006362402443162538,0.0,0.08051946308424832,0.2566317317005264,0.3257642009260385,Banks—Regional,Financial Services,WABC
2010Q1,2010,Q1,2010-04-30,2010-03-31,23576000.0,67939000.0,0.0,0.8,67939000.0,1.0,4745495000.0,519131000.0,3446731000.0,211756000.0,4226364000.0,0.0,142353000.0,1684994200.0,1653827200.0,17.76142739838511,16.27689888362077,0.04679427541278623,0.4277571557082894,0.0,17.76142739838511,0.04541435591401785,24.801574942227585,17.867685357991178,3.2457976888299873,0.4468951476077367,0.0,0.006252840514228476,0.014316525462570291,2.3331145280417083,0.004968080252955698,48.038379518759264,1.0,-0.02439024390243891,0.13622077404825708,0.3258315838407872,0.2997918714530948,2.2281193575976435,-0.024212573982864947,0.0,0.038378400379640715,0.24740778851065134,0.2837169913098807,Banks—Regional,Financial Services,WABC
2009Q4,2009,Q4,2010-02-26,2009-12-31,24161000.0,21046000.0,0.0,0.82,21046000.0,1.0,4975501000.0,505448000.0,3668894000.0,227178000.0,4470053000.0,0.0,133002000.0,1618354360.0,1569867360.0,17.293280416039416,16.14986486367518,0.06283749113908328,0.6185562115192859,0.0,17.293280416039416,0.047801158576154225,76.8960543571225,16.745523364099167,3.201821671071999,0.445511361284715,0.0,0.006651200914983786,0.004229925790387742,2.716667106850135,0.004855993396443896,108.77499395079984,1.0,0.012345679012345552,0.2506202833542659,-0.565495394659378,0.5442039253962232,-0.7103376137192562,-0.04339391059904185,0.0,0.04695394528398658,-0.6171625553275453,0.23684447153928348,Banks—Regional,Financial Services,WABC
2009Q3,2009,Q3,2009-10-30,2009-09-30,25257000.0,72657000.0,0.0,0.81,72657000.0,1.0,4971159000.0,535718000.0,3599724000.0,222030000.0,4435441000.0,0.0,120298000.0,1518920000.0,1646796000.0,18.340225950017118,16.212782056478854,0.06194410599218412,0.5748061480107072,0.0,18.340225950017118,0.0471460731205597,20.905349794238685,15.034643861107812,2.8352976752694516,0.4501326364968128,0.0,0.0074849234982750906,0.014615706317178751,1.88757825519074,0.005080706531414505,45.419532324621734,1.0,0.08000000000000007,0.09269846954049793,0.3006259874976469,0.6526965638970141,-0.014325831264498799,0.08946210585342708,0.0,0.1084410413276393,0.32616457768436163,0.3345734192718838,Banks—Regional,Financial Services,WABC
2009Q2,2009,Q2,2009-07-27,2009-06-30,23183000.0,73713000.0,0.0,0.75,73713000.0,1.0,5193595000.0,559231000.0,3767727000.0,316466000.0,4634364000.0,0.0,107033000.0,1444940889.126,1678967889.126,19.200405136304333,11.905629672697858,0.07755783806785088,0.7202819586181739,0.0,19.200405136304333,0.04145514107765843,19.6022531863579,15.581901491674934,2.5837996983822427,0.4868653754906613,0.0,0.0078113922063809535,0.014193058950495755,1.3849228669114533,0.004463767390410689,61.143402552725114,1.0,-0.5833333333333334,0.025789108776031085,0.33221530334867666,0.8490421841720635,-0.37700304259634887,-0.5611358258400378,0.0,0.01920259725735794,0.3306455841283348,0.42792800788903135,Banks—Regional,Financial Services,WABC
2009Q1,2009,Q1,2009-05-08,2009-03-31,52825000.0,118320000.0,0.0,1.8,118320000.0,1.0,5428865000.0,536668000.0,3883719000.0,441418000.0,4892197000.0,0.0,95518000.0,1315590588.876,1694727588.876,18.58526111649813,8.79827963517573,0.09729289639731326,0.9842025237204379,0.0,18.58526111649813,0.09843143246849076,11.118919784279917,6.226174107316611,2.4514049447256028,0.19681968764789398,0.0,0.007902914544929116,0.021794610844071458,1.0501474792600212,0.009730394843120984,20.890016813693887,1.0,1.5000000000000002,1.4115020996763463,1.1975440475923202,0.7592327349228635,1.1607012417823228,1.5384430562229696,0.0,1.219596405984147,1.1080336957386472,0.3716072642361234,Banks—Regional,Financial Services,WABC
2008Q4,2008,Q4,2009-02-27,2008-12-31,20810000.0,54760000.0,0.0,0.72,54760000.0,1.0,4032934000.0,409852000.0,2630897000.0,457275000.0,3623082000.0,0.0,54138000.0,1477007457.752,1795399457.752,14.193517107632637,5.753424088349462,0.1133851930133248,1.1157076212876844,0.0,14.193517107632637,0.050774425890321384,26.97237870255661,17.743962731283037,3.6037580828006206,0.4857280153772225,0.0,0.006843567340807026,0.013578203858530787,0.6322125635558471,0.005160015016362777,51.38132114909901,1.0,478.01272727272726,-0.049772918711872956,0.02086062777380408,0.3365310699699258,2.414390821798229,471.95454545454544,0.0,-0.1725599651000885,-0.06311667531351403,0.054017843582968954,Banks—Regional,Financial Services,WABC
2008Q3,2008,Q3,2008-10-22,2008-09-30,44000.0,16038000.0,0.0,0.001503091586103235,16038000.0,1.0,4089482000.0,399128000.0,2501759000.0,487973000.0,3690354000.0,0.0,44040000.0,1663077211.092,2035377211.092,13.806835478068354,5.126838984943839,0.12584430008494962,1.2894059048726223,0.0,13.806835478068354,0.00011024032390611534,103.69604758024691,9449.30233575,4.166776600719569,230.38636363636363,0.0,0.006095327344028665,0.003921768087009553,0.29169236822529115,1.0759308880684644e-05,191.26822439240942,1.0,-0.996421210509278,-0.9979280424376362,-0.695385422586352,0.28931785016698863,-0.7263326735376425,-0.9963940337649566,0.0,-0.9983132832385962,-0.7329696451921102,0.03392112796156559,Banks—Regional,Financial Services,WABC
2008Q2,2008,Q2,2008-07-31,2008-06-30,12202000.0,58604000.0,0.0,0.42,58604000.0,1.0,4188868000.0,410445000.0,2653579000.0,514131000.0,3778423000.0,0.0,58214000.0,1520692440.0,1937428440.0,14.194390648775764,5.16128963240886,0.13149853373274117,1.3420312100281402,0.0,14.194390648775764,0.029728709084042928,25.948611698860145,31.15662268480577,3.7049846873515335,0.8313391247336502,0.0,0.006670645380468913,0.013990414594109912,0.5295809822788355,0.002912958823242938,66.84068568414575,1.0,-0.5434782608695652,-0.41171179767016336,0.11050102482750937,0.31094450327473894,-0.05391966937879375,-0.5443274329673613,0.0,-0.504776361754464,0.003076047349169467,0.05772534561503591,Banks—Regional,Financial Services,WABC
2008Q1,2008,Q1,2008-05-07,2008-03-31,26778000.0,61944000.0,0.0,0.92,61944000.0,1.0,4342302000.0,399109000.0,2680682000.0,635264000.0,3943193000.0,0.0,63595000.0,1518088542.2779999,2050467542.2779999,13.828661515540002,4.219792086439654,0.15475662448166894,1.6837505543598366,0.0,13.828661515540002,0.06709445289382099,24.50743481657626,14.172908192154006,3.8036940842677063,0.36772723877810143,0.0,0.006486446426388197,0.014265244563828126,0.4459657717106589,0.006166775134479361,48.70976520175832,1.0,0.2266666666666667,0.33497022022149686,0.18908982257749776,0.3588734775884845,0.1054519496743107,0.22654818614877245,0.0,0.3069484669413565,0.22421072656446142,0.011989713879042319,Banks—Regional,Financial Services,WABC
2007Q4,2007,Q4,2008-02-28,2007-12-31,21832000.0,56035000.0,0.0,0.75,56035000.0,1.0,4558959000.0,394603000.0,2812322000.0,798599000.0,4164356000.0,0.0,61922000.0,1285757521.139,1911365521.139,13.6725338692353,3.521569648847544,0.1832374452150151,2.116993535274694,0.0,13.6725338692353,0.055326492702792426,22.94561472542161,14.723313497835745,3.2583571871957386,0.4586844998167827,0.0,0.007788404761676219,0.012291183140712605,0.4519239317855394,0.004788812533738513,35.74924987874659,1.0,0.013513513513513526,0.07697670555429147,0.0585143497477912,0.32561909818295454,0.02261113949923352,-0.008627735900463174,0.0,0.14443678657447423,0.17157991567101774,0.22088926814623397,Banks—Regional,Financial Services,WABC
2007Q3,2007,Q3,2007-11-01,2007-09-30,22022000.0,54796000.0,0.0,0.74,54796000.0,1.0,4657016000.0,403651000.0,2836214000.0,815101000.0,4253365000.0,0.0,66436000.0,1477485930.468,2109764930.468,13.668258160639306,3.4795859654202363,0.18293044301329434,2.1105113080359024,0.0,13.668258160639306,0.05455703070226508,26.963390219505072,16.77284000622105,3.660305388734327,0.4573154118608664,0.0,0.006816308563297092,0.011766332776181143,0.4623181667057211,0.004728779115210255,60.24161830172062,1.0,0.0,0.09591142121328416,0.022471855111375786,0.3699633544563979,-0.007768220914440923,-0.014719699342311305,0.0,-0.05764611339971898,-0.029797209091673556,0.2316905668506674,Banks—Regional,Financial Services,WABC
2007Q2,2007,Q2,2007-07-31,2007-06-30,22351000.0,55225000.0,0.0,0.74,55225000.0,1.0,4647069000.0,407982000.0,2788875000.0,809261000.0,4239087000.0,0.0,70469000.0,1324457179.876,2006499179.876,13.62756363150511,3.446199680943478,0.18207325951045703,2.0738831615120277,0.0,13.62756363150511,0.05478427969861416,23.982927657329107,14.81429443734061,3.2463617999715675,0.4569817905239139,0.0,0.007711838597119667,0.011883834735399883,0.39501718234290295,0.004809698328128977,75.84362250907633,1.0,-0.026315789473684233,0.2952308929710916,0.13104251935434016,0.42773945773042377,-0.023257870534135125,-0.05171828595672465,0.0,-0.037848484769296864,-0.028989072928559366,0.3123650174702537,Banks—Regional,Financial Services,WABC
2007Q1,2007,Q1,2007-05-04,2007-03-31,23570000.0,56540000.0,0.0,0.76,56540000.0,1.0,4748829000.0,419810000.0,2831757000.0,847764000.0,4329019000.0,0.0,74493000.0,1461574079.316,2066825079.316,13.835936985037241,3.340265687148782,0.17133992401074033,1.9381720302041399,0.0,13.835936985037241,0.056144446297134415,25.850266701733286,15.502482809885448,3.481513254367452,0.43903266864658463,0.0,0.007080037985377208,0.011906093059994368,0.431464416983972,0.004963328854334406,50.26564223668191,1.0,-0.025641025641025664,0.221973696726974,0.08498029159765422,0.5323391172622403,-0.00926948080393909,-0.016153942480277163,0.0,0.02400139980813819,-0.0006259664004020837,0.3096739997266054,Banks—Regional,Financial Services,WABC
