Quarters,Year,Quarter,FillingDate,Date,NetIncome,Revenue,OperatingIncome,EPSDiluted,GrossProfit,GrossProfitRatio,TotalAssets,CommonStockEquity,CurrentAssets,CurrentLiability,TotalLiability,Inventory,RetainedEarnings,MarketCap,EnterpriseValue,bookValuePerShare,currentRatio,debtToAssets,debtToEquity,roic,shareholdersEquityPerShare,roe,priceToSalesRatio,peRatio,pbRatio,payoutRatio,inventoryTurnover,dividendYield,assetTurnover,quickRatio,returnOnAssets,priceToFreeCashFlowsRatio,grossProfitMargin,epsdilutedGrowth,fiveYNetIncomeGrowthPerShare,fiveYRevenueGrowthPerShare,fiveYShareholdersEquityGrowthPerShare,grossProfitGrowth,netIncomeGrowth,operatingIncomeGrowth,threeYNetIncomeGrowthPerShare,threeYRevenueGrowthPerShare,threeYShareholdersEquityGrowthPerShare,Industry,Sector,Symbol
2023Q4,2023,Q4,2023-05-19,2023-03-25,-53669000.0,372822000.0,129942000.0,-0.97,186354000.0,0.499847112,2063966000.0,1658282000.0,1017856000.0,216340000.0,405684000.0,233450000.0,-9320000.0,5830574210.0,5525863210.0,30.031003821148516,4.704890450217251,0.0683504476333428,0.08507177910632811,0.061345353038592884,30.031003821148516,-0.03236421790744879,15.639029375948844,-27.15987912016248,3.5160329847396286,0.0,0.7987491968301563,0.0,0.1806337895100985,2.917791439400943,-0.026002850822155015,159.1704897491196,0.4998471120266508,-1.530054644808743,-6.0729172934435205,0.39531182866822867,0.619623968269887,-0.3719216056352269,-1.5186563197618794,-0.08090253218276984,-6.599935447927597,0.41485624768927076,0.42921985221764164,Semiconductors,Technology,CRUS
2023Q3,2023,Q3,2023-02-02,2022-12-24,103477000.0,590582000.0,141380000.0,1.83,296705000.0,0.5023942484,2165889000.0,1716320000.0,1013485000.0,228549000.0,449569000.0,152426000.0,80865000.0,4141267830.0,3863999830.0,31.07080142652836,4.4344320036403575,0.07261498627122627,0.09163559243031602,0.0512926741203035,31.07080142652836,0.060290039153537804,7.012180916451907,10.005285788146159,2.4128762876386687,0.0,1.9279978481361448,0.0,0.27267417674682315,3.208983631518843,0.047775763208548545,23.891010903426793,0.502394248385491,0.20394736842105265,2.5188713781014394,0.4053107633868971,0.6275308725170625,0.09369816356170241,0.18682616873881727,0.2165173769758297,0.5909803136976031,0.6604325043551541,0.4350158692945616,Semiconductors,Technology,CRUS
2023Q2,2023,Q2,2022-11-01,2022-09-24,87188000.0,540574000.0,116217000.0,1.52,271286000.0,0.5018480356,2164067000.0,1654614000.0,956567000.0,282365000.0,509453000.0,164571000.0,40927000.0,4208427520.0,4019261520.0,29.69195707569178,3.387696775450215,0.07665058429336985,0.10025117640730709,0.04330444087745388,29.69195707569178,0.05269386092466279,7.785109013752049,12.067106482543469,2.5434497230169693,0.0,1.6363028723165078,0.0,0.2497954083676707,2.420477042126326,0.040288955933434595,163.48486986248156,0.501848035606596,1.202898550724638,0.3539306768906665,0.44597742817300656,0.5696019798620948,0.33879802994561625,1.1957841186692524,1.1412226398408136,0.19096016418609724,0.4469592193954722,0.4614148876173131,Semiconductors,Technology,CRUS
2023Q1,2023,Q1,2022-08-02,2022-06-25,39707000.0,393639000.0,54276000.0,0.69,202634000.0,0.5147711482,2105902000.0,1599187000.0,861008000.0,252596000.0,506715000.0,174370000.0,5894000.0,4087961280.0,3881958280.0,28.41635126250511,3.408636716337551,0.08230772372123679,0.10838757443626043,0.020105561486816192,28.41635126250511,0.024829491485361,10.385051481179456,25.738290981439043,2.556274707085538,0.0,1.0954005849630097,0.0,0.18692180357870405,2.3911859253511536,0.018855103418867546,60.886213788892036,0.5147711481839959,-0.5792682926829268,0.053889517487650314,0.39784343256248544,0.569221177536747,-0.216809866694495,-0.5881614703258863,-0.49681546377416214,7.944064598860213,0.7186265711540557,0.4889176128055933,Semiconductors,Technology,CRUS
2022Q4,2022,Q4,2022-05-20,2022-03-26,96414000.0,489972000.0,107865000.0,1.64,258729000.0,0.5280485415,2123400000.0,1599817000.0,840015000.0,264783000.0,523583000.0,138436000.0,23435000.0,4997716170.0,4805744170.0,28.070412155878792,3.1724657549767166,0.08375341433549967,0.11116396437842578,0.04926881829942099,28.070412155878792,0.06026564288290473,10.200003612451324,12.959000171136973,3.123929905732968,0.0,1.6703964286746222,0.0,0.23074879909578977,2.3441044175796786,0.04540548177451258,20.008872665398858,0.528048541549313,-0.24074074074074084,2.0994375578982067,0.6842534916385676,0.5655389753479284,-0.10635806605370231,-0.2446175060327807,-0.25211645531003213,15.219205256397213,1.11067496673676,0.4532243211724558,Semiconductors,Technology,CRUS
2022Q3,2022,Q3,2022-01-31,2021-12-25,127636000.0,548349000.0,144227000.0,2.16,289522000.0,0.527988562,2068117000.0,1562747000.0,763521000.0,239514000.0,505370000.0,148525000.0,6416000.0,5229499880.0,5213927880.0,27.33126377277974,3.18779278038027,0.08681762202041761,0.11489319768331022,0.06651380035658798,27.33126377277974,0.081674128953695,9.536809367756666,10.242995471497068,3.3463509320446625,0.0,1.7426493856253156,0.0,0.2651440900103814,2.1918175973012017,0.06171604411162424,-37.46623689810072,0.5279885620289269,0.5104895104895106,0.16764530314180454,0.1705091021746427,0.5803356645966298,0.22968519053363007,0.49990598853060075,0.5150531534938443,3.4380401549656057,0.7598882462351565,0.43964365262722827,Semiconductors,Technology,CRUS
2022Q2,2022,Q2,2021-11-01,2021-09-25,85096000.0,465886000.0,95196000.0,1.43,235444000.0,0.5053682660565031,2226160000.0,1468090000.0,949056000.0,500381000.0,758070000.0,188360000.0,-65672000.0,4910932040.0,4661365040.0,25.592531901541037,1.8966667399441626,0.06161911093542243,0.09343705086200438,0.04788461628676263,25.592531901541037,0.057963748816489455,10.541059486655534,14.427623037510575,3.3451164710610386,0.0,1.22341261414313,0.0,0.2092778596327308,1.3506907736304936,0.03822546447694685,211.2592291146864,0.5053682660565031,3.9310344827586206,0.19311714838876198,0.18970297291910296,0.6580319007025315,0.6823917796864505,3.944854436631995,3.9833010521907553,0.5420646811055713,0.3407620795967757,0.3540380053369404,Semiconductors,Technology,CRUS
2022Q1,2022,Q1,2021-07-28,2021-06-26,17209000.0,277253000.0,19103000.0,0.29,139946000.0,0.5047591910637577,1814006000.0,1406731000.0,839344000.0,186501000.0,407275000.0,192722000.0,-109754000.0,4723451460.0,4479428460.0,24.430047584314543,4.500479890188257,0.0777858507634484,0.10030631300511611,0.009919732812344909,24.430047584314543,0.012233326769652478,17.036610821163343,68.61891248765181,3.3577503161585263,0.0,0.7124614730025632,0.0,0.15284017803689734,3.1215060509058934,0.009486738191604659,-122.05616320835163,0.5047591910637577,-0.30952380952380953,0.17649105873755547,0.1590578269904077,0.7501198421101186,-0.05517860639080739,-0.3192911672797753,-0.2267244170984456,5.2997611727005305,0.16288674777966441,0.3322020348108239,Semiconductors,Technology,CRUS
2021Q4,2021,Q4,2021-05-21,2021-03-27,25281000.0,293537000.0,24704000.0,0.42,148119000.0,0.5046007828655331,1830614000.0,1389005000.0,842519000.0,213610000.0,441609000.0,173263000.0,-112689000.0,4806195990.0,4506487990.0,23.99013799892917,3.944192687608258,0.07781869908129185,0.10255974600523396,0.013363253079034382,23.99013799892917,0.01820079841325265,16.373390713947476,47.527748012341284,3.4601718424339727,0.0,0.8392905582842268,0.0,0.16034893210693243,2.8396282945554985,0.013810120538791902,29.115755488514104,0.5046007828655331,-0.7801047120418848,0.958303347619764,0.3732910343858002,0.7540919858411462,-0.41105765407554673,-0.7789504057078903,-0.8094562283069804,1.2790087979044553,0.047731665964072766,0.29382962809272767,Semiconductors,Technology,CRUS
2021Q3,2021,Q3,2021-02-01,2020-12-26,114368000.0,485795000.0,129650000.0,1.91,251500000.0,0.5177080867444086,1825629000.0,1400357000.0,803544000.0,184855000.0,425272000.0,142689000.0,-88238000.0,4697623040.0,4514451040.0,24.13409968288984,4.346888101484947,0.07894375034577124,0.10291804161367422,0.06721155069912613,24.13409968288984,0.0816706025677738,9.669969925585896,10.268656966983771,3.354589608221332,0.0,1.6419976312119364,0.0,0.2660973286467294,3.3290200427361984,0.0626458059112777,36.29862644495271,0.5177080867444086,0.9292929292929293,2.016200233002501,0.5241682500572574,0.7774260964884986,0.3955940291881694,0.9226036378307501,1.0209499166056146,2.702561095666451,0.10048303107014692,0.26417699289761226,Semiconductors,Technology,CRUS
2021Q2,2021,Q2,2020-11-02,2020-09-26,59486000.0,347325000.0,64153000.0,0.99,180210000.0,0.5188512200388685,1699864000.0,1316831000.0,709231000.0,178043000.0,383033000.0,209050000.0,-155260000.0,3667196820.0,3562224820.0,22.629461600591156,3.9834815185095733,0.08386788590146035,0.10826294338453454,0.03592266649155535,22.629461600591156,0.04517360238329748,10.558401554739797,15.412016356789833,2.7848651953060037,0.0,0.7994020569241809,0.0,0.2043251695429752,2.6155086130878495,0.034994564271024035,102.97932717418774,0.5188512200388685,2.3,0.8565286960734652,0.23255513180730736,0.7293353840477914,0.41372222919543117,2.2668460651326265,2.4352342704149934,-0.11538045655410109,-0.11029823008277106,0.19625822039800933,Semiconductors,Technology,CRUS
2021Q1,2021,Q1,2020-08-03,2020-06-27,18209000.0,242573000.0,18675000.0,0.3,127472000.0,0.525499540344556,1644039000.0,1272289000.0,689967000.0,163044000.0,371750000.0,199332000.0,-184049000.0,3412476760.0,3270068760.0,21.818273798295404,4.231784058291013,0.08729354960557505,0.11279984343179891,0.010710058908875011,21.818273798295404,0.01431199986795453,14.067834260202083,46.851512438903846,2.6821553593562473,0.0,0.577433628318584,0.0,0.14754698641577238,2.77473565417924,0.011075771316860487,-2094.82919582566,0.525499540344556,0.764705882352941,-0.4076231517519964,-0.06872167257309536,0.7261537742173311,-0.12830717680445858,0.7925772789919275,0.8710550045085663,-0.5335773221040819,-0.1686796284622814,0.2048590258931774,Semiconductors,Technology,CRUS
2020Q4,2020,Q4,2020-05-20,2020-03-28,10158000.0,279291000.0,9981000.0,0.17,146235000.0,0.5235936711172218,1592677000.0,1229779000.0,650196000.0,158637000.0,362898000.0,146725000.0,-201681000.0,3623991840.0,3474764840.0,21.01216532540537,4.098640291987367,0.08971812866011125,0.11619323471940893,0.005417220076495927,21.01216532540537,0.008260020702906783,12.97568428628205,89.19058476077969,2.9468643065136093,0.0,0.9068393252683592,0.0,0.17535947338977081,2.9509193945926864,0.0063779410388923805,79.04534298863612,0.5235936711172218,-0.8495575221238938,-0.48903222719573575,0.17535224340184385,0.7451205384883647,-0.25958836485152276,-0.8517340028024287,-0.8626700972770677,-0.6820079567565956,-0.065114574316439,0.17188745183732942,Semiconductors,Technology,CRUS
2020Q3,2020,Q3,2020-01-29,2019-12-28,68512000.0,374668000.0,72679000.0,1.13,197505000.0,0.5271467005455497,1647540000.0,1259880000.0,714601000.0,178311000.0,387660000.0,137920000.0,-157869000.0,4850551680.0,4656106680.0,21.65188698700763,4.007610298859857,0.08974349636427643,0.11735720862304347,0.0429612571976823,21.65188698700763,0.05437978220147951,12.946266241045405,17.699642690331622,3.8500108581769696,0.0,1.2845345127610208,0.0,0.2274105636281972,2.9798273802513586,0.041584422836471346,38.922738565238326,0.5271467005455497,-0.11023622047244104,2.2576164700930725,0.35600629984637094,0.9086359730437085,-0.05015076971909221,-0.10101036609368849,-0.16148645530481331,-0.38411457418230793,-0.21411342196139493,0.25194537273692047,Semiconductors,Technology,CRUS
2020Q2,2020,Q2,2019-10-30,2019-09-28,76210000.0,388912000.0,86676000.0,1.27,207933000.0,0.5346530834738964,1583631000.0,1178625000.0,652020000.0,192796000.0,405006000.0,144829000.0,-213274000.0,3086185200.0,3011104200.0,20.317267414800643,3.381916637274632,0.09273372395463338,0.12459942729875914,0.05077591046116667,20.317267414800643,0.06466009120797539,7.93543320854075,10.12395092507545,2.618462360801782,0.0,1.2496047062397724,0.0,0.24558246207607706,2.398711591526795,0.048123584345090495,56.212618848129395,0.5346530834738964,14.874999999999998,94.97068100974538,0.9849790031588607,0.8778504706845242,0.697495387529185,15.502815071459507,19.916023166023166,0.0566106367145624,-0.017937097861832545,0.31626982583990054,Semiconductors,Technology,CRUS
2020Q1,2020,Q1,2019-07-31,2019-06-29,4618000.0,238253000.0,4144000.0,0.08,122494000.0,0.5141341347223329,1470116000.0,1117250000.0,564075000.0,131206000.0,352866000.0,146317000.0,-258899000.0,2558198000.0,2511818000.0,19.085240860949778,4.299155526424096,0.10318709544008772,0.13577713134929514,0.002226185044977386,19.085240860949778,0.00413336316849407,10.737317053720204,138.49058033780858,2.2897274558066685,0.0,0.7911520875906423,0.0,0.1620640820180176,2.7584409249577,0.003141248717788256,52.34700225086966,0.5141341347223329,-0.20000000000000004,-0.5224950506562631,0.65480387816801,0.8019474026785578,-0.017209701618273576,-0.24995939580964754,-0.416912902771915,-0.6894575664587325,-0.020281621880823383,0.36722855765719487,Semiconductors,Technology,CRUS
2019Q4,2019,Q4,2019-05-24,2019-03-30,6157000.0,240441000.0,7107000.0,0.1,124639000.0,0.5183766495730762,1352640000.0,1140240000.0,624983000.0,115540000.0,212400000.0,164733000.0,-222430000.0,2483434170.0,2267262170.0,19.315952635056156,5.4092348970053665,0.0,0.0,0.004169033684094752,19.315952635056156,0.00539974040552866,10.328663455899784,100.8378337664447,2.1779925015786152,0.0,0.7029678327961003,0.0,0.1777568310858765,3.52268478449022,0.004551839365980601,-31435.875569620253,0.5183766495730762,-0.7959183673469388,-0.48507421062936895,0.6932483132752516,0.8855054666137693,-0.2361870327245986,-0.7943072862726757,-0.8393571573879434,-0.5322155361664872,0.10331413336422061,0.4123285875867633,Semiconductors,Technology,CRUS
2019Q3,2019,Q3,2019-01-30,2018-12-29,29933000.0,324295000.0,44241000.0,0.49,163180000.0,0.5031838295379207,1396865000.0,1129801000.0,640277000.0,169763000.0,267064000.0,167879000.0,-217871000.0,1972789650.0,1753470650.0,18.98474231654652,3.7715933389490055,0.0,0.0,0.036272918927091516,18.98474231654652,0.026494046296648702,6.0833181208467595,16.476711739551664,1.746139054576868,0.0,0.9597090761798677,0.0,0.23215915639664533,2.4813828690586286,0.02142869926585604,17.434401042817374,0.5031838295379207,-0.4731182795698925,-0.23820551875293686,0.5648182171716144,0.9091569327276195,-0.11851295653066406,-0.48544857579976963,-0.20398359062938573,-0.23030918364592817,-0.00795690363488451,0.3981866683206954,Semiconductors,Technology,CRUS
2019Q2,2019,Q2,2018-11-01,2018-09-29,58173000.0,366305000.0,55578000.0,0.93,185119000.0,0.5053684770887649,1404394000.0,1142975000.0,642572000.0,155902000.0,261419000.0,142315000.0,-182453000.0,2334219200.0,2138362200.0,18.90089628257706,4.121640517761158,0.0,0.0,0.04986698826895024,18.90089628257706,0.0508961263369715,6.372337805926755,10.031368504288931,2.042231194908025,0.0,1.2731335417910972,0.0,0.2608278018846563,2.8950686970019626,0.04142213652294157,35.51439612938563,0.5053684770887649,14.285714285714285,0.8225684569168551,1.008342378092926,0.9815321805841059,0.4861952970078437,14.617275280898877,10.026798765632613,0.7470681603268357,0.25087710832658827,0.44439975234868206,Semiconductors,Technology,CRUS
2019Q1,2019,Q1,2018-08-01,2018-06-30,-4272000.0,254483000.0,-6157000.0,-0.07,124559000.0,0.4894590208383271,1366803000.0,1127096000.0,575121000.0,118644000.0,239707000.0,173063000.0,-184673000.0,2355838460.0,2169379460.0,18.338095083140804,4.847451198543542,0.0,0.0,-0.005185933880817015,18.338095083140804,-0.003790271636133923,9.257351021482771,-137.865078417603,2.0901843853584787,0.0,0.750732392250221,0.0,0.18618849973258766,2.974781699875257,-0.003125541866677202,-299.49637172641746,0.4894590208383271,-1.368421052631579,-1.2133577944726737,0.6912430477866331,1.019301766091238,-0.18391535084845706,-1.3558813728757082,-1.2964799922954688,-1.1318566147184053,-0.07305384055276727,0.45081926885493756,Semiconductors,Technology,CRUS
2018Q4,2018,Q4,2018-05-30,2018-03-31,12004000.0,303173000.0,20767000.0,0.19,152630000.0,0.5034419291955419,1430117000.0,1161728000.0,613674000.0,140209000.0,268389000.0,205760000.0,-139345000.0,2545632020.0,2310028020.0,18.541960609059277,4.3768516999622,0.0,0.0,0.009759539280773768,18.541960609059277,0.01033288342882327,8.396631692136173,53.01632830723093,2.191246160891362,0.0,0.7316436625194401,0.0,0.2119917461298621,2.587579969902075,0.008393718835591773,30.644051714798184,0.5034419291955419,-0.6346153846153846,-0.535723941004509,0.49410946590334115,1.1606366187102624,-0.35075376029401756,-0.6446312797892182,-0.7993642880605956,-0.4359485128264547,0.1918156433891377,0.5399629586765265,Semiconductors,Technology,CRUS
2018Q3,2018,Q3,2018-02-05,2017-12-30,33779000.0,482741000.0,103506000.0,0.52,235088000.0,0.4869857749807868,1493325000.0,1211366000.0,679493000.0,175720000.0,281959000.0,192967000.0,-92402000.0,3290672580.0,3064032580.0,19.090760090145462,3.866907580241293,0.0,0.0,0.02755651956258966,19.090760090145462,0.027885048779642155,6.816642008861895,24.3544256786761,2.7164973922002105,0.0,1.2833956065026662,0.0,0.3232658664389868,2.6011893922148874,0.022619992299064168,27.88280245386297,0.4869857749807868,-0.5272727272727273,-0.48967287236274576,0.5958597700727066,1.2436042887907583,0.11267405647428555,-0.5391678035470668,0.13883020860839715,0.4728596520318026,0.6021772514919521,0.6828700187962025,Semiconductors,Technology,CRUS
2018Q2,2018,Q2,2017-11-02,2017-09-23,73300000.0,425537000.0,90888000.0,1.1,211282000.0,0.4965067667441374,1455767000.0,1199916000.0,670000000.0,191190000.0,255851000.0,210791000.0,-92180000.0,3389752640.0,3209554640.0,18.916870300011034,3.5043673832313407,0.0,0.0,0.06135154368813816,18.916870300011034,0.06108760946599595,7.965823512409027,11.561230013642565,2.8249916160797923,0.0,1.0164333391843106,0.0,0.2923112008995945,2.238736335582405,0.05035146421096233,49.524481196855916,0.4965067667441374,0.7187500000000001,1.1164289676186214,1.2477372046132307,1.3380320568934778,0.30650028444928146,0.7081469052945563,0.9215221987315011,83.41884061221232,0.9863267662180271,0.7484169042770054,Semiconductors,Technology,CRUS
2018Q1,2018,Q1,2017-08-02,2017-06-24,42912000.0,320735000.0,47300000.0,0.64,161716000.0,0.5042044055061031,1366650000.0,1160705000.0,578506000.0,145875000.0,205945000.0,202429000.0,-112258000.0,4231042970.0000005,4067124970.0000005,18.108569823860712,3.965765209940017,0.0,0.0,0.036526600499608576,18.108569823860712,0.03697063422661227,13.191709573323774,24.64953258995153,3.645235412960227,0.0,0.7855544413102866,0.0,0.23468700837815096,2.315235646958012,0.031399407309845244,-119.76796699408386,0.5042044055061031,0.23076923076923075,5.23093951510383,2.258403074826565,1.4423838839838916,-0.015601507192033065,0.2240287523532432,0.05785789367745398,3.0524505105497486,1.0345554078648151,0.7097342704798986,Semiconductors,Technology,CRUS
2017Q4,2017,Q4,2017-05-24,2017-03-25,35058000.0,327864000.0,44713000.0,0.52,164279000.0,0.5010583656638118,1413470000.0,1151692000.0,775928000.0,144075000.0,261778000.0,167895000.0,-107014000.0,3857773920.0,3566607920.0,17.93019055922282,5.385583897275724,0.04244872547701755,0.052097262115218305,0.028804254582874028,17.93019055922282,0.030440430253922054,11.766384598492058,27.509940099264078,3.3496576515248866,0.0,0.9743291938413889,0.0,0.2319568154966147,3.9628873850425124,0.024802790296221355,35.43728684021973,0.5010583656638118,-0.7158469945355191,-0.30769274113743683,1.974562649287782,1.4813609870691975,-0.35615241111180784,-0.7127358838423152,-0.6941425141426509,1.694581488932488,1.1219471089368873,0.7502358260852577,Semiconductors,Technology,CRUS
2017Q3,2017,Q3,2017-02-01,2016-12-24,122041000.0,523029000.0,146189000.0,1.83,255152000.0,0.4878352825560342,1473405000.0,1104035000.0,825222000.0,212739000.0,369370000.0,154128000.0,-141027000.0,3745955160.0,3535580160.0,17.294594044206338,3.8790348737185,0.06787000179855504,0.09057683859660247,0.10163601943561533,17.294594044206338,0.11054087959167962,7.162041034053561,7.673558804008489,3.3929677591743017,0.0,1.7380164538565348,0.0,0.3549797917069645,2.9583057173343863,0.08282922889497457,18.614459225100504,0.4878352825560342,0.5378151260504203,6.308015728679655,3.2822648357436055,1.7063452112385424,0.2052584093453441,0.5633254339332607,0.4065154853420822,1.8954636211088065,1.352741369356808,0.7391910602562549,Semiconductors,Technology,CRUS
2017Q2,2017,Q2,2016-10-27,2016-09-24,78065000.0,428619000.0,103937000.0,1.19,211699000.0,0.4939095093777924,1345534000.0,969148000.0,695952000.0,190109000.0,376386000.0,161254000.0,-267887000.0,3289410930.0,3316146930.0,15.435488238011054,3.660805117064421,0.10404790960317614,0.1444567805949143,0.07124933071360698,15.435488238011054,0.08055013269387132,7.674440307125909,10.534205245628643,3.39412652143945,0.0,1.3452069406030238,0.0,0.3185493640443125,2.624336564812818,0.05801785759408532,493.905545045045,0.4939095093777924,3.9583333333333335,6.122149808449476,3.3287309898042188,1.5595701782454494,0.6710660299167226,3.9208900655572365,3.6795281617216693,1.3556097991752205,1.2633458642095057,0.6182257290539501,Semiconductors,Technology,CRUS
2017Q1,2017,Q1,2016-07-27,2016-06-25,15864000.0,259428000.0,22211000.0,0.24,126685000.0,0.4883243134896773,1225098000.0,871744000.0,573723000.0,158060000.0,353354000.0,154043000.0,-344564000.0,2358736500.0,2375584500.0,13.959071257005604,3.6297798304441353,0.13096013543406324,0.1840437100800235,0.015753796883970803,13.959071257005604,0.018198003083474048,9.092066006753319,37.17121312405447,2.7057674041920565,0.0,0.8617269204053414,0.0,0.21176101830220928,2.37614829811464,0.012949168148180798,1392.4064344746164,0.4883243134896773,0.14285714285714285,0.857155431907086,2.0218419217497106,1.3780367741565613,0.09918093949016954,0.13217242363688267,0.0008561643835616438,-0.22023414138732747,0.6968300301740182,0.5371049781598749,Semiconductors,Technology,CRUS
2016Q4,2016,Q4,2016-05-25,2016-03-26,14012000.0,231999000.0,22192000.0,0.21,115254000.0,0.4967866240802762,1181883000.0,859483000.0,506129000.0,128124000.0,322400000.0,142015000.0,-344345000.0,2166198210.0,2157844210.0,13.676670432665532,3.950305953607443,0.13574863163274198,0.18666919531858106,0.014440414681645985,13.676670432665532,0.016302823906930098,9.337101496127138,38.64898319297745,2.520350268708049,0.0,0.8220610498890962,0.0,0.1962960800688393,2.4812447316661985,0.011855657455094962,70.79773213060103,0.4967866240802762,-0.6666666666666667,-0.8763813652509606,1.919204577807697,1.2556355853763932,-0.30111393418268034,-0.6614150396288421,-0.6527671292891678,-0.4596908469807831,0.1399082646335997,0.5936995866775442,Semiconductors,Technology,CRUS
2016Q3,2016,Q3,2016-01-27,2015-12-26,41384000.0,347863000.0,63911000.0,0.63,164911000.0,0.4740688144470668,1235921000.0,859875000.0,549583000.0,177384000.0,376046000.0,137723000.0,-336653000.0,2013830400.0,2014697400.0,13.578117104598283,3.098267036485816,0.12981331331047857,0.1865840965256578,0.04154554337511063,13.578117104598283,0.04812792557057712,5.7891480266656705,12.165513241832592,2.3420036633231573,0.0,1.3284055676974797,0.0,0.2814605464265111,1.9983425788120688,0.03348434082760953,19.457298550724637,0.4740688144470668,0.18867924528301883,0.8068091242519054,2.910409935367107,2.0947759861332695,0.15954043355060082,0.18646788990825688,0.44896617393670085,-0.37354378924241066,0.15224588680845783,0.5957416899972022,Semiconductors,Technology,CRUS
2016Q2,2016,Q2,2015-10-28,2015-09-26,34880000.0,306756000.0,44108000.0,0.53,142221000.0,0.4636290732699605,1212294000.0,828923000.0,515914000.0,187942000.0,383371000.0,143867000.0,-352374000.0,1965626380.0,2069732380.0,13.085640766583525,2.745070287641932,0.1323433094612363,0.19355115010682536,0.03617777826622018,13.085640766583525,0.0420786972975777,6.407784623609644,14.088491829128442,2.37130153222917,0.0,1.1436604641787207,0.0,0.2530376294859168,1.661235913207266,0.028771898565859436,-35.30980778903499,0.4636290732699605,0.06000000000000005,0.22190478219565957,2.298052066600244,2.061366566529297,0.07373880743503405,0.0457516339869281,-0.11784,0.00845972972581154,0.6224959984717657,0.6173207889069569,Semiconductors,Technology,CRUS
2016Q1,2016,Q1,2015-07-22,2015-06-27,33354000.0,282633000.0,50000000.0,0.5,132454000.0,0.4686430813103919,1193653000.0,799772000.0,508048000.0,203122000.0,393881000.0,126195000.0,-367691000.0,2179156560.0,2237064560.0,12.639820463381485,2.501196325361113,0.1344100840026373,0.20060592268796607,0.035088402856000844,12.639820463381485,0.04170438574993873,7.710198596766832,16.33354740061162,2.724722245840064,0.0,1.1900550734973652,0.0,0.2367798681861479,1.6915695985663788,0.02794279409510134,70.8323276450512,0.4686430813103919,0.5625,0.995671654721958,2.6338133315851864,2.373078785567804,0.11329270855221685,0.5623214202070355,0.6443582069918111,3.906085548477571,1.9086651917142081,0.7047891742138166,Semiconductors,Technology,CRUS
2015Q4,2015,Q4,2015-05-27,2015-03-28,21349000.0,255183000.0,30407000.0,0.32,118975000.0,0.4662340359663457,1148778000.0,756771000.0,451913000.0,176578000.0,392007000.0,84196000.0,-400613000.0,2092343080.0,2196381080.0,12.040523770126647,2.5592825833342774,0.15707038261526596,0.23843276235479424,0.02314235123433821,12.040523770126647,0.028210647606739688,8.199382717500773,24.501652068012554,2.764829889094587,0.0,1.6177490617131456,0.0,0.2221343027112288,1.7740318726002107,0.018584095447510312,23.67653872267234,0.4662340359663457,-0.08571428571428563,0.11121361661766374,3.316801216059463,2.668322116963942,-0.09062072444604108,-0.060715385630692065,-0.31475638887636903,-0.5691544329894973,1.3659930750232714,0.6662893709015105,Semiconductors,Technology,CRUS
2015Q3,2015,Q3,2015-01-28,2014-12-27,22729000.0,298606000.0,44374000.0,0.35,130831000.0,0.43813922024339763,1065068000.0,713378000.0,436174000.0,130178000.0,351690000.0,73896000.0,-421514000.0,1486915825.0,1620747825.0,11.344167925578438,3.3505968750480113,0.18819361768450465,0.28097165878398267,0.026116195155897092,11.344167925578438,0.03186108907199269,4.979524272787553,16.354831107835807,2.0843309227366134,0.0,2.270420591101007,0.0,0.2803633195251383,2.466269262087296,0.021340421456658168,28.679470450950895,0.43813922024339763,33.99999999999999,1.1350153365535147,3.758647569985494,2.7893972841657106,0.3009337058876172,25.677230046948356,1.455264759586123,0.3816544765970152,1.4818280404736117,0.7751925522160459,Semiconductors,Technology,CRUS
2015Q2,2015,Q2,2014-10-30,2014-09-27,852000.0,210214000.0,18073000.0,0.01,100567000.0,0.4784029607923354,1064646000.0,673412000.0,426864000.0,139419000.0,391234000.0,121169000.0,-430144000.0,1331957400.0,1510182400.0,10.819427708423708,3.0617347707270888,0.21268947612633682,0.33625625916972074,0.005019636152344075,10.819427708423708,0.0012651987193575405,6.336197398841181,390.8325704225352,1.9779234703272288,0.0,0.9049096716156773,0.0,0.1974496687161742,1.8661086365559931,0.0008002660039111592,-58.46277487600404,0.4784029607923354,-0.9375,-0.8678867937188243,2.960221232297652,2.863083782193729,0.3342222222222222,-0.9168618266978923,0.13559535029846057,-0.9215871017616503,1.1416277510530084,0.7941178199966176,Semiconductors,Technology,CRUS
2015Q1,2015,Q1,2014-07-23,2014-06-28,10248000.0,152565000.0,15915000.0,0.16,75375000.0,0.49405171566217676,769819000.0,657009000.0,573353000.0,108771000.0,112810000.0,92002000.0,-430663000.0,1423014080.0,1154470080.0,10.591452798555585,5.271193608590525,0.0,0.0,0.015564708190979517,10.591452798555585,0.015597959845298923,9.327264313571265,34.71443403590945,2.165897392577575,0.0,0.8390034999239147,0.0,0.19818294949851847,3.870158406192827,0.013312220145254924,151.7072579957356,0.49405171566217676,-0.20000000000000004,47.77959587636567,3.2781193301624785,2.9568023181825502,0.027355250245338567,-0.18679574670687193,-0.20663010967098705,0.20778971627715703,0.7890664299063128,0.804336677059954,Semiconductors,Technology,CRUS
2014Q4,2014,Q4,2014-05-28,2014-03-29,12602000.0,149659000.0,20060000.0,0.2,73368000.0,0.4902344663535103,724744000.0,637358000.0,475333000.0,82523000.0,87386000.0,69743000.0,-440634000.0,1214436800.0,1182586800.0,10.244442658522864,5.7600063012735845,0.0,0.0,0.019538486749108703,10.244442658522864,0.01977224730842007,8.114692734817151,24.09214410411046,1.905423325666266,0.0,1.0938875586080323,0.0,0.20649912244875432,4.344085891206088,0.01738820880200457,20.091933028919332,0.4902344663535103,-0.6825396825396826,2.700132418452241,3.6789814058071384,2.8625188595004323,-0.2935126963186935,-0.6963373493975904,-0.619974993369454,-0.8876986199378569,0.9021425526459078,0.6895727309273553,Semiconductors,Technology,CRUS
2014Q3,2014,Q3,2014-01-28,2013-12-28,41500000.0,218883000.0,52786000.0,0.63,103849000.0,0.4744498202235898,722440000.0,625023000.0,528819000.0,92309000.0,97417000.0,69985000.0,-443322000.0,1299820720.0,1225130720.0,9.944044929519203,5.728791342122653,0.0,0.0,0.06617565887694624,9.944044929519203,0.06639755656991822,5.938427013518638,7.830245301204819,2.0796366213723334,0.0,1.6436950775166106,0.0,0.30297740988871047,4.333456109371784,0.057444216820774045,19.293188861841713,0.4744498202235898,0.26,14.647448488126885,4.177724812286371,2.6019079958128417,0.044254283645724396,0.2437438187430695,0.04186321918484161,0.8255374961037709,1.4790708197085434,1.2664844628924572,Semiconductors,Technology,CRUS
2014Q2,2014,Q2,2013-10-29,2013-09-28,33367000.0,190671000.0,50665000.0,0.5,99448000.0,0.5215685657493798,699161000.0,602997000.0,519572000.0,84933000.0,96164000.0,91247000.0,-451532000.0,1452094490.0,1383208490.0,9.538526029390828,6.117433741890666,0.0,0.0,0.05515781268116766,9.538526029390828,0.055335267007961896,7.615707108055236,10.879720157640781,2.408128879579832,0.0,0.9997369776540599,0.0,0.2727140100777932,4.308678605489033,0.04772434389217934,30.234331848088615,0.5215685657493798,0.6129032258064516,4.3961905296241675,2.6780904053331733,2.5369146524341333,0.25094970942665223,0.6164615831799244,0.6081574353277257,0.17128710958620547,1.0541606237960672,1.231524248695272,Semiconductors,Technology,CRUS
2014Q1,2014,Q1,2013-07-25,2013-06-29,20642000.0,155125000.0,31505000.0,0.31,79498000.0,0.5124770346494762,659899000.0,575425000.0,482560000.0,74768000.0,84474000.0,110624000.0,-472180000.0,1099981680.0,1032811680.0,9.081403973928003,6.454098009843784,0.0,0.0,0.035712784038943256,9.081403973928003,0.03587261589260112,7.090937502014504,13.322130607499274,1.9115986966155447,0.0,0.6836400781024009,0.0,0.23507385221071708,3.9636208003423925,0.031280544446953246,31.572378874856486,0.5124770346494762,-0.20512820512820515,9.151401563211433,2.705975064068854,2.628901204699,-0.04922620613772813,-0.2169195751138088,-0.06803727259281171,0.23333909188313406,0.9916411873912946,1.4234751732725763,Semiconductors,Technology,CRUS
2013Q4,2013,Q4,2013-05-29,2013-03-30,26360000.0,206873000.0,33805000.0,0.39,83614000.0,0.4041803425289912,651347000.0,548174000.0,444534000.0,93079000.0,103173000.0,119300000.0,-492741000.0,1453201750.0,1386799750.0,8.581711727225763,4.7758785547760505,0.0,0.0,0.04791682755341557,8.581711727225763,0.048086921306008674,7.024608092887907,13.782262424127467,2.6509862744311112,0.0,1.0331852472757754,0.0,0.3176079724018073,2.5884033992629916,0.040469979903185245,11.538750287833192,0.4041803425289912,-0.6060606060606061,3.572202311382954,5.1633538367799545,2.0382468729423184,-0.47096488453021196,-0.6115646458990304,-0.6814725475600448,0.3500194138306286,2.4434098278002323,1.6145443114772382,Semiconductors,Technology,CRUS
2013Q3,2013,Q3,2013-01-24,2012-12-29,67862000.0,310133000.0,106129000.0,0.99,158050000.0,0.5096200662296498,692498000.0,553551000.0,528790000.0,128816000.0,138947000.0,135023000.0,-479225000.0,1763641050.0,1676189050.0,8.508969333640765,4.105002484163458,0.0,0.0,0.12254198415986792,8.508969333640765,0.12259394346681697,5.686724888999236,6.497159861188883,3.1860497948698496,0.0,1.1263488442709761,0.0,0.44784678078492646,2.475251521550118,0.09799595089083289,29.786202499577772,0.5096200662296498,0.9411764705882353,21.2169094825807,7.68231895732749,1.340245736721937,0.5791261602405907,0.9143558351434455,1.1046901338621715,5.161886710271005,3.777485483045206,1.842329688301359,Semiconductors,Technology,CRUS
2013Q2,2013,Q2,2012-10-31,2012-09-29,35449000.0,193774000.0,50425000.0,0.51,100087000.0,0.5165140834167639,675096000.0,525296000.0,483317000.0,139758000.0,149800000.0,144881000.0,-499233000.0,2492432360.0,2434628360.0,8.090937095681104,3.4582421042087037,0.014874921492646971,0.019116840790716093,0.06488162718884063,8.090937095681104,0.06748385672078219,12.862573719900503,17.577592879911986,4.7448150376168865,0.0,0.6466479386531016,0.0,0.28703177029637267,1.8993331329870204,0.05250956900944458,-40.71138414295515,0.5165140834167639,4.1,147.36622866922065,4.647530272160034,1.2696181765618557,0.8728854790419162,4.117511188104519,3.8156814057874127,4.269651792929264,2.499649966959248,1.8888744136383726,Semiconductors,Technology,CRUS
2013Q1,2013,Q1,2012-07-30,2012-06-30,6927000.0,99006000.0,10471000.0,0.1,53440000.0,0.53976526675151,585278000.0,478000000.0,380436000.0,103119000.0,107278000.0,96790000.0,-534682000.0,1924429500.0,1840117500.0,7.414301225376144,3.689291013295319,0.0,0.0,0.014349113623549663,7.414301225376144,0.01449163179916318,19.437503787649234,69.4539302728454,4.026003138075314,0.0,0.4707717739435892,0.0,0.16916063819244873,2.0940175913265255,0.011835401296477912,-101.20054164913756,0.53976526675151,-0.8731579672221458,1.3835138300871834,2.3044766627339013,1.0743484274886652,-0.14286172550403387,-0.8637141676667913,-0.49870739180390655,30.725054902943388,1.671268906513772,1.7698678202364166,Semiconductors,Technology,CRUS
2012Q4,2012,Q4,2012-05-30,2012-03-31,50827000.0,110631000.0,20888000.0,0.7883821932681867,62347000.0,0.5635581347000389,544462000.0,465857000.0,351587000.0,72985000.0,78605000.0,55915000.0,-541609000.0,1534386000.0,1468389000.0,7.225950054288816,4.817250119887648,0.0,0.0,0.10815160088630767,7.225950054288816,0.10910429595347929,13.869403693359004,7.5471009502823305,3.293684542681553,0.0,0.8635249932933917,0.0,0.20319324397294944,3.096896622593684,0.09335270413729517,75.178147966683,0.5635581347000389,2.153528773072747,8.584275351325983,2.4790363332340877,1.0969063127925354,-0.05577767681356959,2.0378937302014224,-0.2087579074964961,7.617214083558931,2.337818777896363,1.7244399029632613,Semiconductors,Technology,CRUS
2012Q3,2012,Q3,2012-01-26,2011-12-31,16731000.0,122368000.0,26399000.0,0.25,66030000.0,0.5396018566945606,494617000.0,408710000.0,299755000.0,79413000.0,85907000.0,58079000.0,-592436000.0,1013718450.0,975708450.0,6.390387291461451,3.7746338760656317,0.0,0.0,0.04087263722384562,6.390387291461451,0.04093611607252086,8.284179278896444,15.147308140577373,2.4802878569156612,0.0,0.970023588560409,0.0,0.24739950304983452,2.4525203682016796,0.03382617257393094,127.43160905091138,0.5396018566945606,0.47058823529411753,5.627240801691927,2.706615774322903,0.8984124249310805,0.21479164750252966,0.48759669245132037,0.47373415954893094,5.19957859186641,1.8447206868969857,1.3147106881151907,Semiconductors,Technology,CRUS
2012Q2,2012,Q2,2011-10-24,2011-09-24,11247000.0,101602000.0,17913000.0,0.17,54355000.0,0.5349796263853074,460663000.0,388521000.0,278414000.0,65637000.0,72142000.0,49552000.0,-609167000.0,1005689860.0,966421860.0,6.030500108651786,4.241723418194006,0.0,0.0,0.02881152695686257,6.030500108651786,0.028948242179959383,9.898327395130018,22.354624788832577,2.5885083689169957,0.0,0.9534832095576364,0.0,0.22055602468615887,2.8519584990173223,0.02441481082700369,63.179410729991204,0.5349796263853074,0.30769230769230776,0.6387193499540795,1.8658558296356995,0.8248782558645891,0.13930285690330965,0.22543037698845064,0.24951171875,0.7847587640909963,0.9231480835162775,1.2361279017402147,Semiconductors,Technology,CRUS
2012Q1,2012,Q1,2011-07-25,2011-06-25,9178000.0,92242000.0,14336000.0,0.13,47709000.0,0.51721558509139,456970000.0,393871000.0,281921000.0,56433000.0,63099000.0,46851000.0,-600126000.0,952134810.0,910644810.0,5.869998062564271,4.99567628869633,0.0,0.0,0.02308147071304948,5.869998062564271,0.02330204559360806,10.322139697751567,25.93524760296361,2.417377288503088,0.0,0.9505240016221639,0.0,0.20185570168720046,3.477185334821824,0.020084469440007004,-261.57549725274725,0.51721558509139,-0.9279219339099578,0.5527831268228921,1.6530985772862465,0.8484797689523007,0.03674649050371594,-0.9296198027698112,0.0491035492133187,3.2622799470968653,1.080985684435468,1.345633241509311,Semiconductors,Technology,CRUS
2011Q4,2011,Q4,2011-05-25,2011-03-26,130406000.0,91433000.0,13665000.0,1.8036,46018000.0,0.503297496527512,496621000.0,438379000.0,319470000.0,52054000.0,58242000.0,40497000.0,-552814000.0,1529868000.0,1493129000.0,6.0633333333333335,6.137280516386829,0.0,0.0,0.2926123779942693,6.0633333333333335,0.29747319100595604,16.732120787899337,2.9328941919850315,3.4898295766904894,0.0,1.1214410944020545,0.0,0.1841102168454415,4.63847158719791,0.26258655997229274,86.29670577617328,0.503297496527512,4.304705882352941,9.387191378225742,1.6667753600579311,1.038584694204291,-0.12283176394342572,4.296535477844117,-0.40864635624026313,12.242515783148907,1.4067028497478236,1.146646744280961,Semiconductors,Technology,CRUS
2011Q3,2011,Q3,2011-01-27,2010-12-25,24621000.0,95625000.0,23108000.0,0.34,52462000.0,0.5486222222222222,351984000.0,298670000.0,290372000.0,47022000.0,53314000.0,40196000.0,-660456000.0,1097352880.0,1068861880.0,4.387431324734847,6.1752371230487855,0.0,0.0,0.081794782926192,4.387431324734847,0.08243546388991194,11.475585673202614,11.142448316477804,3.6741315833528647,0.0,1.0738133147576874,0.0,0.2716742806491204,4.839521925907023,0.0699492022364653,38.77983107749938,0.5486222222222222,-0.19047619047619038,1.4356028711682813,1.5152118712024112,0.5297466052153805,-0.07604790419161676,-0.20253287555872254,-0.20473551984031388,6.703038877980241,1.5583420848178962,0.2066875611217816,Semiconductors,Technology,CRUS
2011Q2,2011,Q2,2010-10-21,2010-09-25,30874000.0,100598000.0,29057000.0,0.42,56780000.0,0.5644247400544743,355296000.0,292855000.0,290897000.0,55903000.0,62441000.0,41963000.0,-685077000.0,1160610220.0,1140773220.0,4.274444266051698,5.203602668908645,0.0,0.0,0.1046355572309059,4.274444266051698,0.10542418603062949,11.537110280522475,9.397957990542205,3.9630882860118493,0.0,1.0442056097037866,0.0,0.2831385661532919,4.075631003702842,0.08689655948842655,101.34563569682152,0.5644247400544743,0.6799999999999999,391.56404041583494,1.4967096705407075,0.5700934775906056,0.2149352733497379,0.7540052266787866,0.6606846888037949,121.79864941645936,1.778335539521509,0.19903989935974944,Semiconductors,Technology,CRUS
2011Q1,2011,Q1,2010-07-20,2010-06-26,17602000.0,81915000.0,17497000.0,0.25,46735000.0,0.5705304278825611,307877000.0,249714000.0,244268000.0,51179000.0,58163000.0,42415000.0,-715951000.0,1116869640.0,1070711640.0,3.7472651150227345,4.772816975712694,0.0,0.0,0.0694565363876686,3.7472651150227345,0.07048863900301945,13.63449478117561,15.862822974661972,4.472595208919004,0.0,0.8294235529883296,0.0,0.2660640450569546,3.5795345747279157,0.05717218239751589,141.80670898933468,0.5705304278825611,-0.1838333714211094,-0.13336337386344005,0.9834105173941763,0.38309178515825015,0.32453803423648114,-0.13537675606641125,1.1055354993983153,4.859542439618584,1.6450495302501227,0.04839731519489131,Semiconductors,Technology,CRUS
2010Q4,2010,Q4,2010-06-01,2010-03-27,20358000.0,62639000.0,8310000.0,0.30631,35284000.0,0.5632912402816137,267610000.0,218601000.0,184855000.0,41890000.0,49009000.0,35396000.0,-733553000.0,525474000.0,509365000.0,3.2822972972972972,4.412867032704702,0.0,0.0,0.09075858714197195,3.2822972972972972,0.0931285767219729,8.388927026293523,6.452917771883289,2.4038041911976613,0.0,0.7728274381286021,0.0,0.23406823362355667,3.1346622105514443,0.07607339038152536,80.26179929738812,0.5632912402816137,0.8018235294117647,9.3818925308287,1.0060200494940073,0.3887218670493186,0.01140858797225248,0.8415196743554952,-0.23782445198569202,2.716065467858296,0.9068230062490835,-0.0475065740207392,Semiconductors,Technology,CRUS
2010Q3,2010,Q3,2010-01-28,2009-12-26,11055000.0,65162000.0,10903000.0,0.17,34886000.0,0.5353733771216354,244400000.0,195492000.0,170079000.0,41861000.0,48908000.0,30408000.0,-753911000.0,440788500.0,422512500.0,2.993660224801691,4.062946417906883,0.026820785597381342,0.033530783868393595,0.05175205070319641,2.993660224801691,0.05654962862930452,6.764502317301495,9.968080054274084,2.2547649008655086,0.0,0.9956590370955012,0.0,0.266620294599018,3.185614294928454,0.045233224222585924,50.676994711427916,0.5353733771216354,0.7000000000000001,4.672431964930831,0.9209568627642338,0.26387126419774076,0.20404500586732932,0.634387936132466,0.693538365952159,3.288754635329773,0.9331507174431136,-0.11066395390790461,Semiconductors,Technology,CRUS
2010Q2,2010,Q2,2009-10-20,2009-09-26,6764000.0,55674000.0,6438000.0,0.1,28974000.0,0.5204224593167367,226900000.0,182834000.0,141913000.0,36253000.0,44066000.0,22497000.0,-764966000.0,361003930.0,347576930.0,2.8007230281398874,3.914517419248062,0.032018510356985455,0.03973549777393701,0.032480672922586495,2.8007230281398874,0.03699530721856985,6.484246326831196,13.342841883500887,1.9744901385956661,0.0,1.1868249099879984,0.0,0.24536800352578228,3.166579317573718,0.02981048920229176,226.47674404015058,0.5204224593167367,28.56606334841629,1.5825023488346375,0.4067344721861072,0.20442896803104468,0.4792464389646194,29.60633484162896,27.06477732793522,-0.02737404347234392,0.5498114916433415,-0.15247849056181373,Semiconductors,Technology,CRUS
2010Q1,2010,Q1,2009-07-22,2009-06-27,221000.0,37514000.0,-247000.0,0.0033822561638175114,19587000.0,0.5221250733059658,210337000.0,174670000.0,149886000.0,27482000.0,35667000.0,20192000.0,-771730000.0,299515860.0,273422860.0,2.6767707726729397,5.453969871188415,0.004036379714458227,0.004860594263468254,-0.0015707240765496567,2.6767707726729397,0.0012652430297131734,7.984108866023352,338.81884615384615,1.7147527337264554,0.0,0.8878268621236133,0.0,0.17835188293072546,4.341896514081944,0.0010506948373324712,121.85348250610252,0.5221250733059658,1.0282726420113477,1.0842142450665087,-0.1790550192705595,0.06768052246806877,0.06053386756186042,1.028450051493306,0.9567274001401541,-0.9615528694223141,0.10949911246976674,-0.15707695868518498,Semiconductors,Technology,CRUS
2009Q4,2009,Q4,2009-06-01,2009-03-28,-7768000.0,33520000.0,-5708000.0,-0.11963,18469000.0,0.5509844868735083,209496000.0,172928000.0,155148000.0,28240000.0,36568000.0,19878000.0,-771951000.0,260800000.0,231396000.0,2.652269938650307,5.493909348441926,0.0,0.0,-0.049575756092562415,2.652269938650307,-0.04492042931162102,7.780429594272077,-8.39340885684861,1.508142116950407,0.0,0.7571687292484154,0.0,0.16000305495092984,4.600247875354108,-0.037079466911062745,89.49897048730267,0.5509844868735083,-3.99075,-2.0012148630736926,-0.1123317355094429,0.0740442677498803,-0.2329512417974915,-3.8247272727272725,-3.6835919134931827,-1.6861206304190672,0.08412204511395492,-0.1082665912318853,Semiconductors,Technology,CRUS
2009Q3,2009,Q3,2009-01-28,2008-12-27,2750000.0,43833000.0,2127000.0,0.04,24078000.0,0.5493121620696735,217755000.0,179925000.0,164978000.0,29907000.0,37830000.0,23409000.0,-764183000.0,159671400.0,131537400.0,2.7607714969618855,5.516367405624101,0.0,0.0,0.011544523759899958,2.7607714969618855,0.015284146172016119,3.6427212374238587,14.515581818181818,0.8874330971238016,0.0,0.8439061899269512,0.0,0.20129503340910657,4.452937439395459,0.012628871897315791,22.322298336362365,0.5493121620696735,-0.6,-0.910134606972975,0.02236862646161085,0.13786139065782074,-0.19702527846328285,-0.5672698662470496,-0.6303441084462982,-0.7158460454233486,0.20427187255805682,-0.03741380487407155,Semiconductors,Technology,CRUS
2009Q2,2009,Q2,2008-10-22,2008-09-27,6355000.0,53278000.0,5754000.0,0.1,29986000.0,0.5628214272307519,225203000.0,175217000.0,171370000.0,41608000.0,49986000.0,28106000.0,-766933000.0,354091950.0,298525950.0,2.6968493635622046,4.118679100173043,0.0,0.0,0.032922167520320234,2.6968493635622046,0.036269311767693775,6.646119411389316,13.92965971675846,2.02087668433999,0.0,0.8287198462961646,0.0,0.23657766548402998,3.116876562199577,0.028218984649405202,57.111604838709674,0.5628214272307519,2.3333333333333335,-0.6100028870982046,0.3731901028328793,0.3928674849945724,0.21642124051762607,1.9724041159962582,4.516778523489933,85.77510634503753,0.39437646416714556,-0.00939038335277695,Semiconductors,Technology,CRUS
2009Q1,2009,Q1,2008-07-25,2008-06-28,2138000.0,44011000.0,1043000.0,0.03,24651000.0,0.5601099725068733,211571000.0,166723000.0,157440000.0,35973000.0,44848000.0,24006000.0,-773288000.0,395068460.0,353663460.0,2.5025216895319864,4.376615795179718,0.0,0.0,0.006152292190373048,2.5025216895319864,0.012823665601026853,8.976584490241077,46.19603133769878,2.3696098318768257,0.0,0.8064650504040657,0.0,0.2080200027413965,3.2998637867289355,0.010105354703621953,244.92774953502789,0.5601099725068733,1.1867878712408941,1.1105432587853767,0.35876817093717395,0.4956740940440085,-0.002266564131622617,1.1562294483010596,1.0801198340758948,-0.8947084476152087,0.06591167227398462,-0.076335117818042,Semiconductors,Technology,CRUS
2008Q4,2008,Q4,2008-05-29,2008-03-29,-13685000.0,44822000.0,-13018000.0,-0.16061,24707000.0,0.5512248449422159,298306000.0,240935000.0,242655000.0,47990000.0,57371000.0,22464000.0,-696557000.0,565539000.0,511825000.0,2.824560375146542,5.056365909564493,0.0,0.0,-0.06923376073348454,2.824560375146542,-0.05679955174632162,12.617442327428495,-10.33136645962733,2.3472679353352564,0.0,0.8954326923076923,0.0,0.15025510717183027,4.379037299437383,-0.045875711517703296,92.03238405207486,0.5512248449422159,-4.2122,0.9120145720918779,-0.1555507643545586,0.4474561353004715,-0.09630577907827359,-4.272357723577236,-11.422738190552442,-6.448932382533441,0.12074518778574994,0.19505590215636778,Semiconductors,Technology,CRUS
2008Q3,2008,Q3,2008-01-30,2007-12-29,4182000.0,48905000.0,1249000.0,0.05,27340000.0,0.5590430426336775,374212000.0,323845000.0,297715000.0,39117000.0,50367000.0,20030000.0,-611766000.0,460481560.0,391193560.0,3.635929851349531,7.610885292839431,0.0,0.0,0.003847582995776299,3.635929851349531,0.012913585202797635,9.415838053368777,27.52759206121473,1.4219196220414085,0.0,1.0766350474288566,0.0,0.13068795228373223,6.594472991282562,0.011175483415817773,70.18466087486664,0.5590430426336775,14.40331325301205,1.3209658496125884,-0.2425042437836956,-0.03905208633533212,0.019350508929570114,13.596385542168674,1.3602538217479088,0.5732558647290138,0.05701524794443557,0.5350263265310428,Semiconductors,Technology,CRUS
2008Q2,2008,Q2,2007-11-05,2007-09-29,-332000.0,47034000.0,-3467000.0,-0.0037304209083350187,26821000.0,0.5702470553216822,369983000.0,317268000.0,291210000.0,39915000.0,52715000.0,19450000.0,-615948000.0,569587200.0,516376200.0,3.56488909863143,7.295753476136791,0.0,0.0,-0.011444752158302294,3.56488909863143,-0.001046433929674597,12.11011608623549,-428.9060240963856,1.7952872650251523,0.0,1.039228791773779,0.0,0.12712475978626045,6.301265188525617,-0.0008973385263647248,58.84773220374006,0.5702470553216822,-1.0932605227083754,0.9830510594680021,-0.39871759753473685,-0.09036985505003522,0.10080032833983173,-1.0832288794184006,-8.360934182590233,0.9790280546623972,-0.1282776697319773,0.5330525921591843,Semiconductors,Technology,CRUS
2008Q1,2008,Q1,2007-07-31,2007-06-30,3989000.0,41124000.0,471000.0,0.04,24365000.0,0.5924764128003113,362413000.0,316288000.0,328641000.0,33466000.0,46125000.0,17512000.0,-615616000.0,734467000.0000001,636901000.0000001,3.5742795796135156,9.820145819637842,0.0,0.0,0.001483570399400276,3.5742795796135156,0.012611923310400647,17.859814220406577,46.03077212333918,2.3221462717523274,0.0,0.9570009136592051,0.0,0.11347275070154768,8.874409848801768,0.011006779558128434,484.47691292876,0.5924764128003113,-0.5137244126940513,1.2362731377867575,-0.49251558949445007,-0.13891601236112927,-0.07279853870157546,-0.4519851627970875,1.108826247689464,2.120908766972496,-0.3363654748383695,0.4256688424604923,Semiconductors,Technology,CRUS
2007Q4,2007,Q4,2007-04-18,2007-03-31,7279000.0,43647000.0,-4328000.0,0.08225788224658154,26278000.0,0.6020574151717185,353060000.0,304937000.0,321037000.0,34620000.0,48123000.0,16496000.0,-621180000.0,677833400.0,594673400.0,3.4460051983274944,9.27316580011554,0.0,0.0,0.12226218111247074,3.4460051983274944,0.023870504399269358,15.529896671019772,23.28044374227229,2.222863739067414,0.0,1.0529219204655673,0.0,0.12362487962385997,8.400982091276719,0.020616892312921315,127.55615355664283,0.6020574151717185,1.0564470561645385,1.084197374364655,-0.5121262072592742,-0.2041758450106568,-0.04136874361593463,1.1013279445727482,-21.194871794871794,-0.3087371919377126,-0.1483630758736606,0.39546962244099126,Semiconductors,Technology,CRUS
2007Q3,2007,Q3,2007-04-18,2006-12-30,3464000.0,45298000.0,-195000.0,0.04,27412000.0,0.605148130160272,346446000.0,295402000.0,307737000.0,37914000.0,51044000.0,20331000.0,-628459000.0,,,,,,,,,,,,,,,,,,,,,,,,,,,,,,,Semiconductors,Technology,CRUS
2007Q2,2007,Q2,2007-04-18,2006-09-23,9327000.0,48179000.0,6101000.0,0.11,28165000.0,0.5845907968201913,338037000.0,289328000.0,310012000.0,35933000.0,48709000.0,21427000.0,-631923000.0,,,,,,,,,,,,,,,,,,,,,,,,,,,,,,,Semiconductors,Technology,CRUS
2007Q1,2007,Q1,2006-07-31,2006-06-24,7681000.0,45181000.0,4255000.0,0.09,27158000.0,0.6010933799606029,327542000.0,276898000.0,294474000.0,36639000.0,50644000.0,21391000.0,-608971000.0,,,,,,,,,,,,,,,,,,,,,,,,,,,,,,,Semiconductors,Technology,CRUS
