Quarters,Year,Quarter,FillingDate,Date,NetIncome,Revenue,OperatingIncome,EPSDiluted,GrossProfit,GrossProfitRatio,TotalAssets,CommonStockEquity,CurrentAssets,CurrentLiability,TotalLiability,Inventory,RetainedEarnings,MarketCap,EnterpriseValue,bookValuePerShare,currentRatio,debtToAssets,debtToEquity,roic,shareholdersEquityPerShare,roe,priceToSalesRatio,peRatio,pbRatio,payoutRatio,inventoryTurnover,dividendYield,assetTurnover,quickRatio,returnOnAssets,priceToFreeCashFlowsRatio,grossProfitMargin,epsdilutedGrowth,fiveYNetIncomeGrowthPerShare,fiveYRevenueGrowthPerShare,fiveYShareholdersEquityGrowthPerShare,grossProfitGrowth,netIncomeGrowth,operatingIncomeGrowth,threeYNetIncomeGrowthPerShare,threeYRevenueGrowthPerShare,threeYShareholdersEquityGrowthPerShare,Industry,Sector,Symbol
2023Q1,2023,Q1,2023-05-15,2023-03-31,1787443.0,0.0,-336090.0,0.07,-336090.0,0.0,242304497.0,230394044.0,124898.0,2755852.0,11910453.0,0.0,-10966653.0,305766034.2,305985399.2,7.62539806417779,0.04532101143312486,0.0009327107123397714,0.0009809281354512794,-0.001153343638511459,7.62539806417779,0.007758199686793987,0.0,42.765844029711715,1.3271438310271597,0.0,0.0,0.0,0.0,87.88071130089715,0.007376846167242204,-1705.4176405954565,0.0,7.481481481481482,12.185593442408663,0.0,9031.076654947383,0.8679446411865455,6.474741874917685,0.772978121221537,12.185593442408663,0.0,9031.076654947383,Shell Companies,Financial Services,THCP
2022Q4,2022,Q4,2023-03-31,2022-12-31,-326489.0,0.0,-1480430.0,-0.0108,-2545069.0,0.0,239923284.0,228606601.0,153239.0,2110888.0,11316683.0,0.0,-10800737.0,300176109.87,300350087.87,7.566246967217385,0.0725945668363267,0.0008586077873125478,0.0009011113375505723,-0.11703056096534444,7.566246967217385,-0.0014281696091531495,0.0,-229.8516258357862,1.313068426532443,0.0,0.0,0.0,0.0,113.60245877564324,-0.00136080581491207,-1158.864785272521,0.0,-1.0981818181818181,-1.2966526669955216,0.0,19.995351852734107,-7.006659976279536,-1.0968889152675663,-3.6573588490856297,-1.2966526669955216,0.0,19.995351852734107,Shell Companies,Financial Services,THCP
2022Q3,2022,Q3,2022-11-14,2022-09-30,3369725.0,0.0,-317869.0,0.11,-317869.0,0.0,238148677.0,228933090.0,357812.0,547003.0,9215587.0,0.0,-8858431.0,293982570.28000003,294073053.28000003,7.577044324697303,0.6541316958042278,0.0008650058551448514,0.0008998262330709816,-0.00306344021649513,7.577044324697303,0.014719257054539385,0.0,21.810575809598706,1.2841418873960073,0.0,0.0,0.0,0.0,434.92701502551176,0.014149669200135846,-1012.3819946485208,0.0,-0.15384615384615388,7.971566172639521,0.0,-0.009742510830458094,0.359918406305187,-0.14201804149763425,0.359918406305187,7.971566172639521,0.0,-0.009742510830458094,Shell Companies,Financial Services,THCP
2022Q2,2022,Q2,2022-07-27,2022-06-30,3927501.0,0.0,-496607.0,0.13,-496607.0,0.0,237412216.0,227407163.0,688278.0,559837.0,10005053.0,0.0,-9317431.0,295191131.71999997,294991227.71999997,7.526540413203983,1.2294257078399606,0.0008424166345340882,0.0008794797725874624,-0.004995349866022367,7.526540413203983,0.017270788431585155,0.0,18.790009965624453,1.2980731469747062,0.0,0.0,0.0,0.0,423.55871798398465,0.01654296087274633,-1459.9689980711212,0.0,1.0280811232449298,0.0,0.0,6775.970367142328,0.0,1.027216569129745,-0.9851416282249102,0.0,0.0,6775.970367142328,Shell Companies,Financial Services,THCP
2022Q1,2022,Q1,2022-05-16,2022-03-31,1937386.0,0.0,-250162.0,0.0641,0.0,0.0,237311024.0,225691716.0,751546.0,281369.0,11619308.0,0.0,-10868418.0,298514675.68,298112581.68,7.469763920318358,2.6710334116409413,0.0,0.0,-0.002545535335888172,7.469763920318358,0.00858421405241121,0.0,38.520289152497234,1.3226656297832395,0.0,0.0,0.0,0.0,1.4290629031627506,0.008163910666029573,-1899.0570432149423,0.0,0.7609890109890111,13.123917473044534,0.0,8846.773063534898,0.0,0.8126485874543302,0.37820297722465396,13.123917473044534,0.0,8846.773063534898,Shell Companies,Financial Services,THCP
2021Q4,2021,Q4,2022-03-30,2021-12-31,1068815.0,0.0,-402321.0,0.0364,0.0,0.0,237468887.0,-11687555.0,933228.0,212900.0,12620783.0,0.0,-11688211.0,286378437.28,285819152.28,-0.398320969565422,4.3834100516674495,0.0,0.0,0.11040413162756468,-0.398320969565422,-0.09144898141655804,0.0,66.98503419207253,-24.50285258807338,0.0,0.0,0.0,0.0,2.626984499765148,0.004500863306779216,-2257.4724280691794,0.0,2.8200000000000003,0.0,0.0,0.0,0.0,3.276966700255431,0.1480672108757107,0.0,0.0,0.0,Shell Companies,Financial Services,THCP
2021Q3,2021,Q3,2021-11-15,2021-09-30,-469403.0,0.0,-472245.0,-0.02,0.0,0.0,237667213.0,224513360.0,1136551.0,13915.0,13153853.0,0.0,-12017958.0,284617914.09999996,283931769.09999996,7.651590023370212,81.67811713977721,0.0,0.0,-0.0021034160283379126,7.651590023370212,-0.0020907575388832093,0.0,-151.5850527691557,1.2677103674364856,0.0,0.0,0.0,0.0,49.3097376931369,-0.001975043145728309,-480.27213837581706,0.0,0.0,0.0,0.0,0.0,0.0,0.0,0.0,0.0,0.0,0.0,Shell Companies,Financial Services,THCP
2021Q2,2021,Q2,2021-08-16,2021-06-30,0.0,0.0,0.0,0.0,0.0,0.0,426059.0,-6249.0,52458.0,432308.0,432308.0,0.0,-31249.0,94725000.0,94777542.0,-0.0011109333333333333,0.12134404174801298,0.24644474122128626,-16.802688430148823,,-0.0011109333333333333,0.0,0.0,0.0,-15158.425348055689,0.0,0.0,0.0,0.0,0.12134404174801298,0.0,-1221.596038276031,0.0,1.0,0.0,0.0,0.0,0.0,1.0,1.0,0.0,0.0,0.0,Shell Companies,Financial Services,THCP
2021Q1,2021,Q1,2021-03-31,2021-03-31,-29750.0,0.0,-29750.0,-0.005289,0.0,0.0,105000.0,-4750.0,25000.0,109750.0,109750.0,0.0,-29750.0,94725000.0,94700000.0,-0.0008444444444444444,0.22779043280182232,0.0,0.0,6.2631578947368425,-0.0008444444444444444,6.2631578947368425,0.0,-796.0084033613446,-19942.105263157893,0.0,0.0,0.0,0.0,0.22779043280182232,-0.2833333333333333,0.0,0.0,0.0,0.0,0.0,0.0,0.0,0.0,0.0,0.0,0.0,0.0,Shell Companies,Financial Services,THCP
