Quarters,Year,Quarter,FillingDate,Date,NetIncome,Revenue,OperatingIncome,EPSDiluted,GrossProfit,GrossProfitRatio,TotalAssets,CommonStockEquity,CurrentAssets,CurrentLiability,TotalLiability,Inventory,RetainedEarnings,MarketCap,EnterpriseValue,bookValuePerShare,currentRatio,debtToAssets,debtToEquity,roic,shareholdersEquityPerShare,roe,priceToSalesRatio,peRatio,pbRatio,payoutRatio,inventoryTurnover,dividendYield,assetTurnover,quickRatio,returnOnAssets,priceToFreeCashFlowsRatio,grossProfitMargin,epsdilutedGrowth,fiveYNetIncomeGrowthPerShare,fiveYRevenueGrowthPerShare,fiveYShareholdersEquityGrowthPerShare,grossProfitGrowth,netIncomeGrowth,operatingIncomeGrowth,threeYNetIncomeGrowthPerShare,threeYRevenueGrowthPerShare,threeYShareholdersEquityGrowthPerShare,Industry,Sector,Symbol
2023Q4,2023,Q4,2023-06-28,2023-04-29,36303000.0,286699000.0,48849000.0,0.0,102470000.0,0.3574131755,574342000.0,372487000.0,366405000.0,144321000.0,201855000.0,93578000.0,358345000.0,0.0,-116547000.0,0.0,2.5388197143866797,0.0723036100441897,0.11148576997318027,0.08089432004236403,0.0,0.09746111944846397,0.0,0.0,0.0,0.0,1.9687212806428862,,0.4991781899982937,1.8222711871453219,0.06320798409310133,0.0,0.3574131754906714,-1.0,-1.0,-1.0,-1.0,0.07951791997640167,0.056517563516777745,0.09936084979970293,-1.0,-1.0,-1.0,Beverages—Non-Alcoholic,Consumer Defensive,FIZZ
2023Q3,2023,Q3,2023-03-09,2023-01-28,34361000.0,268483000.0,44434000.0,0.37,94922000.0,0.3535493867,526394000.0,339504000.0,323918000.0,125522000.0,186890000.0,93591000.0,322042000.0,4016979590.0,3939534590.0,3.6367765363726927,2.5805675499115694,0.07765855993799321,0.12040800697488101,0.08069151076978917,3.6367765363726927,0.10120941137659645,14.961765139692272,29.226300093128838,11.831906516565343,8.14886062687349,1.8544625017362781,0.06970486001398876,0.510041907772505,1.7162569111390833,0.06527619995668643,156.2601466526627,0.3535493867395701,-0.05128205128205133,-0.16487602662720324,0.1784058535984928,0.15490159911808385,-0.050742029681187246,-0.04674582477944848,-0.053044349253031566,0.29144616082818814,0.2029898138073836,-0.1971909815919039,Beverages—Non-Alcoholic,Consumer Defensive,FIZZ
2023Q2,2023,Q2,2022-12-08,2022-10-29,36046000.0,299633000.0,46923000.0,0.39,99996000.0,0.3337282609,500122000.0,295115000.0,298675000.0,147702000.0,205007000.0,88409000.0,287681000.0,4366632320.0,4314849320.0,3.161585104559479,2.0221459425058566,0.08166607347807135,0.1383968961252393,0.09548821822902219,3.161585104559479,0.12214221574640395,14.573269032449696,30.285137879376354,14.796375379089508,0.0,2.2581072062799037,0.0,0.5991198147651973,1.3071657797457041,0.07207441384302231,120.4388879082083,0.33372826090584146,0.026315789473684233,0.05900489241992954,0.22532790196135072,0.17389308632195336,0.005985855273085784,0.016697692785017204,0.009574422307328198,0.10342762925283931,0.19037331636851898,-0.2616138654661382,Beverages—Non-Alcoholic,Consumer Defensive,FIZZ
2023Q1,2023,Q1,2022-09-08,2022-07-30,35454000.0,318117000.0,46478000.0,0.38,99401000.0,0.3124667968,455545000.0,264106000.0,253844000.0,132064000.0,191439000.0,90353000.0,251635000.0,5057052840.0,5041547840.0,2.8295656645739142,1.9221286648897504,0.08902742868432317,0.15355955563296556,0.10288626973750305,2.8295656645739142,0.13424155452734887,15.896833051990306,35.659254526992726,19.14781504395962,0.0,2.42068331986763,0.0,0.698321790382948,1.1837745335594863,0.07782765698229593,133.0523268785519,0.3124667968074639,0.027027027027027053,-0.07529823393863752,0.22211435862056453,0.2349716493966468,0.01689002557544757,0.032320055904961564,0.026661659782200527,0.025896795683553783,0.2063688368967612,-0.2792193012717767,Beverages—Non-Alcoholic,Consumer Defensive,FIZZ
2022Q4,2022,Q4,2022-06-29,2022-04-30,34344000.0,284220000.0,45271000.0,0.37,97750000.0,0.3439237211,467804000.0,239438000.0,274520000.0,145319000.0,228366000.0,103318000.0,216181000.0,4113677840.0,4126873840.0,2.5656912015258833,1.8890853914491568,0.13092235209617703,0.25579064308923394,0.10382767335573867,2.5656912015258833,0.14343587901669744,14.47356920695236,29.944661658513855,17.180555467386128,0.0,1.8048161985326856,0.0,0.6075621414096501,0.9746970458095637,0.07341536198920916,148.91141502262442,0.3439237210611498,0.12121212121212115,0.17527648661941045,0.3374426709750967,-0.027197965068918164,0.04212198424290237,0.10544611819235226,0.11463744921826911,0.3132469890630455,0.18394599573227655,-0.2783918542575351,Beverages—Non-Alcoholic,Consumer Defensive,FIZZ
2022Q3,2022,Q3,2022-03-10,2022-01-29,31068000.0,258923000.0,40615000.0,0.33,93799000.0,0.3622660019,428273000.0,206250000.0,236744000.0,119480000.0,222023000.0,88679000.0,181837000.0,4036479250.0,4084625250.0,2.209924032187209,1.9814529628389688,0.2066859222972263,0.4291781818181818,0.09321723684763235,2.209924032187209,0.15063272727272728,15.58949668434245,32.481003363589544,19.570808484848484,0.0,1.8620417460729146,0.0,0.6045746521494467,1.0256444593237362,0.07254251377042213,-1419.7957263454098,0.3622660018615573,-0.21428571428571422,0.27660783544761486,0.32797671794385597,-0.04911781707373143,-0.07573533034438587,-0.20914367172385703,-0.21229223638020986,0.2515763229129027,0.1715097577458156,-0.32524738938802694,Beverages—Non-Alcoholic,Consumer Defensive,FIZZ
2022Q2,2022,Q2,2021-12-09,2021-10-30,39284000.0,283158000.0,51561000.0,0.42,101485000.0,0.3584041418571963,635428000.0,446846000.0,450484000.0,139758000.0,188582000.0,78789000.0,430772000.0,5263304400.0,5027942400.0,4.788268449759433,3.223314586642625,0.05929074576505914,0.0843131638193024,0.07523867279700451,4.788268449759433,0.08791395693370871,18.587871082575806,33.49521688219122,11.778788217864767,0.0,2.30581680183782,0.0,0.44561775685050076,2.585025544154896,0.06182289732274939,191.7554794520548,0.3584041418571963,-0.27586206896551724,0.5932119947617412,0.3906295817990716,0.7065353568646602,-0.1866299059877696,-0.2700312174817898,-0.26684961892844955,-0.04433911377642902,0.0853510029060975,0.07073946620842822,Beverages—Non-Alcoholic,Consumer Defensive,FIZZ
2022Q1,2022,Q1,2021-09-09,2021-07-31,53816000.0,311712000.0,70328000.0,0.58,124771000.0,0.40027653731649726,612686000.0,408290000.0,423012000.0,153346000.0,204396000.0,69934000.0,391488000.0,4234226280.0000005,4029267280.0000005,4.375817203609628,2.7585460331537828,0.06622641940569884,0.09938034240368365,0.10997724074563765,4.375817203609628,0.1318082735310686,13.583776947951957,19.669922885387244,10.370634304048593,0.0,2.6731060714387853,0.0,0.508763053178953,2.2442776466291914,0.08783618362423819,81.60318917668826,0.40027653731649726,0.38095238095238093,0.8521850950607454,0.43276108913786715,0.7288774524436907,0.23922133386303818,0.3752779126523728,0.3682224081243556,0.10130615838744873,0.06457783592812924,0.07822692982450613,Beverages—Non-Alcoholic,Consumer Defensive,FIZZ
2021Q4,2021,Q4,2021-06-30,2021-05-01,39131000.0,261103000.0,51401000.0,0.42,100685000.0,0.38561410631053644,557237000.0,355997000.0,364942000.0,147194000.0,201240000.0,71480000.0,337672000.0,4532475200.0,4382523200.0,3.8164343910806173,2.479326602986535,0.07830958820035282,0.12257687564782849,0.08843266570537604,3.8164343910806173,0.10991946561347427,17.358954895194618,28.957062175768574,12.731779200386521,0.0,2.24423614997202,0.0,0.4685672344083397,1.9024620568773183,0.0702232622744003,112.51862370289459,0.38561410631053644,0.07692307692307684,1.222345203784285,0.45252033971680045,0.7199058009088132,0.05248578357584881,0.06661760296562814,0.06723003135186761,0.07282152362601986,0.06779151122641676,0.07312460629721577,Beverages—Non-Alcoholic,Consumer Defensive,FIZZ
2021Q3,2021,Q3,2021-03-11,2021-01-30,36687000.0,245931000.0,48163000.0,0.39,95664000.0,0.3889871549337009,497476000.0,316016000.0,313194000.0,130617000.0,181460000.0,71125000.0,298541000.0,7069037920.0,6956164920.0,3.3872406105299264,2.3978042674383886,0.0812762826749431,0.1279460533643866,0.09231538402613086,3.3872406105299264,0.11609222317857323,28.743988842398885,48.17127265788971,22.36924054478254,0.0,2.1127170474516697,0.0,0.4943575167445264,1.9680056960426284,0.073746271176901,255.51355165184702,0.3889871549337009,-0.21999999999999997,2.2511309258484458,0.5145100610147638,0.6308078018729817,-0.11462392062860369,-0.2221397676193707,-0.21800616983276505,-0.10779919440999373,0.08008175487166265,0.07565850103082512,Beverages—Non-Alcoholic,Consumer Defensive,FIZZ
2021Q2,2021,Q2,2020-12-10,2020-10-31,47164000.0,271809000.0,61590000.0,0.5,108049000.0,0.3975181101435199,751043000.0,558076000.0,565285000.0,139994000.0,192967000.0,68816000.0,541730000.0,3651289020.0000005,3290351020.0000005,5.983061023199966,4.037923053845165,0.059258923923130896,0.07974899476057025,0.0728120526990258,5.983061023199966,0.08451178692507831,13.433289626171321,19.354216245441442,6.542637597746544,0.0,2.379679144385027,0.0,0.36190870562670846,3.4880423446719147,0.06279800224487812,69.35417060801186,0.3975181101435199,-0.09090909090909098,2.0655365859986627,0.5139814133606654,2.104914474775269,-0.07822177481274208,-0.07817997029161129,-0.07621004634698744,0.38665369258235077,0.11235396409166287,1.2215040044463428,Beverages—Non-Alcoholic,Consumer Defensive,FIZZ
2021Q1,2021,Q1,2020-09-10,2020-08-01,51164000.0,293367000.0,66671000.0,0.55,117218000.0,0.39956095948078685,711661000.0,508940000.0,527118000.0,149665000.0,202721000.0,63075000.0,494566000.0,2990929600.0000005,2684426600.0000005,5.457918668496911,3.5219857682156817,0.06465999963465752,0.09041537312846308,0.08478442923966852,5.457918668496911,0.10053051440248359,10.195180780387707,14.614424204518803,5.87678233190553,0.0,2.792691240586603,0.0,0.41222857512214384,3.048595195937594,0.07189378088724828,62.49199974927395,0.39956095948078685,0.4102564102564103,1.975217433145845,0.5747611642414376,2.1082545517979048,0.18813667555267238,0.4128627840830641,0.43960528588702713,0.33573375797025895,0.12811972599863009,1.3821234844257873,Beverages—Non-Alcoholic,Consumer Defensive,FIZZ
2020Q4,2020,Q4,2020-07-01,2020-05-02,36213000.0,262401000.0,46312000.0,0.39,98657000.0,0.3759779878887657,648646000.0,452337000.0,460712000.0,141688000.0,196309000.0,63482000.0,443402000.0,2334663960.0,2079284960.0,4.85048683194647,3.251595053921292,0.07575626767142632,0.10863360724415645,0.0644122159970325,4.85048683194647,0.08005756769841954,8.89731350109184,16.117581807638143,5.161337586799223,0.0,2.5793768312277496,0.0,0.40453652685748465,2.7485672745751226,0.05582860296679545,52.536374805913724,0.3759779878887657,0.3928571428571428,1.9551325728242188,0.5848487539938418,2.0427875671085074,0.20174188440221694,0.36328727929827204,0.39439376147893895,0.24012534800680313,0.23565699994788397,0.839100300814724,Beverages—Non-Alcoholic,Consumer Defensive,FIZZ
2020Q3,2020,Q3,2020-03-05,2020-01-25,26563000.0,222814000.0,33213000.0,0.28,82095000.0,0.3684463274300538,589310000.0,422202000.0,406977000.0,109164000.0,167108000.0,61202000.0,407189000.0,2134279999.9999998,1920104999.9999998,4.530064377682403,3.7281246564801584,0.08057728529975734,0.11246986039857698,0.049888485105304435,4.530064377682403,0.06291538173670423,9.57875178399921,20.086963068930466,5.055115797651362,0.0,2.299254926309598,0.0,0.37809302404506967,3.0612931002894728,0.04507474843460997,67.00825719757621,0.3684463274300538,-0.19999999999999987,2.000119755548019,0.5498206365024639,2.0552141063423486,-0.11548904260133169,-0.1865315122190237,-0.2024541350494669,0.09300470538959314,0.14436088816787068,0.9491880451582266,Beverages—Non-Alcoholic,Consumer Defensive,FIZZ
2020Q2,2020,Q2,2019-12-05,2019-10-26,32654000.0,251611000.0,41644000.0,0.35,92814000.0,0.36887894408432065,566815000.0,399513000.0,384553000.0,108146000.0,167302000.0,67776000.0,380626000.0,2327518170.0,2143196170.0,4.281750369751141,3.5558689179442604,0.0874094722263878,0.124013486419716,0.06392224361812011,4.281750369751141,0.08173451176807764,9.250462698371694,17.819548677038036,5.82588844418079,0.0,2.342968012275732,0.0,0.44390321357056534,2.8340021822351265,0.0576096257156215,74.9434320765045,0.36887894408432065,-0.054054054054054106,1.5031347994895614,0.5279126269568846,2.071336045517888,-0.03893387454180214,-0.05465809738868624,-0.06579626264665635,0.324536911870708,0.23589638907659768,0.526012685361399,Beverages—Non-Alcoholic,Consumer Defensive,FIZZ
2020Q1,2020,Q1,2019-09-05,2019-07-27,34542000.0,263568000.0,44577000.0,0.37,96574000.0,0.3664101863655679,550212000.0,366236000.0,366781000.0,117429000.0,183976000.0,73433000.0,347972000.0,1987586060.0,1837347060.0,3.9256956652231705,3.123427773377956,0.0952887250732445,0.14315632542950446,0.07213995257206834,3.9256956652231705,0.09431623324850642,7.541075016693984,14.385285015343639,5.4270635874135795,0.0,2.2741002001824793,0.0,0.4790299012017186,2.448040943889499,0.06277943774399686,42.78519126035949,0.3664101863655679,0.3214285714285713,1.2334466423631594,0.4992033744911723,2.13792895009843,0.14183357374258082,0.3216253443526171,0.32064347929134324,0.1890103042233389,0.2116525649786808,0.5510352478073385,Beverages—Non-Alcoholic,Consumer Defensive,FIZZ
2019Q4,2019,Q4,2019-06-26,2019-04-27,26136000.0,239915000.0,33754000.0,0.28,84578000.0,0.35253318883771334,452193000.0,331609000.0,321457000.0,97037000.0,120584000.0,70702000.0,313430000.0,2681397500.0,2525197500.0,3.5555186241502796,3.31272607355957,0.0,0.0,0.0769530994124469,3.5555186241502796,0.07881571368690235,11.176447908634309,25.64850684879094,8.086021489163443,5.174739822467095,2.197066561059093,0.05043899682907887,0.5305588542945159,2.4840112534394096,0.05779832947436161,124.52503134723447,0.35253318883771334,0.07692307692307698,1.1762270058929563,0.45039786737928056,2.102244486878779,0.04996710240462801,0.05348865331129832,0.08820684763685602,0.4845501780740153,0.3348514848685939,0.6023220839868523,Beverages—Non-Alcoholic,Consumer Defensive,FIZZ
2019Q3,2019,Q3,2019-03-07,2019-01-26,24809000.0,220891000.0,31018000.0,0.26,80553000.0,0.3646730740500971,552673000.0,305494000.0,429795000.0,223269000.0,247179000.0,72163000.0,287294000.0,3818253060.0,3548400060.0,3.2751618851580258,1.9250097416121361,0.0,0.0,0.07822354973921192,3.2751618851580258,0.08120945092211304,17.28568868808598,38.47649099117256,12.49861882721101,0.0,1.9447362221637128,0.0,0.3996775670242621,1.5505600867115452,0.04488911164467958,193.76093880036538,0.3646730740500971,-0.40909090909090906,2.453712430436929,0.6043762672899445,1.9760826348139033,-0.22189057609829604,-0.3960514143823945,-0.4053069519536792,1.1989969600051271,0.3605985965412005,0.5768468109731119,Beverages—Non-Alcoholic,Consumer Defensive,FIZZ
2019Q2,2019,Q2,2018-12-06,2018-10-27,41078000.0,260709000.0,52158000.0,0.44,103524000.0,0.3970864066833136,544196000.0,417034000.0,428962000.0,103512000.0,127162000.0,80834000.0,397732000.0,4610110360.0,4360050360.0,4.471926739298276,4.144079913439987,0.0,0.0,0.096400755908917,4.471926739298276,0.09850036208078958,17.68297358357402,28.057052193388188,11.054519199873392,0.0,1.944540663582156,0.0,0.4790718785143588,3.230253497179071,0.07548383303074628,676.36595657277,0.3970864066833136,-0.15384615384615388,2.2660214534528516,0.5449930591399156,3.3804043687193777,-0.1051912804466956,-0.15875486381322956,-0.17214780013967368,1.670535120501546,0.4524656315461793,1.320710086215299,Beverages—Non-Alcoholic,Consumer Defensive,FIZZ
2019Q1,2019,Q1,2018-09-06,2018-07-28,48830000.0,292590000.0,63004000.0,0.52,115694000.0,0.3954133770805564,523150000.0,378392000.0,414567000.0,120911000.0,144758000.0,67814000.0,356654000.0,4857233610.0,4614191610.0,4.058345309852206,3.428695486762991,0.0,0.0,0.12741805243446636,4.058345309852206,0.12904606862724372,16.600818927509483,24.86808114888388,12.836512426266939,0.0,2.6085469077181704,0.0,0.5592850998757527,2.7930295837434147,0.09333843066042244,91.55263712443924,0.3954133770805564,0.3333333333333333,3.020488284402747,0.687096709893207,3.5859302001329927,0.16440382854094748,0.33993743482794575,0.26005479890402194,1.8397984691596154,0.5707587649502377,1.3112052502588398,Beverages—Non-Alcoholic,Consumer Defensive,FIZZ
2018Q4,2018,Q4,2018-06-27,2018-04-28,36442000.0,244306000.0,50001000.0,0.39,99359000.0,0.40669897587451803,458832000.0,331440000.0,352967000.0,104670000.0,127392000.0,60920000.0,307824000.0,4183568440.0,3993704440.0,3.556375810120606,3.372188783796694,0.0,0.0,0.10905843876016807,3.556375810120606,0.10995051894762249,17.12429674260968,28.70018412820372,12.62240055515327,0.0,2.3793007222587,0.0,0.5324519649893643,2.6198910862711378,0.0794234055166161,120.65085623648162,0.40669897587451803,-0.1136363636363636,1.993863717388127,0.4463596847763022,3.6844463213688288,0.08954634675907142,-0.1129016553067186,0.09291803278688525,1.9757344911107526,0.47650859978057203,1.2309711321611625,Beverages—Non-Alcoholic,Consumer Defensive,FIZZ
2018Q3,2018,Q3,2018-03-08,2018-01-27,41080000.0,227477000.0,45750000.0,0.44,91193000.0,0.400888881073691,400692000.0,293505000.0,305016000.0,90760000.0,107187000.0,60832000.0,271382000.0,5148233410.0,4993210410.0,3.1489925541274166,3.360687527545174,0.0,0.0,0.13882261936542056,3.1489925541274166,0.13996354406228173,22.63188546534375,31.33053438412853,17.540530519071226,0.0,2.240334034718569,0.0,0.5677103610753397,2.544788453063023,0.10252263583999681,197.62133545737208,0.400888881073691,0.22222222222222227,3.852795376138674,0.5622983980536587,3.9634028889252777,-0.05086386344712739,0.20894643908181282,-0.09686716544603904,3.639422725082914,0.582153069969547,1.1237769863789804,Beverages—Non-Alcoholic,Consumer Defensive,FIZZ
2018Q2,2018,Q2,2017-12-07,2017-10-28,33980000.0,244119000.0,50657000.0,0.36,96080000.0,0.3935785416129019,370125000.0,250973000.0,279913000.0,96784000.0,119152000.0,59725000.0,230302000.0,4439148075.0,4310312075.0,2.6932479127765974,2.8921412630186807,0.0,0.0,0.13471491488126328,2.6932479127765974,0.1353930502484331,18.184361213178818,32.66000643761036,17.687751570886114,0.0,2.4786772708246128,0.0,0.6595582573454913,2.160780707554968,0.09180682201958798,197.00652709359605,0.3935785416129019,-0.1219512195121951,1.8098790737045996,0.4563653168091773,0.6854185705614096,-0.08060055692181085,-0.11214464882943144,-0.12327795084804431,1.6081353516597494,0.4843262917303344,0.9318896898950577,Beverages—Non-Alcoholic,Consumer Defensive,FIZZ
2018Q1,2018,Q1,2017-09-07,2017-07-29,38272000.0,259832000.0,57780000.0,0.41,104503000.0,0.4021944949043998,409777000.0,213471000.0,323236000.0,175727000.0,196306000.0,57326000.0,196322000.0,4783813650.0,4607898650.0,2.291198883760867,1.8394213752013067,0.0,0.0,0.17847809612805354,2.291198883760867,0.17928430559654474,18.411179723821547,31.248782726275085,22.40966524727012,0.0,2.709573317517357,0.0,0.6340814638205658,1.4912506330842727,0.09339714039587385,121.14601018030794,0.4021944949043998,0.32258064516129026,1.6424724646675317,0.4120514125331721,0.5682204803669019,0.2159146440788402,0.3124378450670416,0.30167383811304604,1.4778645805879314,0.47988788315851627,0.8314255410773704,Beverages—Non-Alcoholic,Consumer Defensive,FIZZ
2017Q4,2017,Q4,2017-07-13,2017-04-29,29161000.0,212066000.0,44389000.0,0.31,85946000.0,0.4052794884611395,357889000.0,245618000.0,272227000.0,87206000.0,112271000.0,53355000.0,227928000.0,4125104760.0,3988732760.0,2.637423760845288,3.121654473316056,0.0,0.0,0.11853541516273032,2.637423760845288,0.1187250120105204,19.45198551394377,35.36491169712973,16.794798263970883,0.0,2.363789710430138,0.0,0.5925468511186429,2.3816136504368965,0.0814805707915024,136.7196327721066,0.4052794884611395,0.19230769230769226,1.5127917672705042,0.2737236407448471,1.0064073981885124,0.1320600632244468,0.2007823759522339,0.2074696697676949,1.431703174141773,0.2839374610729068,1.3011926491035497,Beverages—Non-Alcoholic,Consumer Defensive,FIZZ
2017Q3,2017,Q3,2017-03-09,2017-01-28,24285000.0,194564000.0,36762000.0,0.26,75920000.0,0.3902057934664172,316794000.0,216446000.0,231379000.0,78433000.0,100348000.0,48440000.0,198767000.0,2300360400.0,2194694400.0,2.324077653223382,2.9500210370634807,0.0,0.0,0.11175505130833013,2.324077653223382,0.11219888563429216,11.823155362759811,23.68087708462014,10.627872078948098,2.876261066501956,2.4492981007431873,0.03036480718412645,0.6141656723296527,2.223247867606747,0.07665864883804617,92.51399155439373,0.3902057934664172,0.0,2.0533603017162005,0.4175285366360719,0.9462891225886556,-0.03553235006415387,-0.012965371484311494,-0.01495176848874598,2.385992615789653,0.4153429249393225,1.1118489370132094,Beverages—Non-Alcoholic,Consumer Defensive,FIZZ
2017Q2,2017,Q2,2016-11-30,2016-10-29,24604000.0,203180000.0,37320000.0,0.26,78717000.0,0.38742494339994094,355991000.0,261280000.0,271116000.0,71049000.0,94711000.0,50092000.0,244332000.0,2214393600.0,2063905600.0,2.8058419243986252,3.8159017016425283,0.0,0.0,0.09398585378431216,2.8058419243986252,0.09416717697489284,10.89867900383896,22.500341407901153,8.475174525413351,0.0,2.484688173760281,0.0,0.5707447660193656,3.009106391363707,0.06911410681730717,124.45307705277357,0.38742494339994094,-0.16129032258064513,1.198310735348229,0.2782053787005796,1.5550171216045259,-0.07926872061197276,-0.15143990343162614,-0.1519338272053811,0.9590669458264485,0.20582776906780342,1.7484176150659292,Beverages—Non-Alcoholic,Consumer Defensive,FIZZ
2017Q1,2017,Q1,2016-09-08,2016-07-30,28995000.0,217108000.0,44006000.0,0.31,85494000.0,0.3937855813696409,350284000.0,235668000.0,267701000.0,90989000.0,114616000.0,51819000.0,219728000.0,2670452160.0,2537876160.0,2.5310164103445314,2.9421248722373035,0.0,0.0,0.12286851711749514,2.5310164103445314,0.12303325016548704,12.30010943862041,23.025109156751164,11.33141605988085,0.0,2.539879194889905,0.0,0.6198056434207672,2.290496653441625,0.08277569058249877,99.17377205035838,0.3937855813696409,0.631578947368421,1.1435666929387622,0.2753669118775899,1.5184624948783978,0.30794767842117343,0.653361464332554,0.6624858330185115,1.3905756066955701,0.25355565420911086,1.8600485436893204,Beverages—Non-Alcoholic,Consumer Defensive,FIZZ
2016Q4,2016,Q4,2016-07-14,2016-04-30,17537000.0,179034000.0,26470000.0,0.19,65365000.0,0.3650982494945094,305498000.0,206152000.0,223671000.0,75614000.0,99346000.0,47922000.0,190733000.0,2171166480.0,2065589480.0,2.2189787307327995,2.95806332160711,0.0,0.0,0.0854524639551625,2.2189787307327995,0.0850682991190966,12.127118201012099,30.951224268689057,10.53187201676433,0.0042196498831042935,2.3719585993906764,3.408306119390715e-05,0.5860398431413626,2.203599862459333,0.05740463112688136,87.5117484885127,0.3650982494945094,0.5833333333333334,0.5727728162621284,0.17031423692839717,1.5515382796028316,0.24381564926168367,0.5607867568529726,0.5463255053160416,0.4452666621493768,0.063262627967996,1.9228313618589212,Beverages—Non-Alcoholic,Consumer Defensive,FIZZ
2016Q3,2016,Q3,2016-03-10,2016-01-30,11236000.0,161687000.0,17118000.0,0.12,52552000.0,0.3250230383395078,281632000.0,192948000.0,201665000.0,65417000.0,88684000.0,44322000.0,173322000.0,1920160320.0000002,1834059320.0000002,2.077032380296245,3.082761361725545,0.0,0.0,0.05837653658147926,2.077032380296245,0.05823330638306694,11.875786674253343,42.7233962264151,9.951698488711987,0.003381986472054112,2.4623211948919272,1.9790014200480925e-05,0.5741073457561641,2.2265466163229743,0.039896034541529374,207.42792697418173,0.3250230383395078,-0.25000000000000006,0.5090399632675631,0.2192031147938034,1.8304290607829743,-0.1331056894475512,-0.26619644723093,-0.267585144617491,0.3317421053489169,0.11416228841185204,2.2737925986015504,Beverages—Non-Alcoholic,Consumer Defensive,FIZZ
2016Q2,2016,Q2,2015-12-10,2015-10-31,15312000.0,178678000.0,23372000.0,0.16,60621000.0,0.3392751206080211,271577000.0,178884000.0,192491000.0,69159000.0,92693000.0,48676000.0,162123000.0,1747098240.0,1671310240.0,1.9269648397104446,2.783310921210544,0.0,0.0,0.08596887714847193,1.9269648397104446,0.08559737036291674,9.777914684516281,28.52498432601881,9.76665459180251,0.002416405433646813,2.425363628893089,2.1177973369144943e-05,0.6579275859148602,1.9240879711968073,0.05638179963693538,123.48729431721799,0.3392751206080211,-0.11111111111111106,0.4919054577484944,0.17580829139444137,0.07651263142709641,-0.036216791999872815,-0.10524162917080582,-0.10428084160502817,0.27101050141048877,0.07002220702453162,0.20588316814794125,Beverages—Non-Alcoholic,Consumer Defensive,FIZZ
2016Q1,2016,Q1,2015-09-10,2015-08-01,17113000.0,185386000.0,26093000.0,0.18,62899000.0,0.33928667752688985,268496000.0,162941000.0,189156000.0,76678000.0,105555000.0,46571000.0,146848000.0,1102856690.0,1041565690.0,1.755943272194323,2.466887503586426,0.0186222513556999,0.030685953811502322,0.10223584058020371,1.755943272194323,0.10502574551524785,5.948975057447703,16.111387395547244,6.768441890009267,0.002162098989072635,2.630113160550557,3.354923657397409e-05,0.6904609379655563,1.72582748637158,0.06373651749001848,59.29337043010753,0.33928667752688985,0.3846153846153845,0.4124375608479267,0.11751226594482123,0.05687930145074583,0.13380560963299445,0.4047775406337219,0.4089092872570194,0.18634679813341615,0.011558507267501024,0.2018625800382571,Beverages—Non-Alcoholic,Consumer Defensive,FIZZ
2015Q4,2015,Q4,2015-07-16,2015-05-02,12182000.0,164592000.0,18520000.0,0.13,55476000.0,0.33705161854768156,247750000.0,147782000.0,167729000.0,66251000.0,99968000.0,42924000.0,129773000.0,1039234260.0000001,996778260.0000001,1.5940931547041184,2.5317202759203634,0.04036326942482341,0.06766723958262846,0.07747132941063534,1.5940931547041184,0.082432231259558,6.314002260134151,21.3272504514858,7.032211365389561,0.003119356427516007,2.5420743639921723,3.656538420894631e-05,0.6643471241170534,1.6966838236403978,0.04917053481331988,61.72324404585141,0.33705161854768156,0.44444444444444453,0.31433187692836384,0.093370756997381,0.03737887677570726,0.20364504230852679,0.38306085376930066,0.37215677557975846,0.05449643562922642,-0.0069175189624499705,0.21269867454857852,Beverages—Non-Alcoholic,Consumer Defensive,FIZZ
2015Q3,2015,Q3,2015-03-12,2015-01-31,8808000.0,143021000.0,13497000.0,0.09,46090000.0,0.32226036735863967,227030000.0,137473000.0,148951000.0,52664000.0,89557000.0,46493000.0,117628000.0,1007822919.9999999,982375919.9999999,1.4827322145045083,2.8283267507215557,0.06607056336167026,0.10911233478573974,0.058421201962770286,1.4827322145045083,0.06407076298618637,7.046677900448185,28.60532811080835,7.331060790118787,0.004314259763851045,2.0848514830189493,3.770503651574029e-05,0.6299652028366295,1.9179135652438097,0.03879663480597278,349.93851388888885,0.32226036735863967,-0.3571428571428572,0.5846479855088055,0.08140246307659264,0.04075950622432715,-0.20165592738862329,-0.3202654730668313,-0.31702256856593464,0.11240132026528979,0.04667867815268849,0.24170789938942655,Beverages—Non-Alcoholic,Consumer Defensive,FIZZ
2015Q2,2015,Q2,2014-12-11,2014-11-01,12958000.0,163575000.0,19762000.0,0.14,57732000.0,0.3529390187987162,230250000.0,129208000.0,152240000.0,59176000.0,101042000.0,47039000.0,108858000.0,1164085920.0,1141740920.0,1.3941002567920415,2.5726645937542245,0.08686210640608034,0.1547891771407343,0.08741583189591302,1.3941002567920415,0.10028790786948176,7.116527097661623,22.458826979472143,9.009395083895734,0.002932551319648094,2.2501116095155083,3.2643638538296205e-05,0.7104234527687296,1.6268081654724889,0.056277958740499456,115.64533280349691,0.3529390187987162,-0.1764705882352941,0.5459203606932752,0.08605231276073763,-0.3201888887027173,-0.035259516727382104,-0.15654494564863633,-0.10998018375067556,0.16323887683720845,0.033913447773940696,0.269476371553028,Beverages—Non-Alcoholic,Consumer Defensive,FIZZ
2015Q1,2015,Q1,2014-09-11,2014-08-02,15363000.0,174637000.0,22204000.0,0.17,59842000.0,0.3426650709757955,230350000.0,115937000.0,152630000.0,67523000.0,114413000.0,47466000.0,95937000.0,816440320.0,804153320.0,1.2510467023480663,2.2604149697140232,0.10853049706967657,0.21563435314006746,0.10398129449710856,1.2510467023480663,0.13251162269163425,4.675070689487336,13.285821779600338,7.042103211226787,0.00813643168651956,2.418467956010618,0.00015310365857482394,0.7581376166702843,1.4490618011640477,0.06669416105925766,49.16242066598422,0.3426650709757955,0.30769230769230776,0.5578379724629952,0.06502838273584922,-0.3614631985941113,0.08041453022315304,0.2875460945357023,0.35423273969260793,0.14116130528974183,0.03074847372851881,0.24484147409222695,Beverages—Non-Alcoholic,Consumer Defensive,FIZZ
2014Q4,2014,Q4,2014-07-17,2014-05-03,11932000.0,164342000.0,16396000.0,0.13,55388000.0,0.33702887880152366,222841000.0,106201000.0,143141000.0,64523000.0,116640000.0,43914000.0,80737000.0,890018510.0,890086510.0,1.1461116746886535,2.2184492351564558,0.1346251363079505,0.28248321578892854,0.09306025201368354,1.1461116746886535,0.11235299102644984,5.415648525635564,18.64772272041569,8.380509693882354,0.01759973181361046,2.4810766498155488,0.00023595014894690225,0.7374854717040401,1.3659780233405143,0.05354490421421552,55.765570802005016,0.33702887880152366,0.625,0.7284063808576209,0.09915694980283116,-0.37980859087589847,0.23943788041532402,0.672085201793722,0.6032071966363547,0.07289366326646889,0.07708080111111368,0.3178800545339456,Beverages—Non-Alcoholic,Consumer Defensive,FIZZ
2014Q3,2014,Q3,2014-03-05,2014-01-25,7136000.0,136774000.0,10227000.0,0.08,44688000.0,0.3267287642388173,210150000.0,101974000.0,132107000.0,48522000.0,108176000.0,42463000.0,69082000.0,980363960.0,988248960.0,1.1004942694955862,2.722620666913977,0.16654770402093744,0.34322474356208443,0.05181880092606679,1.1004942694955862,0.06997862200168671,7.1677655109889304,34.345710482062785,9.61386196481456,0.02102017937219731,2.1686173845465464,0.00015300440052896274,0.6508398762788484,1.6151848645975022,0.033956697596954556,189.84584817970565,0.3267287642388173,-0.38461538461538464,0.9391025551286165,0.04925990416006469,-0.3789625927905267,-0.24038755736868944,-0.42898295590941826,-0.46592511358295474,-0.03918627894221862,0.033950751271815384,0.4996737610615229,Beverages—Non-Alcoholic,Consumer Defensive,FIZZ
2014Q2,2014,Q2,2013-12-05,2013-10-26,12497000.0,167666000.0,19149000.0,0.13,58830000.0,0.35087614662483746,212685000.0,94596000.0,135716000.0,53229000.0,118089000.0,42920000.0,62096000.0,870077400.0,883011400.0,1.020893589466868,2.5496627778090892,0.18807156122904764,0.4228508605015011,0.09374904847508543,1.020893589466868,0.13210918009218148,5.189349063018144,17.40572537408978,9.19782443232272,0.011922861486756822,2.5357875116495805,0.0001712491325484376,0.7883301596257376,1.559394315128971,0.05875825751698521,258.95160714285714,0.35087614662483746,0.0,0.9140098201013134,0.15310118836915293,-0.41034036370804183,0.001378746872287188,0.03537696768848384,0.026040829448641698,0.21988969704200542,0.1053908122332865,-0.42967052550415297,Beverages—Non-Alcoholic,Consumer Defensive,FIZZ
2014Q1,2014,Q1,2013-09-05,2013-07-27,12070000.0,172353000.0,18663000.0,0.13,58749000.0,0.3408643887834851,220086000.0,82000000.0,142524000.0,68181000.0,138086000.0,43817000.0,49748000.0,826527200.0,842629200.0,0.8849557522123894,2.0903770845250143,0.2044655271121289,0.5487804878048781,0.0962565671991929,0.8849557522123894,0.1471951219512195,4.795548670461205,17.119453189726595,10.0796,0.012427506213753107,2.5926923340256063,0.00018148223071182655,0.7831165998745945,1.3411947610037986,0.05484219804985324,52.39807277798909,0.3408643887834851,0.0,0.5455216392428898,0.11856244769601539,-0.46704689597875515,0.012686811576715563,-0.0022319583367777134,0.03110497237569061,-0.0023505257706943547,0.040451431372503684,-0.4673567010827986,Beverages—Non-Alcoholic,Consumer Defensive,FIZZ
2013Q4,2013,Q4,2013-07-11,2013-04-27,12097000.0,167867000.0,18100000.0,0.13,58013000.0,0.34558906753560853,208642000.0,70316000.0,130941000.0,63437000.0,138326000.0,39234000.0,37828000.0,674736700.0,706469700.0,0.7591880803282228,2.0641108501347794,0.239644942053853,0.7110757153421696,0.10196316627680978,0.7591880803282228,0.1720376585698845,4.019471962923029,13.94429817310077,9.5957776324023,0.000991981483012317,2.7999694142835296,1.778471513406637e-05,0.8045695497550829,1.2979176190551256,0.057979697280509196,70.09523166424268,0.34558906753560853,0.44444444444444453,1.1546249752201314,0.12765162061759605,-0.5181721312555442,0.2515479041270252,0.4377228428809128,0.45697496578926183,0.3063729909369908,0.11616172826672087,-0.5059475189964175,Beverages—Non-Alcoholic,Consumer Defensive,FIZZ
2013Q3,2013,Q3,2013-03-07,2013-01-26,8414000.0,144723000.0,12423000.0,0.09,46353000.0,0.3202877220621463,195227000.0,58776000.0,118879000.0,51891000.0,136451000.0,41662000.0,25881000.0,646641160.0,688146160.0,0.6344422616092054,2.2909367713090902,0.30733453876769096,1.0208248264597795,0.07164081034562962,0.6344422616092054,0.14315366816387642,4.468129875693566,19.213250534822915,11.001789165645842,0.0,2.361144448178196,0.0,0.7413062742346089,1.3426798481432234,0.04309854681985586,80.56829803139796,0.3202877220621463,-0.30769230769230776,1.562909342699505,0.16449758076963683,-0.5804651685498183,-0.15090399516403802,-0.29982524756594825,-0.3271772097053726,0.5149725684655212,0.09514560660165042,-0.5546722405698199,Beverages—Non-Alcoholic,Consumer Defensive,FIZZ
2013Q2,2013,Q2,2012-12-06,2012-10-27,12017000.0,166568000.0,18464000.0,0.13,54591000.0,0.3277400220930791,232042000.0,147972000.0,156202000.0,58734000.0,84070000.0,42930000.0,135609000.0,692185000.0,643479000.0,1.5979697624190066,2.6594817311948784,0.0,0.0,0.08172920000092351,1.5979697624190066,0.08121131024788474,4.155570097497718,14.400120662394938,4.677810666882923,0.0,2.6083624505008154,0.0,0.7178355642512994,1.7932543330949706,0.05178803837236362,350.11886697015683,0.3277400220930791,-0.13333333333333328,0.8393855980173742,0.15055015582031966,0.08924870856188356,-0.0635067675364109,-0.16502223457476375,-0.16225045372050817,0.434926357260953,0.10690359308832767,-0.22077512379974687,Beverages—Non-Alcoholic,Consumer Defensive,FIZZ
2013Q1,2013,Q1,2012-09-06,2012-07-28,14392000.0,182849000.0,22040000.0,0.15,58293000.0,0.31880404049242816,240345000.0,135264000.0,164142000.0,79795000.0,105081000.0,44068000.0,123592000.0,687884260.0,641279260.0,1.461018340498153,2.057046180838398,0.0,0.0,0.1067286273675798,1.461018340498153,0.10639933759167258,3.762034574977167,11.949073443579765,5.085493996924533,0.0,2.826450031769084,0.0,0.7607772160852109,1.4000501284541638,0.059880588320955296,62.866410162675926,0.31880404049242816,0.25,0.9823350834341712,0.1923575726549953,0.04503141729486297,0.10309395401646324,0.24811378024455816,0.2694390047229582,0.460795367170133,0.11619349326890567,-0.2542932440603046,Beverages—Non-Alcoholic,Consumer Defensive,FIZZ
2012Q4,2012,Q4,2012-07-12,2012-04-28,11531000.0,165431000.0,17362000.0,0.12,52845000.0,0.3194383156723951,222988000.0,121636000.0,146054000.0,76236000.0,101352000.0,40862000.0,109200000.0,679199560.0,643573560.0,1.3145006159897983,1.915814051104465,0.0,0.0,0.09494141405019338,1.3145006159897983,0.0947992370679733,4.105636549377082,14.725512965050733,5.5838695780854355,0.0,2.7552738485634576,0.0,0.7418829712809658,1.2752111863161761,0.051711302850377595,43.92701849696029,0.3194383156723951,0.3333333333333333,0.8575552826115009,0.20356970129427454,-0.23544599119805873,0.1682325632806455,0.4588815789473684,0.4688663282571912,0.6726301547476844,0.10797094307303469,-0.2886888709630528,Beverages—Non-Alcoholic,Consumer Defensive,FIZZ
2012Q3,2012,Q3,2012-03-08,2012-01-28,7904000.0,136401000.0,11820000.0,0.09,45235000.0,0.331632466037639,190846000.0,110517000.0,114951000.0,54520000.0,80329000.0,38158000.0,97669000.0,777436800.0,757475800.0,1.194107096551128,2.108418928833456,0.0,0.0,0.07177344146568922,1.194107096551128,0.07151840893256241,5.699641498229485,24.589979757085022,7.034544911642553,0.0,2.3891713402169925,0.0,0.7147176257296459,1.286628760088041,0.04141559162885258,-386.97700348432056,0.331632466037639,-0.25,1.5777772679505782,0.152363252776925,-0.2757824403329818,-0.16390957987542282,-0.28940034163445116,-0.31239092495637,1.1503479066109283,0.04764210623911096,-0.32613445092044696,Beverages—Non-Alcoholic,Consumer Defensive,FIZZ
2012Q2,2012,Q2,2011-12-08,2011-10-29,11123000.0,157974000.0,17190000.0,0.12,54103000.0,0.3424804081684328,194194000.0,101629000.0,118661000.0,66077000.0,92565000.0,38301000.0,89765000.0,793102080.0,771159080.0,1.0981695193637622,1.7957988407464018,0.0,0.0,0.10994598895631122,1.0981695193637622,0.10944710663294925,5.0204595692962135,17.82572327609458,7.803895344832675,0.0,2.7119657450197123,0.0,0.8134854835885764,1.1100836902401743,0.05727777377261913,579.329495982469,0.3424804081684328,-0.14285714285714296,0.9140115268182426,0.15064990063244577,-0.3170956811437002,-0.11414022333562564,-0.17208783029400818,-0.17020660359142692,0.7057067102725737,0.08780752815649073,-0.36570643007650516,Beverages—Non-Alcoholic,Consumer Defensive,FIZZ
2012Q1,2012,Q1,2011-09-08,2011-07-30,13435000.0,169080000.0,20716000.0,0.14,61074000.0,0.3612136266855926,201796000.0,92943000.0,126206000.0,82426000.0,108853000.0,39736000.0,78642000.0,683441980.0,662918980.0,1.0049847537899268,1.5311430859194914,0.0,0.0,0.14487265191866247,1.0049847537899268,0.1445509613418977,4.042121954104566,12.717565686639375,7.3533453837298115,0.0,2.7180893899738274,0.0,0.8378758746456818,0.9450780093659767,0.0665771373069833,52.69812475904079,0.3612136266855926,0.16666666666666682,0.3615598167961804,0.11381168858578633,-0.3492177821857078,0.12514507838838637,0.21177956164877784,0.2443536761172513,0.7236162245686439,0.09943285170464315,-0.39476098925020414,Beverages—Non-Alcoholic,Consumer Defensive,FIZZ
2011Q4,2011,Q4,2011-07-14,2011-04-30,11087000.0,152110000.0,16648000.0,0.12,54281000.0,0.35685359279468803,182810000.0,80336000.0,106533000.0,75603000.0,102474000.0,33353000.0,65207000.0,642936960.0,635564960.0,0.8696631159608557,1.4091107495734296,0.0,0.0,0.1385404588235441,0.8696631159608557,0.13800786695877315,4.226789560186707,14.49754126454406,8.003098984266082,9.589068278163616,2.933139447725842,0.16535680263271846,0.8320660795361304,0.8370567305530204,0.060647666976642416,42.65770700636943,0.35685359279468803,0.4999999999999999,0.9199532071232028,0.12041151909791482,-0.39700167332386777,0.09592166363819907,0.49682732550290265,0.4455153251714856,0.9799475257468354,0.024502469283035896,-0.44805781788891946,Beverages—Non-Alcoholic,Consumer Defensive,FIZZ
2011Q3,2011,Q3,2011-03-10,2011-01-29,7407000.0,131926000.0,11517000.0,0.08,49530000.0,0.3754377454027258,260265000.0,67814000.0,185722000.0,165753000.0,192451000.0,33853000.0,54120000.0,588664440.0,490833440.0,0.7338224473012163,1.1204744408849312,0.0,0.0,0.10937718605688031,0.7338224473012163,0.10922523372754889,4.462080560314115,19.868517618469017,8.680573922788804,0.0,2.4339349540661095,0.0,0.5068910533494707,0.8573057501221697,0.02845945478646764,189.40297297297298,0.3754377454027258,-0.2727272727272727,2.1718933996834338,0.1841551020245367,-0.4610111213264362,-0.12110726643598616,-0.27432154403840503,-0.2731461028715683,1.2617918457735873,0.0641699268130498,-0.5147484722061134,Beverages—Non-Alcoholic,Consumer Defensive,FIZZ
2011Q2,2011,Q2,2010-12-09,2010-10-30,10207000.0,151127000.0,15845000.0,0.11,56355000.0,0.3728982908414777,256643000.0,165257000.0,182730000.0,64749000.0,91386000.0,32285000.0,153027000.0,660102300.0,565739300.0,1.7900067156257446,2.8221285270814995,0.0,0.0,0.06174881510870237,1.7900067156257446,0.06176440332330854,4.367864775983113,16.167882335652003,3.9943984218520248,0.0,2.935480873470652,0.0,0.5888607910599549,2.1880029035197457,0.039771199682048605,59.09070808343031,0.3728982908414777,-0.15384615384615388,1.1881681540228484,0.12690794799890326,0.024175725305687134,-0.03646901928600738,-0.1531568904007301,-0.15533877072338612,0.5670419322357719,0.04703651610012562,0.22014981082050683,Beverages—Non-Alcoholic,Consumer Defensive,FIZZ
2011Q1,2011,Q1,2010-09-09,2010-07-31,12053000.0,165030000.0,18759000.0,0.13,58488000.0,0.3544082894019269,252705000.0,153371000.0,178563000.0,72751000.0,99334000.0,34131000.0,142820000.0,656338320.0,573198320.0,1.6614416327238062,2.454440488790532,0.0,0.0,0.07876777070671806,1.6614416327238062,0.07858721661852631,3.977084893655699,13.613588318261016,4.279416056490471,0.0,3.1215610442120068,0.0,0.6530539561939811,1.8935684732855906,0.047695930036999665,45.071990111248454,0.3544082894019269,0.3065326633165829,0.21743435462976943,0.13377296403122768,-0.020105207173616253,0.1044849400434331,0.30854413201606773,0.2730048859934853,0.6650200647792547,0.0793075683193824,0.1883893966766021,Beverages—Non-Alcoholic,Consumer Defensive,FIZZ
2010Q4,2010,Q4,2010-07-15,2010-05-01,9211000.0,149601000.0,14736000.0,0.0995,52955000.0,0.35397490658484904,240359000.0,141572000.0,164623000.0,71725000.0,98787000.0,34672000.0,130767000.0,534354000.0,465788000.0,1.5366547270161728,2.295196932729174,0.0,0.0,0.06533719909385932,1.5366547270161728,0.06506230045489221,3.571861150660758,14.503148409510368,3.7744327974458227,0.0,2.7874365482233503,0.0,0.6224064836348961,1.7065179505054027,0.038321843575651424,49.91163833364469,0.35397490658484904,0.6583333333333334,1.712696186247576,0.2134307614914757,-0.03283919182881717,0.23900327562002807,0.6671493212669684,0.7067407922168172,0.4903278683887764,0.09317354375319566,-0.10623432397555792,Beverages—Non-Alcoholic,Consumer Defensive,FIZZ
2010Q3,2010,Q3,2010-03-11,2010-01-30,5525000.0,131462000.0,8634000.0,0.06,42740000.0,0.3251129603992028,218758000.0,131297000.0,143519000.0,60265000.0,87461000.0,32022000.0,121556000.0,531302400.0,473514400.0,1.4246636284722223,2.3814651953870407,0.0,0.0,0.042349945504957826,1.4246636284722223,0.042080169386962386,4.041490316593388,24.04083257918552,4.046569228542921,0.0,2.7706576728499157,0.0,0.6009471653608096,1.705334771426201,0.02525621920112636,36.870395558639835,0.3251129603992028,-0.3333333333333333,8.226502506399317,0.2428427081421298,-0.07736303609256068,-0.1586117290391165,-0.33625660740028834,-0.3497024930330647,0.8095645609881986,0.1153609200563249,-0.13595152450018524,Beverages—Non-Alcoholic,Consumer Defensive,FIZZ
2010Q2,2010,Q2,2009-12-10,2009-10-31,8324000.0,149571000.0,13277000.0,0.09,50797000.0,0.33961797407251404,270216000.0,188748000.0,193131000.0,54280000.0,81468000.0,34076000.0,178326000.0,503918999.99999994,398716999.99999994,2.0507170795306386,3.558050847457627,0.0,0.0,0.0453021815871573,2.0507170795306386,0.04410112954839256,3.3690956134544794,15.134520663142718,2.669797825672325,0.0,2.898638337833079,0.0,0.5535238475885957,2.7951915991156966,0.030804985641116736,51.89691040164778,0.33961797407251404,-0.18181818181818185,0.45325897395813564,-0.1383335546693429,-0.01973413748801851,0.005423272568929003,-0.15000510568773615,-0.127030047997896,0.4402117180933305,0.0954098545395986,0.275252614163991,Beverages—Non-Alcoholic,Consumer Defensive,FIZZ
2010Q1,2010,Q1,2009-09-10,2009-08-01,9793000.0,162831000.0,15209000.0,0.11,50523000.0,0.3102787552738729,272740000.0,180301000.0,195105000.0,65636000.0,92439000.0,36665000.0,170002000.0,490958710.0,395608710.0,1.9592397800621564,2.9725303187275274,0.0,0.0,0.05432187264348139,1.9592397800621564,0.05431472925829585,3.015142755372134,12.533409322985806,2.7229949362455006,0.0,3.0630846856675302,0.0,0.5970191391068417,2.3004448778109574,0.03590599105375083,43.79649509366637,0.3102787552738729,0.4824797843665768,0.08318946271635146,0.08865475319315025,0.31445197512650813,0.14408967391304348,0.42880070032098044,0.3529935059158438,-0.0026181122619291187,0.0779615986211026,0.26871418147439785,Beverages—Non-Alcoholic,Consumer Defensive,FIZZ
2009Q4,2009,Q4,2009-07-16,2009-05-02,6854000.0,148445000.0,11241000.0,0.0742,44160000.0,0.29748391660210854,265682000.0,170012000.0,186301000.0,68461000.0,95670000.0,39612000.0,160209000.0,481609530.0,397469530.0,1.8479966955803386,2.7212719650603994,0.0,0.0,0.042120892416101396,1.8479966955803386,0.04031480130814295,3.2443634342685845,17.56673220017508,2.8327972731336613,0.0,2.632661819650611,0.0,0.55873186742045,2.013920334204876,0.025797758222235605,52.83703017004937,0.29748391660210854,0.855,0.3578287778853317,0.1003395394139705,0.30665110920082245,0.1895910780669145,0.8757525998905309,1.1625625240477107,0.19179473791835372,0.09790848047731063,0.28134549423402627,Beverages—Non-Alcoholic,Consumer Defensive,FIZZ
2009Q3,2009,Q3,2009-03-12,2009-01-31,3654000.0,129430000.0,5198000.0,0.04,37122000.0,0.28681140384763965,247209000.0,163037000.0,168843000.0,57062000.0,84172000.0,38927000.0,153355000.0,400686130.00000006,325714130.00000006,1.7720257374519053,2.958939399249939,0.0,0.0,0.01997565954316058,1.7720257374519053,0.022412090507062814,3.0957747817353014,27.41421250684182,2.457639247532769,0.0,2.3713104015207955,0.0,0.5235650805593648,2.0785110931968735,0.014781015254298995,37.496362530413634,0.28681140384763965,-0.4285714285714286,1.59207612277691,0.1632807859227659,-0.0029402151028126355,-0.12672610506010493,-0.4363720499768626,-0.45741127348643007,0.5716542129698322,0.16687777023246184,0.3015439480251429,Beverages—Non-Alcoholic,Consumer Defensive,FIZZ
2009Q2,2009,Q2,2008-12-11,2008-11-01,6483000.0,144375000.0,9580000.0,0.07,42509000.0,0.29443463203463205,245780000.0,159289000.0,166810000.0,59730000.0,86491000.0,42344000.0,149701000.0,421378320.0,357198320.0,1.7313268988304857,2.7927339695295497,0.0,0.0,0.03855074680021547,1.7313268988304857,0.04069960888699157,2.9186377142857145,16.249356779268858,2.6453698623257096,0.0,2.4056773096542603,0.0,0.587415574904386,1.8716725263686589,0.02637724794531695,97.38348047145828,0.29443463203463205,-0.12499999999999993,0.5506181567411497,0.07327562108099764,-0.016230958265558714,-0.07717523445640848,-0.16359179460714746,-0.19617385467360296,0.3946238720690591,0.08028133568436219,-0.009398698411533457,Beverages—Non-Alcoholic,Consumer Defensive,FIZZ
2009Q1,2009,Q1,2008-09-11,2008-08-02,7751000.0,152927000.0,11918000.0,0.08,46064000.0,0.3012156126779444,245364000.0,152704000.0,164947000.0,65980000.0,92660000.0,45660000.0,143218000.0,371074740.0,312136740.0,1.6604758383715368,2.4999545316762655,0.0,0.0,0.05002793376132245,1.6604758383715368,0.05075832984073764,2.4264828316778595,11.968608566636563,2.430026325440067,0.0,2.340407358738502,0.0,0.6232658417697787,1.6612761442861472,0.031589801274840644,73.58214158239143,0.3012156126779444,0.3266998341625208,-0.11825440106612328,0.009186026467194132,-0.03149390432044155,0.047004273115737794,0.3930625449317038,0.358641130870953,-0.21413410659195256,0.054599772866967426,-0.02067481903243214,Beverages—Non-Alcoholic,Consumer Defensive,FIZZ
2008Q4,2008,Q4,2008-07-17,2008-05-03,5564000.0,147527000.0,8772000.0,0.0603,43996000.0,0.29822337605997545,239122000.0,144625000.0,157341000.0,67945000.0,94497000.0,38754000.0,135467000.0,369446700.00000006,317949700.00000006,1.5756416960822766,2.3157112370299506,0.0,0.0,0.03812422000741278,1.5756416960822766,0.03847191011235955,2.5042649820032947,16.599869698058953,2.55451477960242,0.0,2.671491975021933,0.0,0.616952852518798,1.5259842519685038,0.023268457105577907,19.44763383692162,0.29822337605997545,0.5075,0.1623484507835562,0.09442989209465931,-0.028831514683397036,0.1679630465369402,0.7098955132145052,0.7990155865463495,0.6447377483729182,0.20106684645791092,-0.008301039017264351,Beverages—Non-Alcoholic,Consumer Defensive,FIZZ
2008Q3,2008,Q3,2008-03-06,2008-01-26,3254000.0,123182000.0,4876000.0,0.04,37669000.0,0.3057995486353526,213121000.0,138861000.0,130946000.0,47929000.0,74260000.0,42870000.0,129903000.0,342503520.0,307123520.0,1.5122516989022479,2.7320828725823616,0.0,0.0,0.02265300804201642,1.5122516989022479,0.023433505447893938,2.780467276063061,26.314038106945297,2.466520621340765,0.0,1.9947049218567763,0.0,0.5779909065741996,1.5870141250599845,0.015268321751493284,-51.9023367176845,0.3057995486353526,-0.4285714285714286,1.8747193871583456,0.17919866367240297,-0.036711031844721825,-0.15398090960134755,-0.497606916782461,-0.49706034038164004,4.453918313532879,0.1688248683343593,-0.02063947709868733,Beverages—Non-Alcoholic,Consumer Defensive,FIZZ
2008Q2,2008,Q2,2007-12-06,2007-10-27,6477000.0,143528000.0,9695000.0,0.07,44525000.0,0.3102182152611337,223439000.0,134680000.0,140897000.0,62232000.0,88759000.0,42385000.0,126649000.0,391544060.0,350402060.0,1.4670384732691386,2.2640602905257747,0.0,0.0,0.04642534502884996,1.4670384732691386,0.04809177309177309,2.727997742600747,15.112863208275435,2.9072175527175523,0.0,2.3358027604105227,0.0,0.6423587645845175,1.411203239490937,0.028987777424710995,56.885669039662936,0.3102182152611337,-0.12499999999999993,0.6217365205906035,0.08447935467281187,-0.0580365383904429,-0.04022331917828889,-0.09853862212943633,-0.10156611991474376,0.13370443255957282,-0.17102120272181984,-0.2987390856145903,Beverages—Non-Alcoholic,Consumer Defensive,FIZZ
2008Q1,2008,Q1,2007-09-06,2007-07-28,7185000.0,151764000.0,10791000.0,0.08,46391000.0,0.3056785535436599,260097000.0,128096000.0,176430000.0,105338000.0,132001000.0,42032000.0,120172000.0,446667000.0,375742000.0,1.3980616432375796,1.6748941502591657,0.0,0.0,0.05433838075860019,1.3980616432375796,0.05609074444166875,2.943168340317862,15.541649269311064,3.486970709467899,0.0,2.506970879330034,0.0,0.5834900056517376,1.170679147126393,0.027624309392265192,89.65616218386191,0.3056785535436599,0.2012012012012011,-0.13997965016154817,0.02361872948241339,-0.07705980671921243,0.11710171450587556,0.17019543973941367,0.30231716147719045,-0.20179077587510352,0.019114886170190915,-0.06204186593029054,Beverages—Non-Alcoholic,Consumer Defensive,FIZZ
2007Q4,2007,Q4,2007-07-12,2007-04-28,6140000.0,135953000.0,8286000.0,0.0666,41528000.0,0.305458504041838,257632000.0,157361000.0,173507000.0,75823000.0,100271000.0,44062000.0,149868000.0,600639375.0,535060375.0,1.7193038043834539,2.2883162101209398,0.0,0.0,0.03374820544476546,1.7193038043834539,0.039018562413812824,4.417992798982001,24.456000610749182,3.8169519448910467,0.0,2.1430030411692615,0.0,0.5277023040616072,1.5503870857127784,0.0238324431747609,65.71546772428884,0.305458504041838,1.2200000000000002,0.327685977023761,0.03170483147444392,0.19590229119147515,0.09743400015855817,1.023731048121292,0.925185873605948,0.22265290305774493,0.012940285779895177,0.21565705632679233,Beverages—Non-Alcoholic,Consumer Defensive,FIZZ
2007Q3,2007,Q3,2007-03-13,2007-01-27,3034000.0,117123000.0,4304000.0,0.03,37841000.0,0.32308769413351773,231783000.0,150999000.0,150620000.0,56842000.0,80784000.0,42809000.0,143804000.0,530018277.7,473751277.7,1.6488237279142421,2.649801203335562,0.0,0.0,0.01827162879153285,1.6488237279142421,0.020092848297008588,4.525313368851549,43.67322657382993,3.5100780647553953,0.0,1.851993739634189,0.0,0.5053131592912337,1.6942401745188418,0.013089829711411104,347.55296898360655,0.32308769413351773,-0.5,2.1076420443726622,0.11113776040846317,0.1928415150206364,-0.1382734042310933,-0.4722560445294834,-0.49672591206735267,1.1622758233184807,0.05756750727240664,-0.07226187704727276,Beverages—Non-Alcoholic,Consumer Defensive,FIZZ
2007Q2,2007,Q2,2006-12-12,2006-10-28,5749000.0,135818000.0,8552000.0,0.06,43913000.0,0.3233223873124328,227605000.0,147222000.0,145785000.0,54171000.0,80383000.0,38468000.0,140770000.0,,,,,,,,,,,,,,,,,,,,,,,,,,,,,,,Beverages—Non-Alcoholic,Consumer Defensive,FIZZ
2007Q1,2007,Q1,2006-09-14,2006-07-29,9759000.0,150136000.0,14883000.0,0.11,49955000.0,0.3327316566313209,233666000.0,141249000.0,151626000.0,66049000.0,92417000.0,37818000.0,135021000.0,,,,,,,,,,,,,,,,,,,,,,,,,,,,,,,Beverages—Non-Alcoholic,Consumer Defensive,FIZZ
