Quarters,Year,Quarter,FillingDate,Date,NetIncome,Revenue,OperatingIncome,EPSDiluted,GrossProfit,GrossProfitRatio,TotalAssets,CommonStockEquity,CurrentAssets,CurrentLiability,TotalLiability,Inventory,RetainedEarnings,MarketCap,EnterpriseValue,bookValuePerShare,currentRatio,debtToAssets,debtToEquity,roic,shareholdersEquityPerShare,roe,priceToSalesRatio,peRatio,pbRatio,payoutRatio,inventoryTurnover,dividendYield,assetTurnover,quickRatio,returnOnAssets,priceToFreeCashFlowsRatio,grossProfitMargin,epsdilutedGrowth,fiveYNetIncomeGrowthPerShare,fiveYRevenueGrowthPerShare,fiveYShareholdersEquityGrowthPerShare,grossProfitGrowth,netIncomeGrowth,operatingIncomeGrowth,threeYNetIncomeGrowthPerShare,threeYRevenueGrowthPerShare,threeYShareholdersEquityGrowthPerShare,Industry,Sector,Symbol
2023Q1,2023,Q1,2023-05-10,2023-03-31,-15641000.0,17231000.0,-23194000.0,-0.47,17231000.0,1.0,765644000.0,439742000.0,5721000.0,257436000.0,325902000.0,0.0,0.0,791154893.75,1045907893.75,13.20079365305702,0.022222999114342983,0.336234594668018,0.5854250901665067,-0.019021462247202164,13.20079365305702,-0.03556858339662802,45.91462444141373,-12.645529278019309,1.7991342508789243,0.0,0.0,0.0,0.022505237421046858,0.022222999114342983,-0.020428554262816662,43.124108456884336,1.0,-4.615384615384615,0.0,0.0,0.0,0.07244662973797224,-4.47964404894327,-2.834532943130586,0.0,0.0,0.0,Asset Management,Financial Services,GAINN
2022Q4,2022,Q4,2023-02-01,2022-12-31,4495000.0,16067000.0,12643000.0,0.13,16067000.0,1.0,771564000.0,449191000.0,507399000.0,258882000.0,322373000.0,0.0,42346000.0,766269265.0,1021410265.0,13.482718767273015,1.9599624539365426,0.33324390458860187,0.5724046118466309,0.009389756630542237,13.482718767273015,0.010006879033640477,47.69211831704737,42.61786790878754,1.7058873953396219,1.2295884315906562,0.0,0.00721286922554567,0.02082393683479271,1.9599624539365426,0.0058258290951884745,-57.16294405072734,1.0,-0.43478260869565216,-0.0002187972117939531,-0.04351608469952469,0.01612611020663728,0.1285383156563883,-0.40534462230453766,-0.17219930596477445,-0.0002187972117939531,-0.04351608469952469,0.01612611020663728,Asset Management,Financial Services,GAINN
2022Q3,2022,Q3,2022-11-01,2022-09-30,7559000.0,14237000.0,15273000.0,0.23,14237000.0,1.0,748628000.0,442470000.0,494556000.0,258600000.0,306158000.0,0.0,33777000.0,790609843.8000001,1044854843.8000001,13.319826565002858,1.9124361948955917,0.3430301832151616,0.5803828508147445,0.014462008027641969,13.319826565002858,0.017083644088864782,55.53205336798484,26.147964142082287,1.7868100522069295,0.560920756713851,0.0,0.005362948656976993,0.019017455932719588,1.9124361948955917,0.01009713769722746,-15.576370624741417,1.0,1.090909090909091,0.0,0.0,0.0,0.11741621536771055,1.107332032339002,0.3691618108471537,0.0,0.0,0.0,Asset Management,Financial Services,GAINN
2022Q2,2022,Q2,2022-08-03,2022-06-30,3587000.0,12741000.0,11155000.0,0.11,12741000.0,1.0,742896000.0,446409000.0,456953000.0,258071000.0,296487000.0,0.0,22361000.0,796920552.0,1009605552.0,13.444020201401457,1.7706483874592651,0.3453578966638668,0.5747307961981053,0.007722097441394789,13.444020201401457,0.008035232264582479,62.547724040499176,55.54227432394759,1.7851802987842986,0.0,0.0,0.0,0.017150449053434127,1.7706483874592651,0.0048284012836251645,19.290292215336947,1.0,1.7333333333333334,0.0,0.0,0.0,-0.5266208433958759,1.7367015814335593,-0.38202869647110965,0.0,0.0,0.0,Asset Management,Financial Services,GAINN
2022Q1,2022,Q1,2022-05-11,2022-03-31,-4869000.0,26915000.0,18051000.0,-0.15,26915000.0,1.0,740412000.0,445830000.0,459356000.0,257051000.0,294582000.0,0.0,14990000.0,832781976.8399999,1074843976.84,13.426583080517668,1.7870228087033313,0.3460937964268542,0.5747751385057085,-0.01899336395623002,13.426583080517668,-0.010921203149182424,30.94118435221995,-42.75939499075785,1.8679361569207993,0.0,0.0,0.0,0.036351382743661634,1.7870228087033313,-0.006576068459182185,-48.663704601180385,1.0,-2.153846153846154,0.0,0.0,0.0,0.6076334965953888,-2.086587815219817,0.4655354388243891,0.0,0.0,0.0,Asset Management,Financial Services,GAINN
2021Q4,2021,Q4,2022-02-08,2021-12-31,4481000.0,16742000.0,12317000.0,0.13,16742000.0,1.0,736095000.0,440589000.0,455623000.0,255939000.0,295506000.0,0.0,8399000.0,861006246.39,1088995246.3899999,13.268745514797565,1.7802015323963913,0.34769832698225095,0.580901929008668,0.009434387814456923,13.268745514797565,0.01017047633962718,51.4279205823677,48.0365011375809,1.9542163930329626,0.0,0.0,0.0,0.022744346857402918,1.7802015323963913,0.006087529462909,21.912458870282236,1.0,0.0,0.0,0.0,0.0,0.0,0.0,0.0,0.0,0.0,0.0,Asset Management,Financial Services,GAINN
2021Q2,2021,Q2,2021-08-02,2021-06-30,0.0,15992000.0,0.0,0.0,15992000.0,1.0,713192000.0,420538000.0,26796000.0,124057000.0,292654000.0,0.0,0.0,0.0,97261000.0,0.0,0.21599748502704402,0.1739461463392747,0.29499593378006267,,0.0,0.0,0.0,0.0,0.0,0.0,0.0,,0.022423134303245128,0.21599748502704402,0.0,0.0,1.0,0.0,0.0,0.0,0.0,-0.6609278263082011,0.0,0.0,0.0,0.0,0.0,Asset Management,Financial Services,GAINN
2021Q1,2021,Q1,2021-05-11,2021-03-31,0.0,47164000.0,0.0,0.0,47164000.0,1.0,643731000.0,382364000.0,2062000.0,123883000.0,261367000.0,0.0,0.0,0.0,121821000.0,0.0,0.016644737373166615,0.19244529158918866,0.32399232145285645,,0.0,0.0,0.0,0.0,0.0,0.0,0.0,,0.07326662845194654,0.016644737373166615,0.0,0.0,1.0,0.0,0.0,0.0,0.0,0.0,0.0,0.0,0.0,0.0,0.0,Asset Management,Financial Services,GAINN
