Quarters,Year,Quarter,FillingDate,Date,NetIncome,Revenue,OperatingIncome,EPSDiluted,GrossProfit,GrossProfitRatio,TotalAssets,CommonStockEquity,CurrentAssets,CurrentLiability,TotalLiability,Inventory,RetainedEarnings,MarketCap,EnterpriseValue,bookValuePerShare,currentRatio,debtToAssets,debtToEquity,roic,shareholdersEquityPerShare,roe,priceToSalesRatio,peRatio,pbRatio,payoutRatio,inventoryTurnover,dividendYield,assetTurnover,quickRatio,returnOnAssets,priceToFreeCashFlowsRatio,grossProfitMargin,epsdilutedGrowth,fiveYNetIncomeGrowthPerShare,fiveYRevenueGrowthPerShare,fiveYShareholdersEquityGrowthPerShare,grossProfitGrowth,netIncomeGrowth,operatingIncomeGrowth,threeYNetIncomeGrowthPerShare,threeYRevenueGrowthPerShare,threeYShareholdersEquityGrowthPerShare,Industry,Sector,Symbol
2023Q1,2023,Q1,2023-05-05,2023-03-31,-130000000.0,3752000000.0,141000000.0,-0.92,-38000000.0,-0.0101279318,6630000000.0,1719000000.0,4837000000.0,3166000000.0,4723000000.0,0.0,780000000.0,4389220000.0,3246220000.0,12.105633802816902,1.5277953253316487,0.14992458521870286,0.5782431646305992,0.06756358274972356,12.105633802816902,-0.07562536358347877,1.1698347547974413,-8.440807692307692,2.5533566026759744,-0.07692307692307693,0.0,0.0022783091300960082,0.5659125188536953,1.4093493367024637,-0.0196078431372549,-24.249834254143646,-0.010127931769722815,0.24590163934426224,-9.6342465705434,-0.2325979968855521,-0.4339749144395074,-1.2857142857142858,0.38095238095238093,0.8076923076923077,0.20536604944808545,-0.10015120984082361,0.5554144510813537,Engineering & Construction,Industrials,FLR
2022Q4,2022,Q4,2023-02-21,2022-12-31,-210000000.0,3710000000.0,78000000.0,-1.22,133000000.0,0.0358490566,6827000000.0,1786000000.0,5044000000.0,3216000000.0,4831000000.0,0.0,896000000.0,4921719999.999999,3612719999.999999,12.577464788732394,1.568407960199005,0.16551926175479714,0.6326987681970885,-0.11234567901234568,12.577464788732394,-0.11758118701007839,1.326609164420485,-5.859190476190475,2.75572228443449,-0.047619047619047616,0.0,0.002031810017636111,0.5434304965577853,1.445273631840796,-0.03076021678628973,546.8577777777776,0.035849056603773584,-6.809523809523809,-3.5587371218331283,-0.27294861102127765,-0.4735415554081872,9.866666666666667,-8.0,5.588235294117647,0.24444352784173043,-0.016432720624538218,0.18577583239490394,Engineering & Construction,Industrials,FLR
2022Q3,2022,Q3,2022-11-04,2022-09-30,30000000.0,3612000000.0,-17000000.0,0.21,-15000000.0,-0.0041528239,6870000000.0,1650000000.0,4991000000.0,3211000000.0,4947000000.0,0.0,898000000.0,3534380000.0,2245380000.0,11.619718309859154,1.5543444409841172,0.16695778748180495,0.6951515151515152,-0.06077940650697176,11.619718309859154,0.01818181818181818,0.9785105204872647,29.453166666666668,2.142048484848485,0.3,0.0,0.002546415495787097,0.525764192139738,1.4356898162566178,0.004366812227074236,34.31436893203883,-0.004152823920265781,-0.4473684210526316,-0.6871410864645864,-0.2799441596574713,-0.5049360172084777,-1.1304347826086956,-0.5454545454545454,-1.1603773584905661,1.0383899570340778,-0.09458145830112169,0.044347418532786904,Engineering & Construction,Industrials,FLR
2022Q2,2022,Q2,2022-08-05,2022-06-30,66000000.0,3299000000.0,106000000.0,0.38,115000000.0,0.0348590482,6525000000.0,1514000000.0,4642000000.0,3126000000.0,4831000000.0,0.0,885000000.0,3456280000.0,2543280000.0,10.661971830985916,1.4849648112603966,0.17793103448275863,0.7668428005284016,0.027549621717846015,10.661971830985916,0.043593130779392336,1.0476750530463776,13.091969696969697,2.2828797886393657,0.15151515151515152,0.0,0.0028932841089263604,0.5055938697318008,1.3544465770953296,0.010114942528735632,82.29238095238095,0.03485904819642316,-0.025641025641025664,10.798828556380501,-0.31122910335655923,-0.5308738568049868,-0.06504065040650407,0.17857142857142858,0.7966101694915254,1.1097514646452973,-0.20480899192618374,-0.37066965329653384,Engineering & Construction,Industrials,FLR
2022Q1,2022,Q1,2022-05-06,2022-03-31,56000000.0,3122000000.0,59000000.0,0.39,123000000.0,0.0393978219,6492000000.0,1469000000.0,4557000000.0,3195000000.0,4847000000.0,0.0,829000000.0,4073980000.0,3356980000.0,10.345070422535212,1.4262910798122066,0.18422674060382008,0.8141592920353983,0.01425028573893166,10.345070422535212,0.0381211708645337,1.304926329276105,18.187410714285715,2.773301565690946,0.17857142857142858,0.0,0.0024546021335401743,0.4808995686999384,1.2910798122065728,0.00862600123228589,-20.575656565656566,0.03939782190903267,1.3823529411764708,-0.0927124509774989,-0.36603758467453207,-0.5521199766738819,-0.19538951651413955,1.3866548828988068,-0.14638733759657396,2.2728117109417383,-0.2670429854356434,-0.510217052399159,Engineering & Construction,Industrials,FLR
2021Q4,2021,Q4,2022-02-22,2021-12-31,-144832000.0,3156862000.0,69118000.0,-1.02,152869000.0,0.048424353,7279563000.0,1392453000.0,5562642000.0,3904060000.0,5712882000.0,0.0,790442000.0,3502775240.0,2461670240.0,9.846781036969988,1.4248351715906005,0.16048724353371213,0.8390064152973207,0.024877092737087436,9.846781036969988,-0.10401212823700333,1.109575027353112,-6.04627299215643,2.5155428872644174,-0.06731937693327442,0.0,0.0027835071713022616,0.4336609216789524,1.067995112780029,-0.019895699783077637,15.612437443728327,0.04842435304425724,-4.517241379310345,-3.0247927508139933,-0.37676773182616774,-0.56109671426485,0.43561883117492933,-4.578838123007734,-0.31947028996209326,-2.839347731073208,-0.3500749599605875,-0.5355181927045574,Engineering & Construction,Industrials,FLR
2021Q3,2021,Q3,2021-11-05,2021-09-30,40469000.0,3103085000.0,101565000.0,0.29,106483000.0,0.0343152057,7258083000.0,1597527000.0,5281385000.0,3624895000.0,5414429000.0,0.0,1079403000.0,2258349640.0,1308017640.0,11.296969139818403,1.4569759951667565,0.1619136898820253,0.735626377519754,0.022554764908540414,11.296969139818403,0.025332279204044753,0.7277756297362141,13.951108502804617,1.4136535031958772,0.23289431416639897,0.0,0.0041734015995857935,0.4275350667662522,1.1154014116270954,0.005575714689402146,-30.540524707218783,0.0343152056743531,3.9,1.2894566939562777,-0.3589825536833394,-0.49357417213175464,0.7906835953922475,3.8043101656156884,2.6284877281983494,-0.47935921398293546,-0.3371027033693944,-0.4776148927608632,Engineering & Construction,Industrials,FLR
2021Q2,2021,Q2,2021-08-06,2021-06-30,-14431000.0,3236407000.0,27991000.0,-0.1,59465000.0,0.0183737707,7856477000.0,1515549000.0,5926159000.0,3735032000.0,6085083000.0,0.0,1048345000.0,2502319800.0,1474682800.0,10.72013948816614,1.5866420957035978,0.2142789955345125,1.1108040716598409,0.009563664053434165,10.72013948816614,-0.009521962008486694,0.7731783425261409,-43.34972974845818,1.651097918971937,0.0,0.0,0.0,0.4119412556034976,1.2395923247779403,-0.0018368283901295708,41.33264729687319,0.018373770666050344,0.5,-1.1395866845836786,-0.343666170131212,-0.5246060450805597,-0.3590475985168578,0.48740809150001774,0.02998969679128643,-1.1250305205180522,-0.340692283988976,-0.5045499129846763,Engineering & Construction,Industrials,FLR
2021Q1,2021,Q1,2021-05-07,2021-03-31,-28153000.0,2938526000.0,27176000.0,-0.2,92776000.0,0.0315722917,7020915000.0,983654000.0,5169537000.0,3441345000.0,5776258000.0,0.0,1162790000.0,3253381000.0,2998781000.0,6.981220723917672,1.5021850468348859,0.23974083150130718,1.7111707978618498,0.010411434192828521,6.981220723917672,-0.028620836188334515,1.1071472568219576,-28.89018044258161,3.307444487594215,0.0,0.0,0.0,0.41853889414698797,1.1117996016092546,-0.004009876205594285,-12.479692666497886,0.0315722916863761,0.5833333333333333,-1.2661289808505218,-0.34495237831183023,-0.6859298177762234,-0.24397796538348707,0.5814862715366662,1.2287542087542087,-1.320947972128197,-0.3942868702686661,-0.673577928926556,Engineering & Construction,Industrials,FLR
2020Q4,2020,Q4,2021-02-26,2020-12-31,-67269000.0,3655718000.0,-118800000.0,-0.48,122716000.0,0.0335682347,7309812000.0,1030247000.0,5034009000.0,3572037000.0,6046585000.0,0.0,1249809000.0,2245350060.0,1782017060.0,7.327607789584489,1.409282434644434,0.23741349298723413,1.684497018676104,-0.06923682051269374,7.327607789584489,-0.06529405084411796,0.6142022059688411,-8.344668643803239,2.179428874823222,0.0,0.0,0.0,0.5001110835682231,1.2238235494201208,-0.009202562254679053,249.81642857142856,0.033568234748960396,-4.428571428571428,-1.0757302600937533,-0.16178500211876498,-0.6555420718547254,-0.0819824200486254,-4.478051807042035,-2.8068990691732068,-1.8278097709748686,-0.27644243683715897,-0.6932862811160934,Engineering & Construction,Industrials,FLR
2020Q3,2020,Q3,2020-12-10,2020-09-30,19341000.0,3803210000.0,65748000.0,0.14,133675000.0,0.0351479408,7271650000.0,1128946000.0,5010399000.0,3544613000.0,5964966000.0,0.0,1413242000.0,1238668380.0,864498380.0,8.02960212805303,1.4135249743766103,0.23648167884867946,1.5232012868640308,0.010352270060912333,8.02960212805303,0.017131908877838265,0.3256902406125352,16.01091437878083,1.0971901047525747,0.0,0.0,0.0,0.5230188471667365,1.2209014072904432,0.0026597814801317446,21.237348992713244,0.035147940818413916,2.0,-0.8841140503594779,-0.10980477949508217,-0.6216568441573581,0.981456502082623,1.957190933386123,1.8356767014577762,-0.7962885666866389,-0.2342659781041472,-0.6578947351613208,Engineering & Construction,Industrials,FLR
2020Q2,2020,Q2,2020-11-12,2020-06-30,-20206000.0,4090993000.0,23186000.0,-0.14,67463000.0,0.0164906173,7240774000.0,1091722000.0,5027386000.0,3605079000.0,6009880000.0,0.0,1393866000.0,1697674880.0,1436014880.0,7.768272898047475,1.3945286635882321,0.23587713136744773,1.564439481846111,-0.015381995737279257,7.768272898047475,-0.01850837484267973,0.41497868121504977,-21.004588736019002,1.5550432069702727,-0.6938533108977532,0.0,0.008258353919921345,0.5649938804884671,1.1646269055407663,-0.002790585647335492,17.154122425883635,0.016490617314671524,0.8782608695652173,-1.1416413839542103,-0.1146177170531052,-0.6353409158413256,0.09879961561639819,0.8749590024443825,1.073731106920599,-2.031177219452006,-0.136977804740503,-0.6581964422982001,Engineering & Construction,Industrials,FLR
2020Q1,2020,Q1,2020-10-22,2020-03-31,-161595000.0,4118556000.0,-314467000.0,-1.15,61397000.0,0.0149074093,7292469000.0,1091645000.0,5129489000.0,3710546000.0,6082304000.0,0.0,1418845000.0,969210420.0,796713420.0,7.782899145884131,1.3824081415511356,0.23289464788948708,1.555796069234962,-0.07973515334690628,7.782899145884131,-0.14802889217648593,0.23532772651385583,-1.4994437018472109,0.8878439602618068,-0.09096816114359974,0.0,0.015166985101130051,0.5647683932561112,1.1550421420459416,-0.02215916173246674,-10.32865948399885,0.01490740929587943,0.413265306122449,-2.1812963001308723,-0.04633869724387797,-0.6253245734316255,-0.5211776174692923,0.41139510233518733,-3.1032242069964378,-3.6505326601504597,-0.1533110239885151,-0.6630467547702628,Engineering & Construction,Industrials,FLR
2019Q4,2019,Q4,2020-09-25,2019-12-31,-274539000.0,3725817000.0,-76639000.0,-1.96,128225000.0,0.0344152705,7966658000.0,1487752000.0,5516272000.0,3932061000.0,6382566000.0,0.0,1700912000.0,2648146560.0,2341413560.0,10.606949850993141,1.4028958350340954,0.21219261577439372,1.1362552360877352,-0.03279820276538594,10.606949850993141,-0.1845327715909641,0.7107559388987704,-2.4114484280921835,1.7799650479380973,-0.10696112392046303,0.0,0.011088887769111995,0.46767628282775536,1.0075492216422888,-0.034460999832050025,23.785177840051734,0.034415270529926725,0.6436363636363637,-2.347787141414532,-0.28064582032094454,-0.4962904895647979,0.8828651561651077,0.6440775528460028,0.6709685174929054,-4.869602314476474,-0.25841302918861003,-0.5272135001530004,Engineering & Construction,Industrials,FLR
2019Q3,2019,Q3,2019-10-31,2019-09-30,-771345000.0,3937707000.0,-232923000.0,-5.5,68101000.0,0.0172945829,7883707000.0,1559495000.0,5322888000.0,3850371000.0,6199777000.0,0.0,1998142000.0,2681318190.0,2558359190.0,11.12629581273232,1.3824350952155,0.21336980179501852,1.0786472543996615,-0.19704977170722066,11.12629581273232,-0.494612037871234,0.6809339013796608,-0.8690398557065904,1.7193502960894391,-0.038094497274241745,0.0,0.01095878889330923,0.49947404184351346,1.0117056252501382,-0.09784039411916247,-42.0565946200298,0.017294582862564432,-0.3002364066193852,-4.785063270895824,-0.18750310394677794,-0.5081256235291932,1.111289600376516,-0.2996852495256838,0.6457029948754455,-45.02623110081001,-0.1793226346418767,-0.5012251960386843,Engineering & Construction,Industrials,FLR
2019Q2,2019,Q2,2019-08-01,2019-06-30,-593486000.0,4094376000.0,-657423000.0,-4.23,-611926000.0,-0.1494552528,8973874000.0,2374237000.0,5157552000.0,4057696000.0,6476385000.0,0.0,2769804000.0,4670899530.0,4512437530.0,16.941772928693243,1.271054312595128,0.189307650185416,0.7155237661615079,-0.13398059005399482,16.941772928693243,-0.24996914798312048,1.1408086433683668,-1.967569382428566,1.967326568493373,-0.0494013338141085,0.0,0.006276949399508921,0.45625512459836187,1.14723823568843,-0.06613487107128983,83.04854879718366,-0.14945525276623348,-12.645161290322582,-4.438595861172032,-0.11842567475858877,-0.26377548104525844,-10.919853453726068,-12.703842246236261,-21.76868462977073,-6.7911175164464,-0.16236712336586362,-0.24870227250220558,Engineering & Construction,Industrials,FLR
2019Q1,2019,Q1,2019-05-02,2019-03-31,-43308000.0,4192747000.0,-28874000.0,-0.31,61687000.0,0.0147127885,9041714000.0,2952313000.0,5242608000.0,3527893000.0,5925789000.0,0.0,3354352000.0,5400944640.0,5282016640.0,21.121744791666668,1.4860450699610221,0.18656296803902445,0.5713652312610485,-0.008321169543644306,21.121744791666668,-0.014669176337332796,1.2881637360899667,-31.177522859517875,1.8293943223499676,-0.6928281148979404,0.0,0.005555509637662199,0.4637115263765255,1.3812831058084811,-0.004789799810080257,-82.27127467706556,0.014712788536966337,-1.5535714285714286,-1.3329901354075275,-0.10750158994379583,-0.08311390559770396,-0.6498756995447993,-1.5564435307721958,-1.1898044371405094,-1.4126805528724031,-0.05784929284175461,-0.04977789731303693,Engineering & Construction,Industrials,FLR
2018Q4,2018,Q4,2019-02-21,2018-12-31,77830000.0,4801077000.0,152125000.0,0.56,176186000.0,0.0366971827,8913637000.0,2963181000.0,5440893000.0,3552513000.0,5795587000.0,0.0,3422157000.0,4500787200.0,4424493200.0,21.199497767857142,1.5315617423497112,0.1894234642940923,0.5698106190610699,0.015842495906050705,21.199497767857142,0.02626569217337719,0.9374536588352989,14.457109083900813,1.5189039076586954,0.37955801104972375,0.0,0.006563518488499078,0.5386215525716382,1.4240325088184054,0.008731564904426779,40.50311549468152,0.03669718273629021,0.018181818181818195,-0.46515351319936943,-0.12530594901776582,-0.09596835552486707,-0.21969431908269152,0.006270605727584201,0.0003879894256441282,3.415736216351363,0.10730674733006927,-0.0034489715434778347,Engineering & Construction,Industrials,FLR
2018Q3,2018,Q3,2018-11-01,2018-09-30,77345000.0,4657956000.0,152066000.0,0.55,225791000.0,0.0484742664,9147976000.0,3043024000.0,5584161000.0,3662103000.0,5948047000.0,0.0,3401528000.0,8247188930.0,8291696930.0,21.625748864710438,1.5248508848604203,0.18849021903861576,0.5666416038782475,0.02090643897927197,21.625748864710438,0.02541715083417022,1.770559646763516,26.657149557178872,2.7101951644153974,0.38208028961148105,0.0,0.0035832815582169525,0.5091788609852059,1.3957294483524905,0.00845487570146664,99.25012251037968,0.048474266394959505,-0.32098765432098764,-0.48243587141836375,-0.1930652919792551,-0.07114920555504384,0.07441756442955574,-0.3264508151038038,-0.17394492821329047,-0.5369487899181442,0.08936960663075198,0.018973785058374677,Engineering & Construction,Industrials,FLR
2018Q2,2018,Q2,2018-08-02,2018-06-30,114832000.0,4883796000.0,184087000.0,0.81,210152000.0,0.0430304624,9119217000.0,3043355000.0,5455836000.0,3751647000.0,5934377000.0,0.0,3353176000.0,6861102120.0,6835073120.0,21.63717348955593,1.4542508930077909,0.18158697177619526,0.5441136508885752,0.027980175637079482,21.63717348955593,0.03773204243343284,1.4048707439868495,14.937260780966978,2.2544534305067927,0.2560174864149366,0.0,0.004284880109028315,0.5355499271483506,1.3130872920613266,0.012592309186194386,-163.4880291657731,0.0430304623698451,10.40766550522648,-0.17657998308400996,-0.21385415577226558,-0.0214418255721426,2.6361622977766244,10.520935245833678,71.8192246835443,-0.19571819733342385,0.05607583815864456,0.01569447572664245,Engineering & Construction,Industrials,FLR
2018Q1,2018,Q1,2018-05-03,2018-03-31,-12061000.0,4823770000.0,2528000.0,-0.0861,57795000.0,0.0119812926,9425226000.0,2996311000.0,5694762000.0,4078306000.0,6295919000.0,0.0,3268837000.0,8016464780.0,7966971780.0,21.387097695201252,1.3963547610208749,0.17362565099234756,0.546158593016546,0.0007268269218686551,21.387097695201252,-0.004025283089772724,1.6618671246763423,-166.1650107785424,2.6754448319950765,-2.5074206118895614,0.0,0.003772485856290383,0.5117935633585868,1.2539267529214335,-0.0012796510131428149,-39.86624883133417,0.011981292640403667,-1.1510526315789473,-1.0839945345860915,-0.2217941579335486,-0.0033085652823457317,-0.7311235170969993,-1.1491627297237132,-0.9842981366459628,-1.0882712413633069,0.118254794780277,0.02959318909415643,Engineering & Construction,Industrials,FLR
2017Q4,2017,Q4,2018-02-20,2017-12-31,80858000.0,5027339000.0,161000000.0,0.57,214950000.0,0.0427562176,9327692000.0,3342310000.0,5601257000.0,3574170000.0,5835293000.0,1458533000.0,3654931000.0,7225835000.0,7040719000.0,23.89070764832023,1.567149016415,0.17356480038148772,0.48438325589188314,0.017310568387827296,23.89070764832023,0.02419225027002283,1.4373080868427612,22.34112580078656,2.161928426746771,0.363254099779861,3.299472140842888,0.004064858940177848,0.5389692326890725,0.9982625336791479,0.008668596690370994,-468.0854440629656,0.042756217553660096,-0.1492537313432837,2.233112261128404,-0.1689591003593349,0.16123899498499597,-0.02984704124786178,-0.14402464456983158,-0.017771622751093567,-0.6020187892307234,-0.026845634105511443,0.1345369613828396,Engineering & Construction,Industrials,FLR
2017Q3,2017,Q3,2017-11-02,2017-09-30,94463000.0,4941634000.0,163913000.0,0.67,221563000.0,0.0448359794,9193527000.0,3283308000.0,5514894000.0,3543574000.0,5759634000.0,1326791000.0,3624554000.0,5889242700.0,5679912700.0,23.471144566685968,1.5563084050170817,0.17596065144530493,0.4927040046197311,0.02282896438262718,23.471144566685968,0.028770678839755516,1.1917601951095529,15.586109640811747,1.7936918193480478,0.31061897250775433,3.5575090575682227,0.004982304431094341,0.537512317090057,0.9984394286672157,0.010274946709788312,122.876871557336,0.04483597935419742,15.135021097046415,-0.2216077142551321,-0.17497644531768253,0.06296625951399902,5.929040530397798,15.243516284680338,7.591057139410511,-0.5355465033777644,0.021656534872943722,0.0376188799136124,Engineering & Construction,Industrials,FLR
2017Q2,2017,Q2,2017-08-03,2017-06-30,-6632000.0,4716092000.0,-24869000.0,-0.0474,31976000.0,0.00678019,9221808000.0,3177686000.0,5613818000.0,3733271000.0,5910673000.0,1399220000.0,3559643000.0,6400868040.0,6177930040.0,22.727302636284314,1.5037263568597083,0.1731613800677698,0.5025232197265558,-0.001442391927186035,22.727302636284314,-0.002087053283426997,1.3572398587644177,-241.28724517490951,2.014317349165399,-4.4157117008443905,3.3476622689784308,0.004575160715233242,0.5114064400386562,0.9441069239281049,-0.0007191648318854611,77.09845631278456,0.006780190038701535,-1.110232558139535,-1.0495147448562767,-0.20379017926097165,0.07585469885325899,-0.7868280878127479,-1.109419082344789,-1.2638760676958989,-1.0385138825437608,0.017783968220731073,-0.012358534082427023,Engineering & Construction,Industrials,FLR
2017Q1,2017,Q1,2017-05-04,2017-03-31,60611000.0,4835905000.0,94245000.0,0.43,150001000.0,0.0310181858,9160335000.0,3220835000.0,5560338000.0,3676369000.0,5814284000.0,1442712000.0,3613246000.0,7337490660.0,6936790660.0,23.097860774653444,1.5124537281214154,0.17105062205694443,0.4864828530489764,0.01629857395959191,23.097860774653444,0.018818411995647093,1.517294210700996,30.264682400884325,2.278133049349004,0.49489366616620745,3.247982965415135,0.0040880460895877995,0.5279179200324006,0.9888857728916766,0.0066166794118337376,36.08288456904564,0.03101818584111971,-0.14,-0.5261291514982832,-0.06904401176298619,0.10107189934191332,-0.39762989020873996,-0.1397936447112587,-0.5217422193353259,-0.5328562103255923,0.03186396279090404,0.002668461512495797,Engineering & Construction,Industrials,FLR
2016Q4,2016,Q4,2017-02-17,2016-12-31,70461000.0,4989655000.0,197059000.0,0.5,249018000.0,0.0499068573,9216417000.0,3125191000.0,5610270000.0,3816029000.0,5973586000.0,1537289000.0,3582150000.0,7316036000.0,7065792000.0,22.434967695620962,1.4701853680881356,0.1736240884065901,0.5120301447175548,0.016570418692475466,22.434967695620962,0.022546141979802193,1.4662408523234571,25.95774967712636,2.3409884387866216,0.41113523793304096,3.0837643409924875,0.00395965793498009,0.5413877214974105,0.9595569111241031,0.007645161888833806,39.96851047556612,0.04990685728772831,3.166666666666667,-0.4423395050267287,-0.03261948998497197,0.1156416652332086,5.6891772100894515,3.0480868665977248,91.77730696798493,-0.514138584517488,-0.08784317639294291,-0.043282960676062736,Engineering & Construction,Industrials,FLR
2016Q3,2016,Q3,2016-11-03,2016-09-30,17406000.0,4766864000.0,2124000.0,0.12,37227000.0,0.0078095368,9316606000.0,3106285000.0,5741578000.0,3876197000.0,6061998000.0,1623956000.0,3541253000.0,7146310000.0,7055151000.0,22.30725314183124,1.481239988576432,0.18131227187239646,0.5438055426337248,-0.002908103563235384,22.30725314183124,0.005603478109703392,1.4991638108408378,102.64147420429737,2.3005970154058626,1.7059060094220384,2.912416962035917,0.004155011467456632,0.511652419346702,0.9239383344035403,0.0018682769240214731,23.52532006017691,0.007809536835957561,-0.8333333333333334,-0.8415604677524463,-0.0271882122404433,0.16130808948075864,-0.8500416920108439,-0.8290395136181038,-0.9883219705300198,-0.8823017725426667,-0.1655221873007921,-0.041877812773161195,Engineering & Construction,Industrials,FLR
2016Q2,2016,Q2,2016-08-04,2016-06-30,101813000.0,4856117000.0,181880000.0,0.72,248249000.0,0.0511208853,9241467000.0,3139548000.0,5651240000.0,3780030000.0,5957833000.0,1796469000.0,3566143000.0,6861057280.0,6947543280.0,22.550012210363008,1.4950251717578962,0.18541861373307938,0.5457919420247755,0.024802836066888156,22.550012210363008,0.032429190443974736,1.4128690227191807,16.847203402316012,2.1853646703283403,0.2886861206329251,2.564958259786281,0.004283887861667874,0.5254703609286274,0.9069719023393994,0.011016973820281996,-82.78302702702703,0.051120885266973594,-0.027027027027027053,-0.23369930799638625,0.002499392551251639,0.1217957366537034,-0.029602614317767822,-0.024059890915713696,-0.03857234230376843,-0.2624466035062817,-0.21029208396439816,0.019842022921802566,Engineering & Construction,Industrials,FLR
2016Q1,2016,Q1,2016-05-05,2016-03-31,104323000.0,4423889000.0,189177000.0,0.74,255822000.0,0.0578274003,9001727000.0,3088611000.0,5402869000.0,3589930000.0,5780893000.0,1606203000.0,3493789000.0,7461615000.0,7455051000.0,22.228218783735155,1.5050067828620615,0.18784473246078226,0.5474716628283717,0.024894446890963973,22.228218783735155,0.0337766717789971,1.6866641545481815,17.881040134965446,2.415848094823207,0.2870028660985593,2.5949814562667357,0.004012670179311047,0.4914489186352797,0.9363553049780915,0.011589220601780081,112.91961137426414,0.057827400280612826,4.217391304347826,-0.0551633724218798,0.10675599910433847,0.14421539456052998,0.013308933621693561,4.212211719062721,5.00510225684888,-0.26747194501549765,-0.28040423235416284,0.03588974934873363,Engineering & Construction,Industrials,FLR
2015Q4,2015,Q4,2016-02-18,2015-12-31,-32477000.0,4370681000.0,-47234000.0,-0.23,252462000.0,0.0577626233,7631506000.0,2997347000.0,5278287000.0,2935352000.0,4518007000.0,1376471000.0,3428732000.0,6653298000.0,5696076000.0,21.272867281760114,1.798178548944045,0.13007445712550053,0.331180874286494,-0.009761705195371631,21.272867281760114,-0.010835248638212393,1.5222566002872322,-51.215460171813895,2.21972898032827,-0.9437755950364873,2.9918676092703733,0.004606888192893209,0.5727153985071884,1.141260741471551,-0.00425564757467268,30.30190329147823,0.05776262326168394,-1.1965811965811965,-1.346012858193071,0.035499960670275055,0.06953826770090044,0.006654890686741656,-1.189610177308898,-1.1731007439440027,-2.2893784765173977,-0.28263520725281444,0.03399545071479672,Engineering & Construction,Industrials,FLR
2015Q3,2015,Q3,2015-10-29,2015-09-30,171283000.0,4384612000.0,272870000.0,1.17,250793000.0,0.0571984477,7599361000.0,3062340000.0,5229758000.0,2861801000.0,4423419000.0,1512398000.0,3640054000.0,6110808550.0,5322098550.0,21.223066954044896,1.8274359398155218,0.13062795674531055,0.3241602826596655,0.04518036002732907,21.223066954044896,0.055932065022172586,1.3936942539043364,8.919169663656055,1.9954703102855986,0.18111546388141264,2.7332877985821193,0.005076578614134458,0.5769711427052879,1.125744242873631,0.022539131908590734,19.1776017361122,0.0571984476619596,0.16999999999999993,8.032347827055409,-0.01725305000868278,0.07495819717689596,-0.146907453202758,0.153366507976055,0.14644998382441296,0.36830572386925126,-0.29032577334286647,-0.03884516447586428,Engineering & Construction,Industrials,FLR
2015Q2,2015,Q2,2015-07-30,2015-06-30,148507000.0,4810106000.0,238013000.0,1.0,293981000.0,0.0611173641,7560373000.0,3116605000.0,5202717000.0,2742549000.0,4338771000.0,1507880000.0,3630881000.0,7755363000.0,7024063000.0,21.302836637047164,1.8970370265034462,0.1312713010323697,0.31844266437357316,0.03898243927016591,21.302836637047164,0.04765024762522039,1.6123060489727254,13.055551253476267,2.488401000447602,0.20987562875824034,2.995016181659018,0.004018896343085424,0.6362260168909656,1.1506525498723996,0.019642813919366148,73.64807270448135,0.06111736414956344,0.041666666666666706,0.14949920101720118,0.13727655124715393,0.07587742402323437,-0.011695690176830498,0.030733139458213897,-0.006295898898217693,0.05963357915116718,-0.22389824077541218,0.00842397629187096,Engineering & Construction,Industrials,FLR
2015Q1,2015,Q1,2015-04-30,2015-03-31,144079000.0,4548649000.0,239521000.0,0.96,297460000.0,0.0653952415,7619196000.0,3068724000.0,5379253000.0,2819696000.0,4417940000.0,1486943000.0,3601071000.0,8444303959.999999,7652979959.999999,20.772376820031003,1.9077421821359466,0.1338683241643869,0.33237560627804913,0.03898014119402222,20.772376820031003,0.04695078475613969,1.8564422007501566,14.652211564488924,2.751731325462961,0.2246198266228944,2.859012753010707,0.0038325242854000724,0.5969985547031471,1.1395388013459606,0.018910000477740697,-244.04797433600183,0.06539524153215603,-0.33793103448275863,0.2716998022927928,0.11522959123908794,0.08333008060928093,-0.17662234130894516,-0.3284376558545373,-0.1847453531155654,0.06324734997295854,-0.17346948008256366,-0.009783606273354771,Engineering & Construction,Industrials,FLR
2014Q4,2014,Q4,2015-02-18,2014-12-31,214543000.0,5455196000.0,293799000.0,1.45,361268000.0,0.0662245683,8194429000.0,3110871000.0,5758047000.0,3330853000.0,4970599000.0,1587275000.0,3593597000.0,8956930530.0,7984232530.0,21.05767239103506,1.728700425986977,0.12452691944734648,0.32801970894968,0.054805692715286076,21.05767239103506,0.06896557266437599,1.641908105593273,10.437220662058422,2.879235599933266,0.15494795915038012,3.209228394575609,0.003711427691512976,0.6657200886114213,1.0717858158255558,0.026181567989667125,67.30384672607866,0.0662245682831561,0.013986013986014,0.7397192583503728,0.20067627113106276,0.13497523280027135,-0.049597365049550014,-0.06210300372897805,0.545367039070883,0.6010869044023363,-0.0027210485325971606,0.047151794956907016,Engineering & Construction,Industrials,FLR
2014Q3,2014,Q3,2014-10-30,2014-09-30,228749000.0,5440081000.0,190116000.0,1.43,380121000.0,0.0698741434,8048705000.0,3558881000.0,5659480000.0,3303277000.0,4339027000.0,1743707000.0,3894404000.0,10508204280.000002,9134764280.000002,22.62019805252587,1.7132925879361616,0.0654461804725108,0.1480119734264787,0.030998303990091836,22.62019805252587,0.06427554054209736,1.931626437179888,11.48442646743811,2.952670876042217,0.1455481772597913,2.901840733563609,0.0031683814962912005,0.6758951905927724,0.9741223639434416,0.028420596853779585,-114.18858223308885,0.06987414341808514,0.17213114754098358,0.6042817423794538,0.14093450267938626,0.2970874880742726,0.10080448985265499,0.17209204613579418,0.08414071543843842,0.842900623583003,-0.017393643168401134,0.17759989618778882,Engineering & Construction,Industrials,FLR
2014Q2,2014,Q2,2014-07-31,2014-06-30,195163000.0,5251664000.0,175361000.0,1.22,345312000.0,0.0657528738,8398951000.0,3646548000.0,6004845000.0,3570758000.0,4609907000.0,1647520000.0,3924270000.0,12185958500.0,10529191500.0,23.011693433881298,1.6816723508005864,0.06263186914651604,0.14425752794149427,0.028750126448330467,23.011693433881298,0.053519931727211596,2.3203994962358596,15.609975379554527,3.341779266308849,0.17275303208087597,2.978022725065553,0.002766708913377639,0.6252761803229951,1.0482264549991906,0.023236592283964987,77.7527707414804,0.06575287375582292,0.326086956521739,0.30277124334025957,0.1211979806582912,0.37525187458263726,0.10559276667136253,0.3091686008291184,-0.25100692353360754,0.2905667137092817,-0.04746948049249545,0.14476299819682018,Engineering & Construction,Industrials,FLR
2014Q1,2014,Q1,2014-05-01,2014-03-31,149074000.0,5384636000.0,234129000.0,0.92,312332000.0,0.0580042922,7991937000.0,3690729000.0,5614751000.0,3144763000.0,4157503000.0,1647190000.0,3996524000.0,12453356490.0,10837406490.0,23.03638905706778,1.7854289814526563,0.06582984825831335,0.1425485317399354,0.03953703287339563,23.03638905706778,0.04039147821473752,2.312757350729,20.884521261252804,3.3742267421964605,0.17418194990407448,3.0793678931999344,0.002085060362710294,0.6737585644131079,1.0964883522224091,0.01865304994271101,103.70364980097597,0.05800429221213839,-0.11538461538461538,-0.18075652024278985,0.045262510955427986,0.4860711005449327,-0.0702467776024767,-0.10624419197218142,-0.08751164340583749,0.17095271115416033,0.16832807258683852,0.18581660773780972,Engineering & Construction,Industrials,FLR
2013Q4,2013,Q4,2014-02-18,2013-12-31,166795000.0,6291405000.0,256583000.0,1.04,335930000.0,0.0533950684,8323850000.0,3756987000.0,6003683000.0,3407160000.0,4443027000.0,1740821000.0,4040664000.0,12863501770.000002,11106362770.000002,23.44995100272762,1.7620783878655537,0.06324513296130997,0.14012372148213448,0.041395543252000316,23.44995100272762,0.04439594813609948,2.044615116973077,19.28040674180881,3.423887751008987,0.15743277676189335,3.4210725858660944,0.002041357047988341,0.7558287330982658,1.0987535073198793,0.020038203475555183,-412.66206114461704,0.053395068351187056,-0.009523809523809532,-0.012478214899190687,0.16624226437583875,0.583038190126262,-0.05246649799312331,-0.03612334292615836,-0.03855406337120417,0.5628330997560261,0.3108767483014535,0.17899574330692317,Engineering & Construction,Industrials,FLR
2013Q3,2013,Q3,2013-10-31,2013-09-30,173046000.0,6684216000.0,266872000.0,1.05,354531000.0,0.0530400274,8727168000.0,3793612000.0,6441354000.0,3812181000.0,4782981000.0,2102713000.0,4019910000.0,11562222399.999998,9546579399.999998,23.282263409844113,1.6896768542731837,0.05980485307490357,0.13758049057204585,0.04410596147610041,23.282263409844113,0.04561510244062914,1.729779887424344,16.70397235417172,3.047813640403921,0.15169954809703778,3.0102467621591726,0.0022704112662631365,0.7659089409072909,1.010410313676082,0.019828425441105295,28.128232300379022,0.05304002743178856,0.0714285714285715,0.03391474340815371,0.28879609254242594,0.5140934955884537,0.06511824933304491,0.07207642554456918,0.029495498136760973,7.291659315645345,0.3267178220100676,0.17925745395029555,Engineering & Construction,Industrials,FLR
2013Q2,2013,Q2,2013-08-01,2013-06-30,161412000.0,7190328000.0,259226000.0,0.98,332856000.0,0.0462921858,8367597000.0,3599650000.0,6186539000.0,3692543000.0,4627765000.0,1974529000.0,3873124000.0,9608278940.0,8018055940.0,22.111279691886214,1.6754142064154702,0.06152937336728812,0.1430286277832567,0.043732099059914924,22.111279691886214,0.04484102621088162,1.3362782532312851,14.881605673679777,2.6692258802939177,0.16235471959953413,3.4729659579575687,0.0027274395512085327,0.8593062022465948,0.9893195556558176,0.019290125946553115,48.24232397937409,0.04629218583630677,-0.03921568627450984,-0.16478664232604215,0.3484391268063701,0.48850864983554804,-0.026378139314484284,-0.030313953069242693,-0.02725805846373222,0.12278214102758257,0.5277703188221458,0.1167069926919013,Engineering & Construction,Industrials,FLR
2013Q1,2013,Q1,2013-05-02,2013-03-31,166458000.0,7185624000.0,266490000.0,1.02,341874000.0,0.0475774964,8463034000.0,3484966000.0,6260805000.0,3920737000.0,4858128000.0,1928611000.0,3737928000.0,10627979520.0,9127925520.0,21.45809319737944,1.5968439097037113,0.06082286801636387,0.1477047408783902,0.04638308926659442,21.45809319737944,0.047764597990339074,1.479061459380563,15.961953645964748,3.0496651961597325,0.0,3.5485383003622815,0.0,0.8490600415879223,0.957927297852419,0.019668832714130655,-135.16443494849295,0.047577496401147626,4.666666666666667,0.3048098377269242,0.6171543838475356,0.5675068897374518,22.856156501726122,4.733406812937003,4.117607833502966,0.336450290998397,0.6025462291215581,0.11909186101524984,Engineering & Construction,Industrials,FLR
2012Q4,2012,Q4,2013-02-20,2012-12-31,29033000.0,7022722000.0,-85479000.0,0.18,-15642000.0,-0.0022273415,8276043000.0,3341295000.0,6094137000.0,3887114000.0,4848949000.0,1942679000.0,3597521000.0,9539845920.0,7926301920.0,20.573463129895078,1.5677793344882605,0.06536904170265911,0.1619123722987644,0.010657888440516794,20.573463129895078,0.008689145974839097,1.358425681665884,82.14657389866704,2.8551342877537005,1.825646677918231,3.623019551866263,0.005556064578451808,0.8485603566825354,0.9092501531984912,0.00350807747132295,182.73816530983623,-0.0022273414781334077,-0.7906976744186046,-0.8789469103281515,0.612191915003153,0.5892642272277959,-1.0510717492449595,-0.7991949260978123,-1.3220870338481712,-0.7858485815165416,0.40599981996353396,0.10887711954819297,Engineering & Construction,Industrials,FLR
2012Q3,2012,Q3,2012-11-01,2012-09-30,144583000.0,7136056000.0,265391000.0,0.86,306275000.0,0.0429193661,8769440000.0,3679986000.0,6518107000.0,3947057000.0,4998097000.0,2285211000.0,3842313000.0,9454621800.0,7852244800.0,22.08079923196928,1.6513840565261662,0.06256374409312339,0.1490899693640139,0.04089197429841143,22.08079923196928,0.03928900816470497,1.3249085769506292,16.348086912015937,2.5692004806540023,0.18724884668322003,2.9886872590758577,0.002863467262117243,0.8137413563465854,0.9488208556400376,0.016487141710303053,26.249130454096193,0.04291936610362923,-0.09473684210526313,0.6173952362680527,0.8171543767203753,0.9320827933623824,-0.03828038157919527,-0.10302748309448477,-0.07612963865487711,-0.042752249140898514,0.41286049823540877,0.2661572787276818,Engineering & Construction,Industrials,FLR
2012Q2,2012,Q2,2012-08-02,2012-06-30,161190000.0,7128249000.0,287260000.0,0.95,318466000.0,0.0446766099,8392136000.0,3554557000.0,6171173000.0,3743941000.0,4753664000.0,2212634000.0,3743262000.0,8302145760.000001,7031461760.000001,21.12488113916227,1.648309361712698,0.06349813682714389,0.14991600922421555,0.04695007796353964,21.12488113916227,0.045347423040339487,1.1646823448507482,12.87633500837521,2.3356344433356955,0.16865190148272224,3.0776816228983193,0.003274454675438028,0.8493962681253021,0.9352340221173358,0.019207267375075904,132.54802841861581,0.044676609922015914,0.04395604395604387,0.7477307144681323,0.7496166453539062,0.9585089808239191,0.1542889038702709,0.040727779858214644,0.20669086265416542,0.013330045283177357,0.4332118245618748,0.2624899801678007,Engineering & Construction,Industrials,FLR
2012Q1,2012,Q1,2012-05-03,2012-03-31,154882000.0,6290108000.0,238056000.0,0.91,275898000.0,0.043862204,8521177000.0,3542112000.0,6164929000.0,3904097000.0,4908754000.0,2077657000.0,3704025000.0,10137874080.0,8748360080.0,20.97761353137659,1.5790921690726434,0.06252328756931114,0.15041082834196096,0.04298429822045669,20.97761353137659,0.04372589009043192,1.6117170134439662,16.363867460389198,2.862098680109494,0.1380922250487468,2.8947078367603507,0.002109712532551006,0.7381736114623602,0.9346770840990887,0.01817612754669924,-99.98199236663807,0.04386220395579853,0.0,0.885435806995825,0.7791183031647688,1.0734466835288243,-0.10929676225896118,0.011269555224738175,0.0561209550766173,-0.19238648038834677,0.15856037271296208,0.3532600595584462,Engineering & Construction,Industrials,FLR
2011Q4,2011,Q4,2012-02-22,2011-12-31,153156000.0,6252134000.0,225406000.0,0.91,309753000.0,0.0495435638,8270276000.0,3395525000.0,5880623000.0,3840111000.0,4810370000.0,1946747000.0,3590553000.0,8484813000.0,6856360000.0,20.10947456944543,1.53136797347785,0.0644425893404283,0.15695893860301427,0.04242586293619751,20.10947456944543,0.04510524882013827,1.3571067094851135,13.849952009715585,2.498822126180782,0.13925017629084072,3.052467012919501,0.0025135497977386186,0.7559764631797052,0.9098132840430915,0.018518849915045158,109.02145784881853,0.04954356384556057,0.16666666666666666,0.9547027497571091,0.7725829566276248,1.0211830604103997,0.18187541494013415,0.13145491349123092,0.0025708541640720906,-0.13962215962259783,0.09966639643467798,0.3575323130995948,Engineering & Construction,Industrials,FLR
2011Q3,2011,Q3,2011-11-03,2011-09-30,135362000.0,6037613000.0,224828000.0,0.78,262086000.0,0.043408877,8189819000.0,3295757000.0,6049361000.0,3795912000.0,4824168000.0,1814201000.0,3485144000.0,7986862799.999999,6137612799.999999,19.20872965915979,1.5936515388133339,0.06557397666541837,0.16294860331025618,0.041044310657942396,19.20872965915979,0.041071595994486246,1.3228510671353064,14.750932314829862,2.4233773303068156,0.16577769240998214,3.1835099859387137,0.00280961380731368,0.7372095769149477,1.0036078286324868,0.016528082000347017,39.18471048835771,0.043408876984993905,-0.17021276595744672,3.9846101822279456,0.8067822456346418,0.8165103321432765,-0.14586565160146525,-0.18209777702584307,-0.184631788146719,-0.23194716044093758,0.10552910424426992,0.24918321399773155,Engineering & Construction,Industrials,FLR
2011Q2,2011,Q2,2011-08-04,2011-06-30,165499000.0,6033876000.0,275738000.0,0.94,306844000.0,0.0508535475,7669039000.0,3486139000.0,5592494000.0,3541369000.0,4115456000.0,1555825000.0,3371112000.0,11213660500.0,9310959500.0,20.101709672769207,1.5791898556744581,0.005641384794105233,0.012410291155917765,0.053194679456494,20.101709672769207,0.04747343694557216,1.8584506045533584,16.93916655085529,3.2166418206502954,0.12762614879848216,3.681025822312921,0.0018835954593060848,0.7867838460594606,1.028950668512657,0.021580148438415818,-249.4585446698701,0.05085354753727123,0.205128205128205,1.4738713603687803,0.736646658983199,0.9372655275701256,0.1354793826068615,0.1845810279791856,0.16636492842881798,-0.19611915377671957,0.06221815259273064,0.35322645913522854,Engineering & Construction,Industrials,FLR
2011Q1,2011,Q1,2011-05-05,2011-03-31,139711000.0,5057776000.0,236408000.0,0.78,270233000.0,0.0534292147,7550208000.0,3415566000.0,5450396000.0,3533936000.0,4101550000.0,1453755000.0,3227008000.0,12950827540.0,10842112540.0,19.426603495640403,1.5423018413463063,0.010986452293764623,0.024285872385426018,0.045187756973413755,19.426603495640403,0.04090420152911699,2.5605775226107284,23.17431615978699,3.791707593997598,0.16311528798734531,3.2932254747189176,0.0017596558930009503,0.6698856508324009,1.0093306726550793,0.01850425842572814,41.12666374511355,0.05342921473786107,0.16417910447761191,0.5366382417322165,0.3635920355430169,0.9462498748068836,1.7263766419822837,0.19286726661088438,9.065911606914758,0.011613843765514307,0.051448965434423316,0.4191072125333509,Engineering & Construction,Industrials,FLR
2010Q4,2010,Q4,2011-02-23,2010-12-31,117122000.0,5266885000.0,23486000.0,0.67,99118000.0,0.0188190933,7614923000.0,3496999000.0,5562825000.0,3523383000.0,4086298000.0,1470897000.0,3109957000.0,11649766940.0,9629220940.0,19.88976731752541,1.5788306295398484,0.015029830242538237,0.03272834793490075,0.021287711030508447,19.88976731752541,0.03349214569406511,2.211889369143241,24.866734985741363,3.3313612443126233,0.1922525230101945,3.5133438983151097,0.0019328283660926182,0.6916530869714638,1.0056479809319623,0.01538058887791774,40.67159020371114,0.018819093259108563,4.9411764705882355,0.7576083229526532,0.2988764357143414,1.0959324228678073,0.6036694872749041,4.89264823185323,0.055835281424204276,-0.5489091094651768,0.11688050497491848,0.5364499154104689,Engineering & Construction,Industrials,FLR
2010Q3,2010,Q3,2010-11-04,2010-09-30,-30088000.0,5511488000.0,22244000.0,-0.17,61807000.0,0.0112142129,7692410000.0,3519178000.0,5564114000.0,3598178000.0,4139182000.0,0.0,0.0,8828623440.0,6968454440.0,19.74315560342893,1.5463698571888327,0.012898688447443648,0.028194652273911693,-0.0074345846721479295,19.74315560342893,-0.008549723827552912,1.601858416456681,-73.35668239829833,2.50871750164385,-0.7479393778250465,0.0,0.0025489817470343936,0.7164839107639869,0.9057186720612488,-0.003911387978539885,25.234443783870304,0.011214212931244702,-1.1954022988505748,-1.2191425354011922,0.5404971141448682,1.1895657820391266,-0.7821910229166887,-1.191186656076251,-0.9130890052356021,-1.3147016066284514,0.31222755463860924,0.7275376143465409,Engineering & Construction,Industrials,FLR
2010Q2,2010,Q2,2010-07-27,2010-06-30,157375000.0,5152121000.0,255940000.0,0.87,283767000.0,0.0550777049,7267885000.0,3528714000.0,5201409000.0,3182098000.0,3706821000.0,0.0,0.0,7574095000.0,6254368000.0,19.800430942574657,1.6345847928002217,0.013709903224940955,0.028237482550300196,0.048565557238094186,19.800430942574657,0.04459840043709975,1.4700926084616412,12.031922160444799,2.1464179301581257,0.033486894360603654,0.0,0.0006957926986656492,0.7088886244072381,0.9299207629683309,0.02165347965742441,-150.77326565143824,0.05507770489085951,0.14473684210526314,10.13527789375112,0.6830161185620999,1.419426263964948,0.0890742176406021,0.1517912687086032,0.167486988135369,0.6110965111811164,0.19397569125883835,0.8357178707777629,Engineering & Construction,Industrials,FLR
2010Q1,2010,Q1,2010-05-10,2010-03-31,136635000.0,4918855000.0,219223000.0,0.76,260558000.0,0.0529712708,7253826000.0,3416197000.0,5252447000.0,3256636000.0,3810571000.0,0.0,2956498000.0,8286361130.0,6794826130.0,19.174559251920993,1.6128443584115633,0.016192006811302062,0.03438150668711436,0.04090131682444674,19.174559251920993,0.03999622972562765,1.684611790752116,15.161490705163391,2.4256098609067336,0.2913016430636367,0.0,0.004803314672818273,0.6781049062935891,0.9538572932314204,0.018836266544027938,-27.569740251530476,0.05297127075305127,-0.0843373493975903,1.7087898888839093,0.6160728316351018,1.2437198947356927,-0.19235371062632123,-0.08128479599795595,-0.1370973773189059,0.576381958790998,0.31855860682067577,0.8952311343497976,Engineering & Construction,Industrials,FLR
2009Q4,2009,Q4,2010-02-25,2009-12-31,148724000.0,5479366000.0,254053000.0,0.83,322614000.0,0.0588779797,7178483000.0,3305533000.0,5122088000.0,3301398000.0,3844590000.0,1405785000.0,2842428000.0,8024461520.0,6464962520.0,18.553420182641737,1.551490610947241,0.017765452672939393,0.038580464935609474,0.04516849055394547,18.553420182641737,0.044992441461029126,1.4644872271719027,13.488847664129528,2.4275847556203494,0.37340308221941315,3.6682366080161617,0.006920588984268692,0.763304168861304,0.9934012803061006,0.020718026357379408,26.647035156522403,0.05887797967867085,-0.0674157303370787,1.916211356080079,0.8789822687025183,1.3250388719901722,0.03288041390262019,-0.08249432435100187,-0.009690534382686453,0.7989390872196951,0.4723033301135525,0.8647855992622314,Engineering & Construction,Industrials,FLR
2009Q3,2009,Q3,2009-11-09,2009-09-30,162096000.0,5420488000.0,256539000.0,0.89,312344000.0,0.0576228561,7065317000.0,3119162000.0,4910972000.0,3328853000.0,3898290000.0,0.0,2716168000.0,9094980150.0,7903276150.0,17.439223075159763,1.4752745164775976,0.019293260302403983,0.043701801958346505,0.05157532785374385,17.439223075159763,0.05196780417304391,1.6778895461072878,14.027150808779982,2.9158409053457306,0.31567096041851744,0.0,0.0056260705527763025,0.7671967160142992,0.9577785501492556,0.022942495007655,86.04522374645222,0.05762285609708941,-0.04301075268817208,2.1354438987663484,1.097365658741052,1.3213946360168902,-0.014392325775863428,-0.042381993265197614,-0.06259386338971532,4.726014932714548,0.5560540204558637,0.6491735509158498,Engineering & Construction,Industrials,FLR
2009Q2,2009,Q2,2009-08-10,2009-06-30,169270000.0,5292554000.0,273669000.0,0.93,316905000.0,0.0598775185,6907900000.0,2996059000.0,4907979000.0,3290307000.0,3847857000.0,0.0,2576599000.0,9183679660.0,8141229660.0,16.73271191930926,1.4916477398613563,0.020186163667684824,0.04654247463084005,0.05531355675572562,16.73271191930926,0.05649755228451776,1.7352075500788466,13.563655195840964,3.065253274384783,0.17904531222307557,0.0,0.0033000933309993087,0.7661596143545796,1.0265756356473728,0.02450382894946366,38.84410914289582,0.059877518491072555,-0.17699115044247776,2.4290782242223115,1.1685921413457652,1.3226717076142867,-0.09267249400898438,-0.17348229239400584,-0.1300910694702713,1.4506958132608816,0.4753941523431925,0.6125845269744163,Engineering & Construction,Industrials,FLR
2009Q1,2009,Q1,2009-05-11,2009-03-31,204799000.0,5797889000.0,314595000.0,1.13,349273000.0,0.0602414086,6719520000.0,2795191000.0,4958845000.0,3219110000.0,3861573000.0,0.0,2429925000.0,6229952349.999999,4901167349.999999,15.501538956393462,1.540439748874689,0.021064153391908945,0.050637326751552934,0.07216191130467099,15.501538956393462,0.07326833837115246,1.0745208040374694,7.604959435837089,2.2288109649752017,0.14359933398112296,0.0,0.004720581851641289,0.8628427328142486,1.0872977313605314,0.03047821868228683,271.6233148761771,0.06024140855404441,0.07619047619047604,2.933758456527678,1.522061446214502,1.2221851693645371,0.08105606883637433,0.07733946353703636,0.3123545165569544,1.196332054730235,0.5241366049037136,0.5530181722175643,Engineering & Construction,Industrials,FLR
2008Q4,2008,Q4,2009-02-25,2008-12-31,190097000.0,6071525000.0,239718000.0,1.05,323085000.0,0.0532131548,6423721000.0,2671082000.0,4668662000.0,3162610000.0,3752639000.0,981125000.0,2272146000.0,8090823790.0,6407799790.0,14.813256653560119,1.476205412618059,0.023553326802331544,0.05664371217356862,0.06410862104918179,14.813256653560119,0.07116853769371363,1.3325851067071288,10.640388577936527,3.029043582338543,0.11965470259919936,5.8590291756911705,0.0028113330101334467,0.9451725876637543,1.0545460869345256,0.029592972671135625,1001.0917829745113,0.053213154849893564,0.03960396039603964,2.3180402751835505,1.3045790269679916,1.2165906978287833,-0.0037158099232168736,0.03821976089437954,-0.14296439833253488,1.7815573336811792,0.45995988183968634,0.5609828115536607,Engineering & Construction,Industrials,FLR
2008Q3,2008,Q3,2008-11-06,2008-09-30,183099000.0,5673818000.0,279706000.0,1.01,324290000.0,0.0571555168,6605120000.0,2741002000.0,4808393000.0,3228638000.0,3864118000.0,1068328000.0,2104795000.0,9928692100.0,8571595100.0,15.37703152261112,1.4892945570237357,0.02389752192238748,0.05758697002045238,0.059716609406171295,15.37703152261112,0.06680002422471783,1.7499137441490016,13.556453202912087,3.6222856094231237,0.12413503077570058,5.007383500198441,0.002289223975431769,0.8590030158422557,1.0435112267154139,0.027720768131388983,111.6398729409119,0.057155516796626185,-0.10619469026548663,2.7216522516549553,1.399370463935149,1.4219228382716311,0.035497951611409666,-0.12497491039426523,0.1122616562282533,0.3335433923363251,0.5858249322119155,0.7053516027295446,Engineering & Construction,Industrials,FLR
2008Q2,2008,Q2,2008-08-11,2008-06-30,209250000.0,5773570000.0,251475000.0,1.13,313173000.0,0.0542425224,6670053000.0,2618400000.0,4919560000.0,3397137000.0,4051653000.0,1090925000.0,1944425000.0,16399974720.000002,15234221720.000002,14.854653141806795,1.4481488382717564,0.047950143724495145,0.12214711274060495,0.051915036790666176,14.854653141806795,0.07991521539871678,2.8405258306385828,19.59375713261649,6.263357286892759,0.1063273596176822,5.005290922840708,0.00135664843268734,0.8655958206029247,1.0111561588478768,0.03137156481365291,40.956829736702126,0.05424252239082578,0.5066666666666665,3.201303927686421,1.3249357604094387,1.4359483990972963,0.25697072835933515,0.5161725067385444,0.19961932747854544,13.280606839183028,0.9068432685783757,0.8150987752544104,Engineering & Construction,Industrials,FLR
2008Q1,2008,Q1,2008-05-12,2008-03-31,138012000.0,4806981000.0,209629000.0,0.75,249149000.0,0.0518306604,6172295000.0,2405185000.0,4451643000.0,3129893000.0,3767110000.0,1052859000.0,1757424000.0,12400764840.0,11596421840.0,13.689313481086865,1.4222987814599413,0.05264330366581636,0.13509563713394188,0.04779197514659106,13.689313481086865,0.057381033059826995,2.579740764525593,22.463200373880532,5.155846573132628,0.16088456076283222,4.32900511844416,0.001790534719953612,0.7787996199144727,0.95058393369997,0.02235991636822284,80.4930860703622,0.05183066044987488,-0.49324324324324326,2.0428725405027857,1.088334588903529,1.3945951929941798,0.0036941248509458893,-0.4680860084096769,0.0672541862039823,1.7744755830159968,0.6014744468372284,0.6018613309044356,Engineering & Construction,Industrials,FLR
2007Q4,2007,Q4,2008-02-29,2007-12-31,259463000.0,4712465000.0,196419000.0,1.48,248232000.0,0.0526756167,5796179000.0,2274459000.0,4059500000.0,2860094000.0,3521720000.0,977945000.0,1641616000.0,12801356280.0,11951138280.0,12.945275415770242,1.419358944146591,0.05605865519336101,0.14285858747069083,0.09162609935499298,12.945275415770242,0.11407679804296318,2.716488351637625,12.33447185147786,5.628308217470616,0.06835656721767651,4.564912137185629,0.0013854781955963183,0.8130295837999482,0.9303718688966167,0.04476449053764558,86.15104635512006,0.05267561668893032,1.9019607843137254,3.8570769778632723,0.7249776253373879,1.3219175427566812,0.3097862506001973,1.769791622187113,0.3584549415588907,4.158982725637542,0.6386688873236576,0.6222490653472063,Engineering & Construction,Industrials,FLR
2007Q3,2007,Q3,2007-11-07,2007-09-30,93676000.0,4115226000.0,144590000.0,0.51,189521000.0,0.0460536068,5547398000.0,1995941000.0,3809014000.0,2648470000.0,3551457000.0,932162000.0,1399889000.0,13051295580.0,12106443580.0,11.428495356320786,1.4381941271753125,0.11279918981836169,0.3135072629902387,0.03327502912942959,11.428495356320786,0.04693325103297141,3.171465086000137,34.83094810837355,6.538918525146785,0.18868226653571887,4.211397804244327,0.0013542716806663573,0.7418299534304191,0.9280882924858503,0.016886475425055135,169.17218307668378,0.04605360677639576,-0.03773584905660381,0.8509104066367272,0.5277946699178869,1.0901027402756363,0.012349833608426945,-0.01975639362102884,0.06742361044464296,0.8556977000651649,0.6307283121090108,0.521286109109764,Engineering & Construction,Industrials,FLR
2007Q2,2007,Q2,2007-08-07,2007-06-30,95564000.0,4221538000.0,135457000.0,0.53,187209000.0,0.0443461601,5280295000.0,1880575000.0,3608689000.0,2537566000.0,3399720000.0,884963000.0,1323888000.0,9708679750.0,8870961750.0,10.786205907657012,1.422106459497014,0.11670503257867221,0.32768541536498147,0.03611432526029603,10.786205907657012,0.05081637265198144,2.2997968394457184,25.39837111778494,5.162612365898728,0.0,4.558754433801187,0.0,0.799489043699263,0.9204745807596728,0.018098231254125005,35.20686300818463,0.04434616009615453,0.12765957446808524,1.0270147114362946,0.5173318325095627,0.9940212199725637,0.054793671542223525,0.12938451356717406,-0.006133843997857557,0.988171268872045,0.7764187988735223,0.497235798657748,Engineering & Construction,Industrials,FLR
2007Q1,2007,Q1,2007-05-07,2007-03-31,84616000.0,3641804000.0,136293000.0,0.47,177484000.0,0.0487351873,5043536000.0,1759676000.0,3428820000.0,2464600000.0,3283860000.0,942900000.0,1245985000.0,7802410080.0,7283251080.0,10.117266915045306,1.3912277854418567,0.11680297315216943,0.3347775385923318,0.03602557246838353,10.117266915045306,0.04808612494572864,2.1424574414218887,23.05240758249031,4.434003805245966,0.4134915382433582,3.6741117827977514,0.004484255459692526,0.7220735610888869,0.8121589710297817,0.016777118275749396,65.40104508763548,0.04873518728630097,0.021739130434782507,0.8704567005198224,0.3228692871487955,0.9414713225159645,0.0828731978450406,0.04842146999058334,0.19761168324487716,0.6849985030465995,0.6423643351504855,0.45033603156178975,Engineering & Construction,Industrials,FLR
