Quarters,Year,Quarter,FillingDate,Date,NetIncome,Revenue,OperatingIncome,EPSDiluted,GrossProfit,GrossProfitRatio,TotalAssets,CommonStockEquity,CurrentAssets,CurrentLiability,TotalLiability,Inventory,RetainedEarnings,MarketCap,EnterpriseValue,bookValuePerShare,currentRatio,debtToAssets,debtToEquity,roic,shareholdersEquityPerShare,roe,priceToSalesRatio,peRatio,pbRatio,payoutRatio,inventoryTurnover,dividendYield,assetTurnover,quickRatio,returnOnAssets,priceToFreeCashFlowsRatio,grossProfitMargin,epsdilutedGrowth,fiveYNetIncomeGrowthPerShare,fiveYRevenueGrowthPerShare,fiveYShareholdersEquityGrowthPerShare,grossProfitGrowth,netIncomeGrowth,operatingIncomeGrowth,threeYNetIncomeGrowthPerShare,threeYRevenueGrowthPerShare,threeYShareholdersEquityGrowthPerShare,Industry,Sector,Symbol
2023Q1,2023,Q1,2023-05-04,2023-03-31,39651000.0,42655000.0,59235000.0,0.37,51890000000.0,1216.5045129528,2726921000.0,1205001000.0,97196000000.0,12401000.0,1521920000.0,0.0,-651082000.0,856854358.0400001,2289922358.04,11.166084236165322,7837.7550197564715,0.5458401618528737,1.235237979055619,0.021844479895926496,11.166084236165322,0.03290536688351296,20.088016833665456,5.402476343850092,0.711081864695548,0.6804115911326322,0.0,0.03148609766274954,0.015642183986994854,205919.2999758084,0.014540575249521346,-9.311610063464466,1216.5045129527605,33.173913043478265,0.2161150550344468,-0.06661847231599438,-0.16627757102051205,620.0057684482634,32.695443645083934,-0.22784628620590766,1.1596349752574042,0.09329053558090497,0.22464831011489397,Credit Services,Financial Services,BBDC
2022Q4,2022,Q4,2023-02-23,2022-12-31,-1251000.0,83558000.0,76714000.0,-0.0115,83558000.0,1.0,2709957000.0,1192329000.0,202125000.0,44171000.0,1517628000.0,0.0,-663754000.0,885127856.75,2193834856.75,10.97861882426852,4.5759661316248215,0.5343708405705331,1.214532230617556,0.02421436770929603,10.97861882426852,-0.0010492070561061587,10.592975618731899,-176.88406409872104,0.7423520326604487,-20.78257394084732,0.0,0.02937315756331832,0.030833699575306916,4.5759661316248215,-0.00046163094100755105,-37.80335938968139,1.0,-1.1277777777777778,-1.0232991005944294,0.2202819600367584,-0.17997269753510983,5.62422704931029,-1.1264530476094208,2.0692966311914858,-1.0534737833150085,2.0576616580051645,-0.05484552640825744,Credit Services,Financial Services,BBDC
2022Q3,2022,Q3,2022-11-10,2022-09-30,9893000.0,12614000.0,24994000.0,0.09,12614000.0,1.0,2646988000.0,1228061000.0,244317000.0,37473000.0,1418927000.0,0.0,-347616000.0,903683484.03,2135941484.03,11.238519514275913,6.519814266271716,0.517411110288373,1.1152385752824983,0.009861027519535872,11.238519514275913,0.008055788759678877,71.64130997542414,22.836436976397454,0.7358620492223106,2.648236126554129,0.0,0.028991345380314885,0.0047654163902518636,6.519814266271716,0.003737455553255247,7.385991810692189,1.0,1.391304347826087,1.0751784116978973,-0.7726320663490366,-0.14883031820181,-0.6907120439387995,1.3958308326331372,-0.21338201044879462,-0.12893540782172802,-0.11509177710110172,-0.018624669608949075,Credit Services,Financial Services,BBDC
2022Q2,2022,Q2,2022-08-09,2022-06-30,-24993000.0,40784000.0,31774000.0,-0.23,40784000.0,1.0,2829478000.0,1252875000.0,2143337000.0,718222000.0,1576603000.0,0.0,-331311000.0,1031170414.33,2366002414.33,11.31167660350188,2.984226325565076,0.7954908997348628,1.7965271874688218,0.009810589702693143,11.31167660350188,-0.019948518407662378,25.283699841359358,-10.314592229124155,0.823043331800858,-1.06049693914296,0.0,0.025703801846585703,0.014413966109649907,3.208214173333593,-0.008833078044784233,167.34346224115546,1.0,-1.92,-4.307585386118744,4.804934226001365,-0.23792029804599138,0.6624816566117724,-2.188332065424116,-0.02828832686014863,-2.231683280230632,0.6505211620051505,-0.020817415208137634,Credit Services,Financial Services,BBDC
2022Q1,2022,Q1,2022-05-05,2022-03-31,21032000.0,24532000.0,32699000.0,0.25,24532000.0,1.0,2849410000.0,1317556000.0,379821000.0,42089000.0,1531854000.0,0.0,-279812000.0,854666410.84,2175293410.84,15.94017135482165,9.024234360521751,0.5176713775834295,1.119541028996111,0.011705761807267684,15.94017135482165,0.015962888863926845,34.838839509212455,10.15911956589958,0.6486755863431991,0.7142925066565234,0.0,0.017577618366018153,0.00860950161612404,9.024234360521751,0.00738117715597264,-45.38373039719627,1.0,0.38888888888888895,0.5119926885731515,0.0025115635652261967,-0.06564535155173526,0.7788988027602082,0.8322573293560084,0.5489995028364848,-0.6074723863326382,-0.5694819210176567,0.39595283666680203,Credit Services,Financial Services,BBDC
2021Q4,2021,Q4,2022-02-23,2021-12-31,11478737.0,13790554.0,21109755.0,0.18,13790554.0,1.0,2160906341.0,741930763.0,1793476419.0,717556296.0,1418975578.0,0.0,-285821321.0,719783256.6999999,2760097882.7,11.35908196273552,2.499422594432925,0.9673264446216921,2.817381287099966,0.007453686945689408,11.35908196273552,0.015471439617337986,52.193933376425626,15.676447171409189,0.9701488233073845,1.2518397276634181,0.0,0.019963702776138778,0.006381837906782282,2.499422594432925,0.005312001164607625,-2.5644293999566257,1.0,-0.18181818181818185,0.03430155001363009,-0.40416594211858986,-0.20556067063516054,0.0,-0.20343978390024636,0.0,1.2111684745423188,1.2501505096648373,0.034766850241822314,Credit Services,Financial Services,BBDC
2021Q3,2021,Q3,2021-11-09,2021-09-30,14410382.0,16717740.0,0.0,0.22,0.0,0.0,1799534233.0,744821565.0,1410333773.0,374265334.0,1054712668.0,0.0,-282950798.0,719783256.6999999,2100729903.6999998,11.403340616633713,3.768272519196234,0.7842001608646253,1.8946753173023394,0.0,11.403340616633713,0.019347428534779332,43.0550574838465,12.487234146534075,0.9663834809884968,0.9518399998001441,0.0,0.01905626155140877,0.009290037218202783,3.932429285582725,0.008007839881976838,31.13611512601963,0.0,-0.5111111111111111,0.0672058399558653,-0.2298226808783446,-0.29823235295833145,0.0,-0.5083128580012761,0.0,1.1138053038706448,0.3298995168173889,-0.02387003645283013,Credit Services,Financial Services,BBDC
2021Q2,2021,Q2,2021-08-05,2021-06-30,29308031.0,31509397.0,0.0,0.45,0.0,0.0,1806347289.0,744127561.0,0.0,0.0,1062219728.0,0.0,-283644802.0,689737857.6,1710853634.6,11.39271530129217,0.0,0.5772286466448147,1.4012051906783225,0.0,11.39271530129217,0.03938576197959156,21.889909781516923,5.883522656298542,0.9269080917700345,0.4457214133559501,0.0,0.01893939393939394,0.017443709297697514,0.0,0.016225025596392943,-12.801877579897512,0.0,0.32352941176470584,1.2536416307699734,0.34953093584810846,-0.23207678145604854,0.0,0.30325806612413514,0.0,0.40738561359090764,-0.029200261376048354,-0.16858850144192652,Credit Services,Financial Services,BBDC
2021Q1,2021,Q1,2021-05-06,2021-03-31,22488279.0,24771265.0,0.0,0.34,0.0,0.0,1727114191.0,727882747.0,21168184.0,376709458.0,999231444.0,0.0,-299889616.0,651854528.3000001,1616012255.3000002,11.144004528134227,0.056192334836466996,0.0,0.0,0.0,11.144004528134227,0.0308954692121587,26.314947109079817,7.246603089324888,0.8955488105558848,0.5518455191702308,0.0,0.019038075922191918,0.014342575105388616,0.23550567450844306,0.013020725043651732,-7.658768400581694,0.0,-0.2608695652173913,-0.0724214482925443,-0.44686041489369493,-0.2602227211204433,-1.0,-0.012468094328151358,0.0,0.13957549783949055,-0.1044212037340009,-0.16792616576702313,Credit Services,Financial Services,BBDC
2020Q4,2020,Q4,2021-03-23,2020-12-31,22772205.0,27013260.0,0.0,0.46,27013260.0,1.0,1677038745.0,717804524.0,62651000.0,6065000.0,959234221.0,0.0,-309967839.0,455131589.99999994,1339964959.0,14.50965339672423,10.32992580379225,0.0,0.0,0.0,14.50965339672423,0.03172480005155275,16.84845109401827,4.996569172813963,0.6340606318051013,0.3580460478025734,0.0,0.017914594765878592,0.016107713718921862,21.136558779884584,0.013578818657526007,-2.0413650894768995,1.0,-0.4888888888888889,0.629927397926066,0.11997315364596074,-0.04441575752104393,-0.39213692473974626,-0.4725924840658798,0.0,-0.06892175579904276,-0.13393916253135987,0.08377129446509038,Credit Services,Financial Services,BBDC
2020Q3,2020,Q3,2020-11-09,2020-09-30,43177627.0,44439712.0,0.0,0.9,44439712.0,1.0,1222566609.0,525976941.0,7112312.0,50908335.0,696589668.0,0.0,-320707748.0,383694024.0,554117760.0,10.966591254493972,0.13970820298876402,0.10469905529703535,0.24335965899311163,0.0,10.966591254493972,0.08209034205550847,8.634034892035304,2.2216020810963046,0.7294882989937005,0.17772815537083592,0.0,0.01999999874900319,0.0363495221224384,1.7747309158706526,0.0353171980014383,-3.332632001837953,1.0,-0.2105263157894736,0.6760778526327351,0.326462751990613,-0.292447245355072,0.0,-0.21134893265426463,0.0,1.7475490512181475,0.825002279840464,-0.16942529871116604,Credit Services,Financial Services,BBDC
2020Q2,2020,Q2,2020-08-05,2020-06-30,54748708.0,56120357.0,0.0,1.14,0.0,0.0,1065126369.0,490473194.0,18453504.0,6335990.0,574653175.0,0.0,-356211495.0,380941199.14000005,930804885.1400001,10.222987613709856,2.912489445216927,0.0,0.0,0.0,10.222987613709856,0.11162426136585152,6.787932570350542,1.73949857930894,0.7766809762492343,0.14016549943059844,0.0,0.0201445262873228,0.05268891901783346,4.028129779245233,0.051401138487822004,4.535419385614885,0.0,1.4956521739130433,2.1148422459957428,1.3547925386847088,-0.3400444167272709,0.0,1.486561126712688,0.0,27.84082102605209,17.440437950345796,-0.31126643495769085,Credit Services,Financial Services,BBDC
2020Q1,2020,Q1,2020-04-30,2020-03-31,-112521747.0,17674402.0,0.0,-2.3,0.0,0.0,1096942967.0,445744908.0,0.0,21502640.0,651198059.0,0.0,-403286323.0,365677699.64000005,987914390.6400001,9.117788465422977,0.0,0.0,0.0,0.0,9.117788465422977,-0.2524352942243818,20.689678759145572,-0.8124600563658152,0.8203743734970496,-0.06953290549248227,0.0,0.02139579199853446,0.016112416535507993,0.8451386434409914,-0.10257757274996049,10.16788882875155,0.0,-11.454545454545455,-10.119385817536722,-0.2059082178238977,-0.41920226239816716,0.0,-11.628514713633418,0.0,-14.676809672615718,0.2211819665666151,-0.4655485285194885,Credit Services,Financial Services,BBDC
2019Q4,2019,Q4,2020-02-27,2019-12-31,10586780.0,12366480.0,0.0,0.22,0.0,0.0,1252634838.0,570874709.0,0.0,12607240.0,681760129.0,0.0,-282940612.0,505229854.44,1152391182.44,11.61568730934316,0.0,0.0,0.0,0.0,11.61568730934316,0.0185448397574747,40.85478280319056,11.930678035247734,0.8850100494467692,0.693766187641568,0.0,0.014537442582724982,0.009872374314404946,5.751643738042585,0.008451609103338701,-33.058554445046276,0.0,1.2,13.91811302954897,-0.13194631184862265,-0.27571470318541763,0.0,1.037686139770043,0.0,0.2677721673689702,-0.28990907090672907,-0.18761402845587363,Credit Services,Financial Services,BBDC
2019Q3,2019,Q3,2019-10-30,2019-09-30,5195491.0,6520840.0,0.0,0.1,0.0,0.0,1214151556.0,572444980.0,0.0,10907800.0,641706576.0,0.0,-293956348.0,507371216.8,1125331888.8,11.451805610191641,0.0,0.0,0.0,0.0,11.451805610191641,0.009075965693681165,77.80764699026506,24.41401673104621,0.8863231131837335,1.3348711411491234,0.0,0.01366910611079032,0.005370696901697171,4.453106309246595,0.004279112417494608,30.777477906474108,0.0,-0.4444444444444444,1.3586920117064276,-0.8116056624932009,-0.36382684405960675,0.0,-0.43814611146257454,0.0,-0.4972412263791044,-0.6074661948718948,-0.29524979147600355,Credit Services,Financial Services,BBDC
2019Q2,2019,Q2,2019-07-30,2019-06-30,9247050.0,11260368.0,0.0,0.18,0.0,0.0,1226182755.0,583079705.0,0.0,11161600.0,643103050.0,0.0,-292216528.0,496660617.59999996,1115675468.6,11.552162772488769,0.0,0.0,0.0,0.0,11.552162772488769,0.01585898106331792,44.106961477635544,13.427542232387625,0.8517885519613481,0.7073451533191667,0.0,0.013169669122563423,0.00918327056393808,1.6350669258887616,0.007541330982101441,60.20773833220432,0.0,-0.7230769230769231,-0.7886550109116708,-0.7917784004880534,-0.27670530694534284,0.0,-0.721157869778263,0.0,-0.0798535815114971,-0.3759047803235915,-0.22132926323656857,Credit Services,Financial Services,BBDC
2019Q1,2019,Q1,2019-05-09,2019-03-31,33162313.0,35267609.0,0.0,0.65,0.0,0.0,1211171148.0,584161314.0,0.0,7009830.0,627009834.0,0.0,-294922722.0,504925966.02,1184283730.02,11.418846637314,0.0,0.5119012296683276,1.061350666572898,0.0,11.418846637314,0.05676910162524045,14.316988884049383,3.8064742801565137,0.8643605009762766,0.18414846395062975,0.0,0.0120944245512581,0.029118600668648027,10.676920552994865,0.027380369037654784,-12.328540189853173,0.0,1.783132530120482,0.441657247120153,0.07536762009193625,-0.27615183009500816,0.0,1.7769937103278481,0.0,0.7464207567766059,0.0054770555606048635,-0.2419777583570828,Credit Services,Financial Services,BBDC
2018Q4,2018,Q4,2019-02-27,2018-12-31,-42680285.0,-43285517.0,0.0,-0.83,0.0,0.0,1167577075.0,562967287.0,0.0,34600000.0,604609788.0,0.0,-321978246.0,462069416.64,1589642434.6399999,10.977431254278132,0.0,0.9763809382776721,2.024984446387557,0.0,10.977431254278132,-0.07581308183542822,-10.674919665161905,-2.7065741046480825,0.8207748963573438,-0.12015866342035907,0.0,0.011098778268624432,-0.037072941844117656,2.502012167630058,-0.036554576065139,-1.0074390236497475,0.0,0.5721649484536082,-2.3020713897285403,-2.048221334309246,-0.31531168666486126,0.0,0.5790499718395385,0.0,-3.9468444049648017,-2.7311708966101675,-0.2770426665152162,Credit Services,Financial Services,BBDC
2018Q3,2018,Q3,2018-11-08,2018-09-30,-101390384.0,10065666.0,0.0,-1.94,0.0,0.0,1377434210.0,610981943.0,0.0,556500000.0,766452267.0,0.0,-269935005.0,526663708.83000004,664984732.83,11.682195038040819,0.0,0.1524573721746028,0.3437090120354015,0.0,11.682195038040819,-0.16594661292633325,52.32278806290613,-1.298603694088978,0.8619955382707603,-0.015174239797730719,0.0,0.0029212607100228627,0.007307547559748788,0.6084386073674752,-0.07360815004006616,7.099047867162661,0.0,-7.062499999999999,-3.3107388654107974,-0.8116580300164099,-0.268794044315458,0.0,-7.619519379925938,0.0,-4.609302735001508,-0.7244772500083478,-0.24627725355607816,Credit Services,Financial Services,BBDC
2018Q2,2018,Q2,2018-08-01,2018-06-30,15316880.0,23873012.0,0.0,0.32,0.0,0.0,1093294587.0,658306493.0,0.0,14500000.0,434988094.0,0.0,16144459.0,552477710.0,756538722.0,13.702859920810198,0.0,0.38466192277964695,0.6388343461166499,0.0,13.702859920810198,0.023267095437869242,23.14235463878626,9.01746488188195,0.8392408640575265,0.0,0.0,0.0,0.02183584578563362,15.716074,0.014009837954132302,4.461955497414356,0.0,0.06666666666666674,-0.5976892038230472,-0.5079594443485095,-0.1236643221361561,0.0,0.058405698367698565,0.0,-0.12973200343027838,0.00036839842857902804,-0.1153976456535049,Credit Services,Financial Services,BBDC
2018Q1,2018,Q1,2018-05-02,2018-03-31,14471653.0,20283804.0,0.0,0.3,0.0,0.0,1187114769.0,641511702.0,0.0,10500000.0,545603067.0,0.0,6571435.0,533114300.67,860340249.6700001,13.393047671553095,0.0,0.4507886482204148,0.8341825415368651,0.0,13.393047671553095,0.022558673450355858,26.28275744875074,9.209630383446868,0.831028177674614,0.9955589731179983,0.0,0.027024943772645544,0.017086641097967842,20.54456676190476,0.012190609853325816,8.548625802690983,0.0,-0.3877551020408163,-0.5500279077720399,-0.48507698452220954,-0.129993398224665,0.0,-0.38888461208592423,-1.0,0.19706842154335671,-0.06986264021112663,-0.1468707771922763,Credit Services,Financial Services,BBDC
2017Q4,2017,Q4,2018-02-28,2017-12-31,23680721.0,30199838.0,24246965.0,0.49,0.0,0.0,1223063612.0,641275374.0,0.0,16000000.0,581788238.0,0.0,8305431.0,454560171.91,828510384.9100001,13.388113775319784,0.0,0.4626087346959677,0.882304128522484,0.019618263511723102,13.388113775319784,0.0369275384025584,15.051742062656098,4.798842188018684,0.7088377167435093,0.6048063316991066,0.0,0.03150792982988336,0.024691960175821173,12.4785365,0.019361806505939938,4.126056496308567,0.0,1.4083333333333334,-0.1299251059095473,-0.1263485273669521,-0.11994011281888647,0.0,1.4118624353171303,1.4217179510026239,33.23857244522297,1.175082944986326,-0.16519671188590038,Credit Services,Financial Services,BBDC
2017Q3,2017,Q3,2017-11-01,2017-09-30,-57496676.0,24239937.0,-57495691.0,-1.2,0.0,0.0,1189298950.0,630393416.0,0.0,8500000.0,558905534.0,0.0,-4483783.0,681784177.1999999,1151225306.1999998,13.203618214564807,0.0,0.46283138902964643,0.8731767671253724,-0.048691405039376336,13.203618214564807,-0.09120760867845104,28.126483051502976,-2.964450402315431,1.0815217289642505,-0.3736454956109115,0.0,0.03151052007136548,0.020381702178413594,10.676251411764706,-0.04834501535547475,29.657343042329376,0.0,-28.999999999999996,-3.0247392432183298,-0.349333383045016,-0.13940528156194923,0.0,-27.354969508015305,-88.93299255299014,-3.156032348092319,-0.2667756805879281,-0.2665097753740873,Credit Services,Financial Services,BBDC
2017Q2,2017,Q2,2017-08-02,2017-06-30,-2027746.0,3025413.0,-639317.0,-0.04,0.0,0.0,1250870713.0,707944974.0,0.0,8700000.0,542925739.0,0.0,-150341.0,840386071.0350069,1309629418.035007,14.843167420019459,0.0,0.42709678741994817,0.7546389657679807,-0.000605501003637167,14.843167420019459,-0.002864270634683537,277.7756527902164,-103.61086534445228,1.1870782361610592,-10.146776272767891,0.0,0.024482896265355793,0.0024186456430369714,8.523533103448276,-0.0016210676122848837,-23.381676047546687,0.0,-1.2352941176470589,-1.074174603681453,-0.9029434994700607,-0.02528073347297696,0.0,-1.2818960579655343,-1.0888774738504485,-1.0490449178832668,-0.9407962014725938,-0.07065157975531812,Credit Services,Financial Services,BBDC
2017Q1,2017,Q1,2017-05-03,2017-03-31,7193240.0,12654274.0,7193240.0,0.17,0.0,0.0,1234263231.0,729207289.0,0.0,5500000.0,505055942.0,0.0,2265568.0,815972823.21,1224993889.21,17.06008674681973,0.0,0.4047956136513962,0.6851609268540924,0.005853723015045012,17.06008674681973,0.009864465301580385,64.4819942424196,28.35901565949419,1.118986103840221,2.8760925535641797,0.0,0.025354305206652203,0.010252492079625112,17.472325454545455,0.0058279626414634725,-9.138633626292295,0.0,0.0,-0.6655529778129969,-0.5367218956837941,0.03795653000062679,0.0,-0.009560390566890377,-0.07127209786732816,-0.6257321326914911,-0.5381946514857603,0.08145007655612446,Credit Services,Financial Services,BBDC
2016Q4,2016,Q4,2017-02-22,2016-12-31,7262674.0,15146281.0,7745261.0,0.17,0.0,0.0,1159650656.0,611156258.0,0.0,13300000.0,548494398.0,0.0,5884512.0,783915221.46,1211984380.46,14.298237188001751,0.0,0.4614810669326263,0.8756464733770263,0.006335680999121113,14.298237188001751,0.01188349772244335,51.75628403170389,26.984386930351,1.2826756025134245,2.397577806741704,0.0,0.022212639228473646,0.013061072247606265,8.817853458646617,0.0062628119618810445,-9.928184128207997,0.0,-0.19047619047619038,-0.6565212366653776,-0.4710916910580763,0.07252939906165438,0.0,-0.07830261484201184,-0.012492410663855584,-0.7341622188320709,-0.5599226033648408,-0.1081851776476965,Credit Services,Financial Services,BBDC
2016Q3,2016,Q3,2016-11-02,2016-09-30,7879673.0,12666824.0,7843242.0,0.21,0.0,0.0,1127745188.0,619355209.0,0.0,9200000.0,508389979.0,0.0,6553437.0,750874383.415449,1081726832.4154491,16.24945331222518,0.0,0.44264367280102285,0.8059821968817897,0.007044577246454627,16.24945331222518,0.012722381091655596,59.27882028008355,23.823145434317166,1.2123485400692724,2.2119755477162566,0.0,0.02321246320951717,0.011231991175651995,19.054706630434783,0.006987104076209102,-95.02617180359336,0.0,0.049999999999999906,-0.7631525059069264,-0.6765714469994417,-0.018729923259548073,0.0,0.17838744743957036,0.17289542202071248,-0.7535861134767964,-0.6747815228274113,0.017077441339277546,Credit Services,Financial Services,BBDC
2016Q2,2016,Q2,2016-06-30,2016-06-30,6686827.0,12005370.0,6687077.0,0.2,0.0,0.0,1070294615.0,498250672.0,0.0,12500000.0,572043943.0,0.0,8851309.0,650866917.4955341,1085389578.495534,14.835747931796801,0.0,0.5227087814507971,1.1228331950950183,0.006322026677381306,14.835747931796801,0.0134206080910213,54.21464873598515,24.33392240802454,1.3063041438216747,2.1489177153827965,0.0,0.022077387271874357,0.011216883493336084,10.74842744,0.0062476507928613655,33.27861865062194,0.0,-0.45945945945945943,-0.745788819858983,-0.6351280610277675,0.07287096665600987,0.0,-0.46192257374877066,-0.46141875341341165,-0.7487593328943348,-0.6460452812675547,-0.051213009870747866,Credit Services,Financial Services,BBDC
2016Q1,2016,Q1,2016-05-04,2016-03-31,12427258.0,22955314.0,12416097.0,0.37,0.0,0.0,1016167651.0,504347914.0,0.0,8300000.0,511819737.0,0.0,7628164.0,689025520.68,1128334268.6799998,15.063999458070116,0.0,0.49546092271736764,0.998262009268467,0.012330839760600091,15.063999458070116,0.024640248635984248,30.01594840654325,13.861173572641686,1.366171052865701,1.3892157867809616,0.0,0.0250558832464754,0.022590085383460017,8.547712409638555,0.012229535143901172,15.625786761085557,0.0,0.3214285714285713,-0.4936651407351314,-0.23146505766960132,0.018410958199645423,0.0,0.31430967653233355,0.22993271876801646,-0.447187335163527,-0.1662969948487213,-0.021449090672781338,Credit Services,Financial Services,BBDC
2015Q4,2015,Q4,2016-02-24,2015-12-31,9455350.0,16323383.0,10094940.0,0.28,0.0,0.0,1039317490.0,508367755.0,0.0,16900000.0,530949735.0,0.0,16127141.0,639809445.540346,1101241963.5403461,15.184065152731694,0.0,0.4946014484948194,1.011173369955378,0.009248048600224388,15.184065152731694,0.018599429068824398,39.19588516304163,16.91659868593828,1.2585563093795082,1.9681822460300253,0.0,0.029086554019663143,0.015705867703621538,3.4028144378698224,0.00909765311464161,88.97409784202004,0.0,-0.48148148148148145,-0.33827728140023255,-0.034919699083533415,0.4175031955371679,0.0,-0.4709515894140968,-0.4224510818307866,-0.5029792089243602,-0.32441655089576255,-0.0018842915797859846,Credit Services,Financial Services,BBDC
2015Q3,2015,Q3,2015-11-04,2015-09-30,17872372.0,23243086.0,17478935.0,0.54,0.0,0.0,1031487510.0,515733677.0,0.0,12700000.0,515753833.0,0.0,13665361.0,548365177.28,998416380.28,15.499326633244964,0.0,0.4877281645417112,0.9754753905667479,0.017542241280934966,15.499326633244964,0.03465426594587113,23.592614908364578,7.6705707737059186,1.0632719981945256,1.0433251948873938,0.0,0.034004157763064584,0.022533560294879382,4.615718661417323,0.017326794388426478,-6.977607053806022,0.0,0.4594594594594596,-0.08337006845076837,0.08081760922660639,0.06485186301191542,0.0,0.4678857398919872,0.4355721464951015,-0.09694415575356165,-0.10478597489684267,0.010226017077885804,Credit Services,Financial Services,BBDC
2015Q2,2015,Q2,2015-08-05,2015-06-30,12175588.0,16508967.0,12175588.0,0.37,0.0,0.0,1013725812.0,514816781.0,0.0,28100000.0,498909031.0,0.0,6138723.0,779017463.3145319,1132251097.3145318,15.490417647523968,0.0,0.4644063191714408,0.9144625629443108,0.012353509995978541,15.490417647523968,0.023650332408259242,47.187535314264785,15.9954793007642,1.5131936099700136,1.5394853209553412,0.0,0.02406125649641819,0.01628543616486309,4.4263914590747335,0.01201073096479465,26.443037468894296,0.0,0.48,-0.35966404592505247,-0.07647329712845884,0.3895331324407835,0.0,0.4574661878188764,0.43380244769758936,-0.36083207274730633,-0.2399481711031161,0.017222813725564095,Credit Services,Financial Services,BBDC
2015Q1,2015,Q1,2015-05-06,2015-03-31,8353942.0,15069353.0,8491817.0,0.25,0.0,0.0,997111772.0,519615448.0,0.0,7800000.0,477496324.0,0.0,10976071.0,754992650.470803,1112911281.470803,15.698732751734129,0.0,0.47104306878045765,0.9039042060966593,0.008444312722314641,15.698732751734129,0.016077162509610377,50.101198802019105,22.593903886057713,1.452983458010669,2.2447008849235486,0.0,0.024837461647217954,0.015113002797844813,15.252516666666667,0.008378139978473748,70.91283558025609,0.0,16.857142857142858,-0.2775163227003676,-0.058707610776839135,0.43773474309308846,0.0,16.479133276701162,2.235690372965933,-0.49841268265802185,-0.28755481520566284,-0.04486991102582067,Credit Services,Financial Services,BBDC
2014Q4,2014,Q4,2014-12-31,2014-12-31,477938.0,9594472.0,2624422.0,0.014,0.0,0.0,984105928.0,530826629.0,0.0,16300000.0,453279299.0,0.0,12926514.0,671582740.229197,1029723403.229197,16.037447343511083,0.0,0.44395595694450485,0.8230553350781503,0.0004938772368904408,16.037447343511083,0.0009003655315867735,69.99684195536732,351.2917680897925,1.2651639980728944,38.74173846816951,0.0,0.02757091254858758,0.00974943014467849,5.286388404907975,0.0004856570684126597,-17.172284198512436,0.0,1.0482758620689656,-0.9792125246064431,-0.40852330504174117,0.4755150122291506,0.0,1.0542351639924392,0.0,-0.9708104627324229,-0.567338981876169,0.2029898186506962,Credit Services,Financial Services,BBDC
2014Q3,2014,Q3,2014-11-05,2014-09-30,-8812327.0,21058208.0,0.0,-0.29,0.0,0.0,941506420.0,547449576.0,0.0,9100000.0,394056844.0,0.0,13283742.0,770032751.52,1071007694.52,18.001082729219444,0.0,0.0,0.0,0.0,18.001082729219444,-0.016097056946117717,36.566869864710235,-21.845329602498865,1.4065820584725415,-2.1227091323324703,0.0,0.02429248231724615,0.02236650494640281,9.725645714285715,-0.009359816155050753,-6.691809636124516,0.0,-1.3333333333333333,-2.397270606734731,0.18220831873032511,0.5768696319980341,0.0,-1.3642309618060227,-1.0,-1.3319760456858878,-0.3261122267445835,0.08704726809627727,Credit Services,Financial Services,BBDC
2014Q2,2014,Q2,2014-08-06,2014-06-30,24194338.0,29904001.0,24781126.0,0.87,0.0,0.0,830871021.0,445774416.0,0.0,11000000.0,385096605.0,0.0,6132527.0,791820005.070468,1086358903.070468,15.971585141460187,0.0,0.4502888818407833,0.8392854537439403,0.029508658585307615,15.971585141460187,0.054274846495452535,26.478731226315432,8.18187301787786,1.7762796083624233,0.7663480604429019,0.0,0.023416033797163182,0.035991146933983635,7.6057073636363635,0.02911924641550352,-62.32899946539694,0.0,0.9333333333333332,3.4088272524992043,0.7521890459308758,0.3424977168061758,0.0,0.9351601627802569,0.9407174564380415,0.10677574119692895,0.09361772957453213,0.15501086082903204,Credit Services,Financial Services,BBDC
2014Q1,2014,Q1,2014-05-07,2014-03-31,12502499.0,17825146.0,12769054.0,0.45,0.0,0.0,798769932.0,438631024.0,0.0,6400000.0,360138908.0,0.0,7134163.0,719874218.3148919,982727123.3148919,15.775195838117227,0.0,0.44279477460350875,0.8063523386343963,0.015779564650226324,15.775195838117227,0.02850345350856897,40.38531961055982,14.394606596547058,1.641183999595277,1.4819082169092754,0.0,0.025737212875007503,0.022315744854552188,14.772529375,0.01565219032305788,-33.53802018591006,0.0,-0.296875,6.393556245295028,-0.07460474411361004,0.25711323137987974,0.0,-0.296503143467849,-0.31998491394322726,-0.3866269462688523,-0.28141387515113725,0.06649182735314765,Credit Services,Financial Services,BBDC
2013Q4,2013,Q4,2013-12-31,2013-12-31,17771933.0,22388849.0,18777604.0,0.64,0.0,0.0,814889080.0,445792130.0,0.0,15100000.0,369096950.0,0.0,8610735.0,768811236.1999999,989513347.1999999,16.032742257285964,0.0,0.4344228750739917,0.7941065648691465,0.02222051062463305,16.032742257285964,0.03986596398639877,34.33902458317531,10.814963631136804,1.7245958025324493,0.8107586833688828,0.0,0.01874159523372481,0.02747471962687241,9.176165960264901,0.021809020928345243,-62.548986595935055,0.0,-0.23809523809523805,1.8887131082934472,-0.10421099860084841,0.22709857275614195,0.0,-0.2330316458930183,-0.17225495984152875,0.4976090453460951,0.5938608337325396,0.4967311556113831,Credit Services,Financial Services,BBDC
2013Q3,2013,Q3,2013-11-06,2013-09-30,23171664.0,28223231.0,22685251.0,0.84,0.0,0.0,806663110.0,441265505.0,0.0,11000000.0,365397605.0,0.0,10432313.0,811183685.299464,1005539064.299464,15.976613630155892,0.0,0.4393108010108458,0.8030897792475303,0.029123253605975986,15.976613630155892,0.05251184091536908,28.741701660574012,8.751892886279812,1.8383120278107032,0.6102090467046303,0.0,0.017430773394783095,0.034987630709925485,14.90052009090909,0.028725329958376303,17.86619128176343,0.0,0.06329113924050624,1.343533779420256,0.7416205989463573,0.16125688259344365,0.0,0.060562464176548404,0.03829943766764048,0.4317476407429225,0.5811124836352906,0.09764296161111685,Credit Services,Financial Services,BBDC
2013Q2,2013,Q2,2013-08-07,2013-06-30,21848467.0,27843169.0,21848467.0,0.79,0.0,0.0,783799749.0,431092029.0,0.0,10000000.0,352707720.0,0.0,8098018.0,769465414.84,995027773.84,15.636542328405815,0.0,0.19073749409940166,0.3467937005163229,0.03763135886937917,15.636542328405815,0.05068167706714893,27.635698179327218,8.804569845106295,1.7849214624193388,0.646069584653239,0.0,0.018344723138641852,0.03552331961769995,12.1310079,0.027875062511662017,8.109084052911207,0.0,0.1791044776119403,0.911648097522398,0.5410955632999243,0.13089397346633622,0.0,0.1861392643661587,0.18483329744238636,0.3851576770494083,0.8776235374223897,0.4026409188267186,Credit Services,Financial Services,BBDC
2013Q1,2013,Q1,2013-05-08,2013-03-31,18419816.0,22561077.0,18440119.0,0.67,0.0,0.0,768870920.0,422313302.0,0.0,4000000.0,346557618.0,0.0,6714859.0,751123452.76671,1056730616.76671,15.394190853521398,0.0,0.19444096025897298,0.3540025836079395,0.032212989686623276,15.394190853521398,0.043616471261423824,33.292889907991096,10.194502659075287,1.7785929290162639,0.7639470448564741,0.0,0.01873428921459935,0.029343126932151367,10.29333025,0.023956967965442107,-1093.3622317324396,0.0,0.17543859649122825,4.968697956874834,0.6944868290179389,0.111443898351521,0.0,0.18166474232587046,0.4012519999437679,0.9220356331293619,0.7003147876173241,0.40984392701816696,Credit Services,Financial Services,BBDC
2012Q4,2012,Q4,2013-03-06,2012-12-31,15588022.0,19797900.0,13159745.0,0.57,0.0,0.0,794535412.0,417335244.0,0.0,14100000.0,377200168.0,0.0,6783161.0,699274562.0999999,990078718.0999999,15.21273037247811,0.0,0.188160272962132,0.35822519700732486,0.02246019136350341,15.21273037247811,0.03735131941073254,35.3206432045823,11.214934167080338,1.6755703529798216,0.8752053339416637,0.0,0.019509818802831008,0.02491758038847487,5.315645460992908,0.019619039962941263,-13.888167409011219,0.0,-0.0338983050847458,0.7977513883698583,0.42932082265685945,0.10733634051429122,0.0,-0.03966070030740918,-0.19097477993288403,-0.18198595655422406,0.4725676220555633,0.3996374585552694,Credit Services,Financial Services,BBDC
2012Q3,2012,Q3,2012-11-07,2012-09-30,16231786.0,21294411.0,16266174.0,0.59,0.0,0.0,704532190.0,418702605.0,0.0,7200000.0,285829585.0,0.0,0.0,716921251.11,935369724.11,15.342434634654639,0.0,0.39538186608620396,0.6652914232525494,0.023279325890330466,15.342434634654639,0.03876686174426835,33.667108759664686,11.041934188726984,1.7122445443347554,0.8250212884768195,0.0,0.018679274717085043,0.03022489433733326,8.900102222222221,0.023039097759323106,-49.12372027799817,0.0,0.03508771929824565,0.1898767333817303,0.18260675383398528,0.08544063901608848,0.0,0.038754461177096085,0.15769994967411302,7.973325866085504,0.33220894897133335,0.34397578302506926,Credit Services,Financial Services,BBDC
2012Q2,2012,Q2,2012-08-01,2012-06-30,15626201.0,17817843.0,14050423.0,0.57,0.0,0.0,705351306.0,415159557.0,0.0,7300000.0,290191749.0,0.0,0.0,621043103.142646,810230242.142646,15.228146123454048,0.0,0.40109766238952704,0.6814603090059661,0.020127402853584712,15.228146123454048,0.03763902513269133,34.855122651077686,9.935925935271248,1.4959142639769363,0.8315743538688642,0.0,0.020923423727346922,0.02526094847834591,13.448712876712328,0.022153784741131534,-17.572114891320926,0.0,0.1399999999999999,0.7188805754334621,0.3038506351421967,0.09977804511157831,0.0,0.23845382146775734,0.15225496067730543,2.5927383353628763,0.06882328015957835,0.2800076649160213,Credit Services,Financial Services,BBDC
2012Q1,2012,Q1,2012-03-31,2012-03-31,12617508.0,16024033.0,12193849.0,0.5,0.0,0.0,698710332.0,412143265.0,0.0,3700000.0,286567067.0,0.0,0.0,495237175.0,635594150.0,16.436224691230017,0.0,0.40484750267010505,0.686341757883633,0.017554803535684636,16.436224691230017,0.030614373863418587,30.90590084281529,9.812499722607665,1.2016141401704088,0.9320687571587036,0.0,0.0237469753759903,0.02293372842238148,39.25925189189189,0.018058281697199807,-16.342305439114188,0.0,0.02040816326530614,2.1568446421159946,1.2807662472198962,0.21133384115514445,0.0,0.017186429052712435,0.0,7.035738575080978,-0.07754656506202331,0.30979011261162065,Credit Services,Financial Services,BBDC
2011Q4,2011,Q4,2012-03-07,2011-12-31,12404322.0,16799718.0,0.0,0.49,0.0,0.0,583194821.0,334286955.0,0.0,9700000.0,248907866.0,0.0,0.0,479439761.0753,651808925.0753,13.33132425135492,0.0,0.4102188417753456,0.7156650907900369,0.0,13.33132425135492,0.03710680843049948,28.53856005650214,9.662756277112525,1.4342161843416832,0.7693400735646817,0.0,0.019904777982110607,0.02880635663258059,7.087807731958763,0.021269602461027343,-20.527264663352092,0.0,-0.4367816091954023,1.574792425368089,0.0,63809.56961416608,0.0,-0.2899742722525382,-1.0,1.2357396296763568,-0.254660051647186,0.0203400453439463,Credit Services,Financial Services,BBDC
2011Q3,2011,Q3,2011-11-02,2011-09-30,17470243.0,20565957.0,17435974.0,0.87,0.0,0.0,559457206.0,331444475.0,0.0,3800000.0,228012731.0,0.0,0.0,304631800.6,443376117.6,16.559613604240372,0.0,0.40073376765121155,0.6764131277192055,0.03144177885398952,16.559613604240372,0.05270941082967215,14.812430104760018,4.359295411632226,0.9191035711185108,0.5147628455998008,0.0,0.029520988886542397,0.03676055430055539,23.099381315789472,0.031227130176601926,-7.7263268815769806,0.0,0.11538461538461534,4.5126167694201555,3.0098144283964277,0.0,0.0,0.20109766561974848,3.323008774957256,1.4381903173458377,0.7512591072958498,0.20363211605214973,Credit Services,Financial Services,BBDC
2011Q2,2011,Q2,2011-08-03,2011-06-30,14545231.0,18194087.0,4033296.0,0.78,0.0,0.0,486732343.0,256800333.0,0.0,5800000.0,229932010.0,0.0,0.0,342819330.769071,498726715.769071,13.828082213873092,0.0,0.4605199083718996,0.8728568665835803,0.008386097849905134,13.828082213873092,0.05664023418536611,18.842348658059674,5.892297804845296,1.3349645102254248,0.49196159208471835,0.0,0.020873079076221053,0.03738006578288963,12.038307413793104,0.029883428149339152,-52.60208045287269,0.0,0.06849315068493157,0.24984322205219242,2.450578686334578,0.0,0.0,0.17763316252998382,-0.6727252013610646,0.8893100729337637,0.4949849204193148,9.928741455051193e-05,Credit Services,Financial Services,BBDC
2011Q1,2011,Q1,2011-05-04,2011-03-31,12351241.0,15031168.0,12323882.0,0.73,0.0,0.0,465819038.0,249218498.0,0.0,2000000.0,216600540.0,0.0,0.0,304285157.35143,445471690.35143,14.79167062842722,0.0,0.46070947405116575,0.8611208466556122,0.02662905458145098,14.79167062842722,0.04955988860826856,20.243613626794005,6.158999677672672,1.2209573518552785,0.5407465533220508,0.0,0.021949447216336963,0.032268256069001626,37.410662,0.026515105636365166,-6.216310440228179,0.0,0.6976744186046512,8.694459044491085,3.255085063261428,0.0,0.0,0.7176549398547413,0.9926370031901254,5.516580406757955,0.8381711536209987,0.06794259099562813,Credit Services,Financial Services,BBDC
2010Q4,2010,Q4,2010-12-31,2010-12-31,7190758.0,8511769.0,6184710.0,0.43,0.0,0.0,388045494.0,180479159.0,0.0,5100000.0,207566335.0,0.0,0.0,320122830.0,467767474.0,10.711838393406682,0.0,0.5217554877727816,1.1218185363995408,0.0158238487586547,10.711838393406682,0.03984259478957346,37.6094358293793,11.129662199729152,1.7737384846745656,0.7518333950329019,0.0,0.016888055125590388,0.02193497703648119,10.919186078431373,0.01853070866994786,-4.254284038247339,0.0,-0.2711864406779661,1.4959018963399475,0.0,51271.36399104943,0.0,0.0010546857924524256,0.10196161929137962,0.35029339644804935,0.0005649170644586246,-0.2202840886344311,Credit Services,Financial Services,BBDC
2010Q3,2010,Q3,2010-11-03,2010-09-30,7183182.0,7922643.0,5612455.0,0.59,0.0,0.0,319910659.0,178428821.0,0.0,2500000.0,141481838.0,0.0,0.0,195892651.72,260826904.72,14.555382933176622,0.0,0.43456340727928044,0.779142434618228,0.017730169639799058,14.555382933176622,0.04025796931091082,24.725669416127925,6.8177533201859575,1.0978756157336265,0.5760346876913324,0.0,0.021122599360767897,0.024765173579289836,29.876442,0.022453712616058847,25.40597939898533,0.0,0.03508771929824565,2.700794255231425,1.5221136489583411,0.0,0.0,0.04600103680059645,0.23117304695451962,0.17225621925430287,-0.0204765881160487,0.029758609264346352,Credit Services,Financial Services,BBDC
2010Q2,2010,Q2,2010-08-04,2010-06-30,6867280.0,6456143.0,4558624.0,0.57,0.0,0.0,292221114.0,133809358.0,0.0,3900000.0,158411756.0,0.0,0.0,170683626.96,280298153.96000004,11.14792967931199,0.0,0.5287092294090701,1.1546277652718429,0.015720357216640102,11.14792967931199,0.051321373203210494,26.437398762697793,6.2136547133654085,1.2755731700020563,1.137533492154099,0.0,0.045767488886504025,0.022093348805726613,11.778753333333333,0.02350028684101177,-7.861499921861078,0.0,0.6285714285714286,-0.08702048137533513,0.894419575269532,0.0,0.0,0.6550338621015591,0.2016351388254794,0.7157451921966145,0.07305404030752052,-0.1948955433995918,Credit Services,Financial Services,BBDC
2010Q1,2010,Q1,2010-05-05,2010-03-31,4149329.0,5744927.0,3793684.0,0.35,0.0,0.0,258806175.0,129693360.0,0.0,7200000.0,129112815.0,0.0,-81945.0,166762739.51999998,245400049.51999998,10.919074486549908,0.0,0.4710474933606202,0.9399864418656437,0.014888230327757471,10.919074486549908,0.03199338038585784,29.027825683424695,10.04757272320416,1.285823264352161,0.85772253778864,0.0,0.021341535946482634,0.022197797251166825,6.182361805555556,0.016032573411356974,-20.231658084286593,0.0,-0.49275362318840576,3.6197873914234413,1.3069127302775558,0.0,0.0,-0.4970861428341488,-0.061860539418245736,1.191652607603021,0.7262658755950389,-0.19527478553459643,Credit Services,Financial Services,BBDC
2009Q4,2009,Q4,2010-03-10,2009-12-31,8250576.0,5821004.0,4043838.0,0.69,0.0,0.0,261051300.0,129099192.0,0.0,10100000.0,131952108.0,0.0,1070452.0,143601247.92,210310826.92,10.869050609849324,0.0,0.4669963336708149,0.9443126491450078,0.015895381588592872,10.869050609849324,0.0639088120706441,24.669498237761044,4.351249170966972,1.1123326621594967,0.3700444671984114,0.0,0.021260818023676686,0.022298314545838308,5.532414059405941,0.03160519024421637,-70.48509023583831,0.0,8.666666666666666,1.8071170069359772,0.0,52023.86245949611,0.0,11.595878298459274,0.08767981124610226,1.8071170069359772,0.0,52023.86245949611,Credit Services,Financial Services,BBDC
2009Q3,2009,Q3,2009-11-04,2009-09-30,-778659.0,5347050.0,3717857.0,-0.09,0.0,0.0,225952263.0,104216187.0,0.0,6600000.0,121736076.0,0.0,1902083.0,112654229.28,194349934.28,11.415707655179123,0.0,0.5094438908098035,1.1045309113065132,0.017136507068508465,11.415707655179123,-0.0074715744493703265,21.068482486604765,-36.16930815671558,1.0809667147004716,-4.280663294201955,0.0,0.02958767745608068,0.02366451182655338,5.118155606060606,-0.003446121714656162,-8.325015105289198,0.0,0.7500000000000001,-1.5386844112052547,1.2856926935022717,0.0,0.0,0.7269642201554987,0.14420350001861942,-1.5386844112052547,1.2856926935022717,0.0,Credit Services,Financial Services,BBDC
2009Q2,2009,Q2,2009-08-05,2009-06-30,-2851857.0,4845828.0,3249297.0,-0.36,0.0,0.0,216565212.0,94280362.0,0.0,7200000.0,122284850.0,0.0,2205265.0,86538510.24,165729810.24,11.896917917638513,0.0,0.5315258112646458,1.220932944657128,0.015687865117923555,11.896917917638513,-0.030248685298853648,17.858353668351413,-7.586154410968012,0.9178847896235274,-0.9885015272504898,0.0,0.03257584388940597,0.022375837537563514,5.060987638888889,-0.013168583142522448,9.793893530147127,0.0,-3.4999999999999996,-1.5742612539075092,1.1536568998824588,0.0,0.0,-3.888699372768305,0.06969852994915035,-1.5742612539075092,1.1536568998824588,0.0,Credit Services,Financial Services,BBDC
2009Q1,2009,Q1,2009-05-06,2009-03-31,-583357.0,4847509.0,3037582.0,-0.08,0.0,0.0,207904017.0,87808740.0,0.0,5000000.0,120095277.0,0.0,2320044.0,53740116.48,151417878.48,12.548746957982031,0.0,0.5536689558047356,1.310917341485597,0.015386043529554813,12.548746957982031,-0.006643495852462978,11.086130315590955,-23.03054410935328,0.6120132970818166,-5.343462065253353,0.0,0.05800407971129132,0.023316091097941603,3.5801726,-0.0028058957610232224,-8.088636525849338,0.0,-1.3636363636363635,-2.102485943959184,2.3041503801340992,0.0,0.0,-1.376783053459471,-0.2902928704103924,-2.102485943959184,2.3041503801340992,0.0,Credit Services,Financial Services,BBDC
2008Q4,2008,Q4,2009-02-25,2008-12-31,1548257.0,6289829.0,4280050.0,0.22,0.0,0.0,213667161.0,91425163.0,0.0,7100000.0,122241998.0,0.0,2115157.0,71373592.19999999,159290305.2,13.065569965805924,0.0,0.5387351030512358,1.2590625624588714,0.02244810395120967,13.065569965805924,0.01693469225753527,11.347461465168607,11.524829566409194,0.7806777681107333,1.697778857127725,0.0,0.0368287194041496,0.0294375091172761,3.9257908450704226,0.00724611584088956,-28.829614606592706,0.0,-0.38888888888888884,1.2570927391269149,0.0,62537.533016859285,0.0,-0.37478163390737806,0.694291610306398,1.2570927391269149,0.0,62537.533016859285,Credit Services,Financial Services,BBDC
2008Q3,2008,Q3,2008-11-06,2008-09-30,2476346.0,4058621.0,2526159.0,0.36,0.0,0.0,197231404.0,95169327.0,0.0,9000000.0,102062077.0,0.0,4589197.0,82593314.22,164872226.22,13.758035684985739,0.0,0.49794301520056106,1.0319501366233261,0.012805639767274606,13.758035684985739,0.026020421474662735,20.3500928566624,8.33822436565811,0.8678564493789054,0.9776812287135965,0.0,0.029313232225444897,0.02057796536296015,1.799952888888889,0.01255553603421086,-9.17714096029554,0.0,-0.1219512195121951,1.2609460509305412,1.2896751324183278,0.0,0.0,-0.1306512499354925,-0.1361364613301772,1.2609460509305412,1.2896751324183278,0.0,Credit Services,Financial Services,BBDC
2008Q2,2008,Q2,2008-08-05,2008-06-30,2848507.0,4502911.0,2924257.0,0.41,0.0,0.0,188067528.0,95006293.0,0.0,4000000.0,93061235.0,0.0,3848381.0,78263138.85000001,148666477.85000002,13.826709395645457,0.0,0.4738191698888072,0.93793786902095,0.015471238061478893,13.826709395645457,0.02998229811997822,17.380565338733103,6.868785898191579,0.8237679460875292,0.7528091031547404,0.0,0.027399642175225634,0.023943054114052054,4.79166275,0.015146192595246959,-2.1861204030847703,0.0,2.727272727272727,-0.3384658029629793,1.3081026699364677,0.0,0.0,2.7216363923798426,2.279006113396097,-0.3384658029629793,1.3081026699364677,0.0,Credit Services,Financial Services,BBDC
2008Q1,2008,Q1,2008-05-07,2008-03-31,765391.0,3302169.0,891812.0,0.11,0.0,0.0,143798855.0,94237744.0,0.0,2500000.0,49561111.0,0.0,3526071.0,81102046.96,112541035.96,13.850623388507382,0.0,0.3271931476784012,0.49926916756411316,0.005417249779287296,13.850623388507382,0.00812191556707894,24.560235093963996,26.49039737859473,0.8606110833892628,2.666818658698626,0.0,0.02516778646791383,0.022963805935728766,6.406038,0.0053226501699196425,-6.0604827609397915,0.0,-0.65625,0.4876604659765332,1.3148470450531058,0.0,0.0,-0.6440866255165083,-0.5952005722855472,0.4876604659765332,1.3148470450531058,0.0,Credit Services,Financial Services,BBDC
2007Q4,2007,Q4,2008-03-12,2007-12-31,2150498.0,3435319.0,2203096.0,0.32,0.0,0.0,136179326.0,93472353.0,0.0,5700000.0,42706973.0,0.0,1738797.0,84367901.2,99590151.2,13.738129794794515,0.0,0.27177399894019155,0.3959459542010246,,13.738129794794515,0.0230067814811509,24.55897143758702,9.80794927500514,0.9025973829930226,1.203748155078498,0.0,0.03068297259005419,0.025226435619162928,3.875948947368421,0.015791662825530507,-6.321782713641595,0.0,-0.36,1.367254922259428,0.0,65756.75002622775,0.0,-0.36124093729105905,-0.3456178354884232,1.367254922259428,0.0,65756.75002622775,Credit Services,Financial Services,BBDC
2007Q3,2007,Q3,2007-11-07,2007-09-30,3366681.0,4443886.0,3366681.0,0.5,0.0,0.0,131911581.0,95200059.0,0.0,900000.0,36711522.0,0.0,1714052.0,94157774.46000001,94168050.46000001,14.134752360628385,0.0,0.2713939119568281,0.3760501871117538,,14.134752360628385,0.035364274301552694,21.188161545998256,6.991884177621818,0.9890516397684166,0.22850189845726399,0.0,0.008170254707186289,0.03368836887793802,40.10506111111111,0.025522254941361063,-10.96258121100033,0.0,0.515151515151515,2.156984108461868,1.5748375366623169,0.0,0.0,0.5096655551988176,0.5096655551988176,2.156984108461868,1.5748375366623169,0.0,Credit Services,Financial Services,BBDC
2007Q2,2007,Q2,2007-08-09,2007-06-30,2230084.0,3352284.0,2230084.0,0.33,0.0,0.0,129550997.0,92602671.0,0.0,1100000.0,36948326.0,0.0,1331578.0,94765743.41,85417711.41,13.846563123479221,0.0,0.27633905434166595,0.3865979200535155,,13.846563123479221,0.024082285920240896,28.26900805838646,10.623562095643035,1.0233586395148364,0.0,0.0,0.0,0.025876172917449643,41.16112636363636,0.017213947029678205,-3.501384818330301,0.0,1.0625,-0.4678816395482327,0.7654465703578367,0.0,0.0,1.0923351175369547,0.0,-0.4678816395482327,0.7654465703578367,0.0,Credit Services,Financial Services,BBDC
2007Q1,2007,Q1,2007-05-10,2007-03-31,1065835.0,1873530.0,0.0,0.16,0.0,0.0,127467667.0,90730636.0,0.0,900000.0,36737031.0,0.0,690594.0,91274274.0,54282928.0,13.56869934018867,0.0,0.2808555364867547,0.39457455142274106,,13.56869934018867,0.011747244888705509,48.71780756112793,21.409100376699957,1.005991779887887,0.0,0.0,0.0,0.014698080259051106,81.10181555555556,0.008361610634954195,81.88038326872858,0.0,1.1859103215086622,1.1079013048861044,0.3363600375187684,0.0,0.0,1.1852074209818626,0.0,1.1079013048861044,0.3363600375187684,0.0,Credit Services,Financial Services,BBDC
