Quarters,Year,Quarter,FillingDate,Date,NetIncome,Revenue,OperatingIncome,EPSDiluted,GrossProfit,GrossProfitRatio,TotalAssets,CommonStockEquity,CurrentAssets,CurrentLiability,TotalLiability,Inventory,RetainedEarnings,MarketCap,EnterpriseValue,bookValuePerShare,currentRatio,debtToAssets,debtToEquity,roic,shareholdersEquityPerShare,roe,priceToSalesRatio,peRatio,pbRatio,payoutRatio,inventoryTurnover,dividendYield,assetTurnover,quickRatio,returnOnAssets,priceToFreeCashFlowsRatio,grossProfitMargin,epsdilutedGrowth,fiveYNetIncomeGrowthPerShare,fiveYRevenueGrowthPerShare,fiveYShareholdersEquityGrowthPerShare,grossProfitGrowth,netIncomeGrowth,operatingIncomeGrowth,threeYNetIncomeGrowthPerShare,threeYRevenueGrowthPerShare,threeYShareholdersEquityGrowthPerShare,Industry,Sector,Symbol
2023Q2,2023,Q2,2023-05-10,2023-03-31,-1991000.0,148401000.0,-28623000.0,-0.0288,53236000.0,0.3587307363,3249814000.0,2895227000.0,1585734000.0,212644000.0,354587000.0,150727000.0,1639109000.0,3083732820.0,2473504820.0,41.892419441188814,7.457224280957845,0.017581621594343552,0.019734894707737944,-0.00360620075808564,41.892419441188814,-0.0006876835564188922,20.779730729577295,-387.20904319437466,1.065109167605856,0.0,0.6313732775149774,0.0,0.045664459565993624,6.343823479618517,-0.0006126504470717402,-146.753572550326,0.358730736315793,0.808,-1.0301842566299468,-0.27249667641511177,3.215457986596046,-0.2792797671427604,0.8227859368046284,-0.09152270907218854,-1.2326540728127815,-0.2813230519507061,1.6593047068433548,Medical Instruments & Supplies,Healthcare,AZTA
2023Q1,2023,Q1,2023-02-09,2022-12-31,-11235000.0,178366000.0,-26223000.0,-0.15,73865000.0,0.4141204041,3292416000.0,2871389000.0,1619984000.0,249026000.0,421027000.0,145939000.0,1644041000.0,4223453460.0,3667643460.0,39.5818893621714,6.505280573112848,0.015943914742243992,0.018281744479762232,-0.006235248662606054,39.5818893621714,-0.0039127404890107196,23.678579213527243,-93.97982777036049,1.4708747090693737,0.0,0.7160594494960223,0.0,0.05417480658580204,5.353340615036181,-0.00341238774201073,-105.95187045306307,0.41412040411289147,-1.11864406779661,-1.6593168846119233,-0.08854833536783055,3.4376325728034893,0.27097062821549633,-1.115819209039548,-0.8422790501615849,-1.8655465114979393,-0.14764461251796507,1.492778194897166,Medical Instruments & Supplies,Healthcare,AZTA
2022Q4,2022,Q4,2022-11-25,2022-09-30,-5310000.0,137568000.0,-14234000.0,-0.0708,58117000.0,0.4224601652,3716122000.0,3363386000.0,2459346000.0,230546000.0,352736000.0,85544000.0,1655356000.0,3214928600.0,2605881600.0,44.83916811091854,10.667485013836718,0.013246874026202584,0.014636143457813049,-0.006421486499528982,44.83916811091854,-0.0015787661600541836,23.36974150965341,-151.3619868173258,0.9558607308230456,0.0,0.928773496680071,0.0,0.0370192367204306,7.520395062156793,-0.001428908954011736,-789.7147138295259,0.42246016515468715,0.2427807486631016,-1.2842371736071143,-0.29608777447077134,4.151260684688735,-0.02488255033557047,0.24305060584461868,-6.9209650582362725,-1.0124082552005829,-0.33463335656123816,1.8452959442439432,Medical Instruments & Supplies,Healthcare,AZTA
2022Q3,2022,Q3,2022-08-09,2022-06-30,-7015000.0,132735000.0,2404000.0,-0.0935,59600000.0,0.4490149546,3722717000.0,3427786000.0,2575296000.0,194927000.0,294931000.0,81213000.0,1676069000.0,5406706900.0,3979236900.0,45.71051754257291,13.21159203188886,0.01254970496011381,0.013629497290671004,-0.01722755676177808,45.71051754257291,-0.002046510488110985,40.733091498097714,-192.6837811831789,1.5773175163210305,0.0,0.9005331658724588,0.0,0.03565540974508672,11.971281556685323,-0.0018843763842376416,-12.419361425995476,0.449014954608807,-2.8636363636363638,-1.3758650519463316,-0.32096267611144547,4.402979267259721,-0.15850111540959536,-2.862885462555066,1.5242040994330572,-1.9309311694177604,-0.37327318503084206,3.4704438542515144,Medical Instruments & Supplies,Healthcare,AZTA
2022Q2,2022,Q2,2022-05-16,2022-03-31,-1816000.0,145544000.0,-4586000.0,-0.0242,70826000.0,0.4866294729,4159509000.0,3468881000.0,3043094000.0,615968000.0,690628000.0,77752000.0,1681179000.0,6212519040.0,4324926040.0,46.27766215747485,4.940344303600187,0.011707631838277065,0.014038532887118354,-0.00046808132876082143,46.27766215747485,-0.0005235117607090009,42.684817237399,-855.2476651982379,1.7909288442007667,0.0,0.9609784957300134,0.0,0.034990668369752294,4.692420710166762,-0.00043658999175143025,-61.343672018484504,0.4866294728741824,-1.6335078534031413,-1.120399305081749,-0.2019245469814852,4.644665721766815,0.0564107153511127,-1.6354093771868439,-1.1173040030694463,-1.5104362174670098,-0.2945711114765761,3.569810641741684,Medical Instruments & Supplies,Healthcare,AZTA
2022Q1,2022,Q1,2022-02-09,2021-12-31,2858000.0,139652000.0,39095000.0,0.0382,67044000.0,0.4800790536,1854937000.0,1367423000.0,796729000.0,341800000.0,487514000.0,70143000.0,-434225000.0,7695099300.0,7573435300.0,18.32269864665684,2.3309801053247514,0.05040818097865318,0.06837971863863633,-0.04075461344710638,18.32269864665684,0.0020900628408327196,55.10196273594363,673.1192529741078,5.627446152361047,2.6221133659902027,1.0351424946181373,0.0009738665750551133,0.0752866539402686,0.9983031012287887,0.0015407531360903362,-2757.1118953780006,0.4800790536476384,-0.8682758620689655,-0.8090024279826618,-0.19067541477783898,1.2925990773669962,1.4755129687289439,-0.8689291446915846,1.2738588920956038,-0.8101824475366485,-0.2545972587014063,0.7928865827671117,Medical Instruments & Supplies,Healthcare,AZTA
2021Q4,2021,Q4,2021-11-24,2021-09-30,21805000.0,-337736000.0,-142756000.0,0.29,-140993000.0,-0.4174651206859796,1819512000.0,1325334000.0,777366000.0,345088000.0,494178000.0,60398000.0,-470051000.0,7607675351.34,7475013351.34,17.83040495089466,2.2526601910237387,0.052082646335940626,0.07150273063242926,-0.07267614477824258,17.83040495089466,0.016452456512848837,-22.52550912943838,87.22397788741114,5.740194812281281,0.3411144232974089,-3.257442299413888,0.0009776968201843533,-0.18561900113876686,1.0066562731824926,0.011983982518389545,853.5482274587681,0.4174651206859796,-0.45283018867924535,0.9115017603748555,-2.981787371756311,1.2129165551402032,-1.9764058171745151,-0.4432671194403309,-3.8418768538610077,1.0029512550656035,-28.94604092182776,0.7556626791981764,Medical Instruments & Supplies,Healthcare,AZTA
2021Q3,2021,Q3,2021-08-05,2021-06-30,39166000.0,315349000.0,50233000.0,0.53,144400000.0,0.4579053683379367,1763255000.0,1307829000.0,717217000.0,311060000.0,455426000.0,154720000.0,-484417000.0,7078922805.704,6903745805.704,17.602953052654247,2.3057191538609914,0.05369898284706409,0.07239860868660965,0.02800334698148707,17.602953052654247,0.029947340210379186,22.447899963862262,45.18538276632794,5.41272812095771,0.18975642138589593,1.104892709410548,0.0010498772488395408,0.17884480690541074,1.6204012087700121,0.022212328903079816,198.13375519771608,0.4579053683379367,0.65625,3.2244334325598247,0.9744004933077832,1.22455453333006,0.13456008297059888,0.6492336196732357,0.6467136534994263,0.6382225642484427,0.34081066997447834,0.744823332264159,Medical Instruments & Supplies,Healthcare,AZTA
2021Q2,2021,Q2,2021-05-10,2021-03-31,23748000.0,286586000.0,30505000.0,0.32,127274000.0,0.4441040385782976,1664096000.0,1266026000.0,724490000.0,265646000.0,398070000.0,127987000.0,-516152000.0,6063737398.53,5826448398.53,17.047411297381,2.727276149462066,0.04976635963309809,0.06541413841421898,0.017485419979514395,17.047411297381,0.018757908605352498,21.158526231323233,63.834190232124804,4.789583625083529,0.31295266969850094,1.2447514200661005,0.0012256467441683246,0.1722172278522393,2.053842331523908,0.014270811299348115,253.6279654730634,0.4441040385782976,-0.08571428571428563,1.2611707486678398,0.9555973977225237,1.1724949138834395,0.12504419772293332,-0.0875979714153988,-0.013676927056389033,-0.6649579969044291,0.30742298813489105,0.7154093046647175,Medical Instruments & Supplies,Healthcare,AZTA
2021Q1,2021,Q1,2021-02-03,2020-12-31,26028000.0,249503000.0,30928000.0,0.35,113128000.0,0.4534133858109923,1614732000.0,1252154000.0,675156000.0,225770000.0,362578000.0,123917000.0,-532468000.0,5022324701.958,4798023701.958,16.916199456910878,2.9904593170040306,0.05215478481878107,0.06725690290491425,0.0191788525972247,16.916199456910878,0.020786580564371476,20.129315887816983,48.23963329835178,4.010948095807704,0.285231289380667,1.1005350355479877,0.0014781999254460162,0.1545166628270202,2.237901404083802,0.01611908353832091,176.20337164361646,0.4534133858109923,-0.10256410256410266,6.154162652032436,0.9144360239100687,0.8581707371723221,0.010351079316596557,-0.10164636040451455,-0.09357873450367808,0.49693341497792887,0.2495047318232508,0.8965208313115828,Medical Instruments & Supplies,Healthcare,AZTA
2020Q4,2020,Q4,2020-11-18,2020-09-30,28973000.0,246196000.0,34121000.0,0.39,111969000.0,0.4547961786544054,1559125000.0,1213614000.0,649453000.0,211118000.0,345511000.0,114834000.0,-551072000.0,3414357932.3840003,3200978932.3840003,16.44285172339042,3.0762559327011436,0.05276677623667121,0.06778926413175854,0.022323773200049205,16.44285172339042,0.02387332380806418,13.86845412754066,29.46154982556173,2.813380475492208,0.2549270010009319,1.1688785551317553,0.00216321784249576,0.15790651807905076,2.2925899260129405,0.018582858975386835,82.15490693897979,0.4547961786544054,1.0526315789473684,3.042267882993292,0.5465421627298346,0.7581932426043947,0.2067185411906712,1.115435163551402,0.786533326352165,0.576142753129993,0.2802589053387577,0.8890050639954288,Medical Instruments & Supplies,Healthcare,AZTA
2020Q3,2020,Q3,2020-07-31,2020-06-30,13696000.0,220350000.0,19099000.0,0.19,92788000.0,0.42109371454504196,1503917000.0,1174853000.0,602011000.0,205805000.0,329064000.0,117686000.0,-572659000.0,3263098307.5179996,3086136307.5179996,15.928266381051804,2.9251524501348363,0.05297566288565127,0.06781359029597746,0.010828750492504237,15.928266381051804,0.011657628656521283,14.808705729602902,59.56298020440274,2.7774524195946215,0.5388434579439252,1.0839182230681645,0.0022616542023870027,0.1465173942444962,2.1376351400597655,0.009106885552859633,185.30855287171332,0.42109371454504196,0.5833333333333334,0.6306797212431293,0.3907700869185945,0.7021245646843896,0.02776885501932854,0.5006026076476389,0.31066428767499316,-0.25392830994531496,0.14605059016607674,0.882719725062401,Medical Instruments & Supplies,Healthcare,AZTA
2020Q2,2020,Q2,2020-05-01,2020-03-31,9127000.0,220227000.0,14572000.0,0.12,90281000.0,0.4099451929145836,1479331000.0,1161133000.0,572528000.0,197035000.0,318198000.0,107699000.0,-578975000.0,2248094000.0,2083832000.0,15.753147555217886,2.9057172583551147,0.052734648297101866,0.06718610185052014,0.008399841785919368,15.753147555217886,0.0078604259804863,10.208076212271884,61.57811986413937,1.9361210128383226,0.8083707680508382,1.2065664490849497,0.0032818912376439777,0.14886931998315456,2.1389600832339433,0.006169680754340982,-29.0616629608563,0.4099451929145836,-0.3333333333333333,2.077939139632342,0.4452414656883223,0.6881548570647694,0.062304379544866215,-0.3009879757984223,0.3662103881492593,-0.3846254236275732,0.22807127311786055,0.9214724311761802,Medical Instruments & Supplies,Healthcare,AZTA
2020Q1,2020,Q1,2020-02-06,2019-12-31,13057000.0,210500000.0,10666000.0,0.18,84986000.0,0.4037339667458432,1558958000.0,1158695000.0,663469000.0,282952000.0,400263000.0,105181000.0,-580724000.0,3061905047.0280004,2797857047.0280004,15.878624677958669,2.344811134043937,0.0457170751232554,0.06150971567150976,0.011004493154068255,15.878624677958669,0.011268711783515075,14.54586720678385,58.625738052921804,2.6425461808569124,0.5643716014398407,1.1933143818750536,0.0024066716265916306,0.1350260879382254,1.8085328960389042,0.008375466176766789,189.8384925927212,0.4037339667458432,-0.968365553602812,5.393184200162795,0.577664502142183,0.6902075756844179,0.06028395338972478,-0.9683333090806788,0.005183300348694751,-0.10758632155216404,0.24762729057370872,0.9867881357742578,Medical Instruments & Supplies,Healthcare,AZTA
2019Q4,2019,Q4,2019-12-17,2019-09-30,412326000.0,199211000.0,10611000.0,5.69,80154000.0,0.4023572995467118,1515999000.0,1138954000.0,647145000.0,272270000.0,377045000.0,99445000.0,-586412000.0,2676269117.7269998,2425771117.7269998,15.759052481562962,2.3768501854776507,0.033736170010666235,0.0449043596141723,0.009888769517246439,15.759052481562962,0.3620216444211092,13.434344076014877,1.622665753388702,2.349760497550384,0.017551646027657727,1.1972145407008898,0.002704137619069679,0.13140575950247987,1.8414368090498403,0.2719830290125521,109.93547148073446,0.4023572995467118,55.900000000000006,1536.6213443382017,0.5037558174629447,0.6384400228774617,-0.04018680397557179,55.84119106699752,-0.3538939292455702,36.17469231710667,0.2022120238637637,0.9558427431018143,Medical Instruments & Supplies,Healthcare,AZTA
2019Q3,2019,Q3,2019-08-02,2019-06-30,7254000.0,203880000.0,16423000.0,0.1,83510000.0,0.4096036884441829,1492860000.0,738126000.0,526884000.0,174992000.0,754734000.0,104786000.0,-991499000.0,2881744815.624,3265966815.624,10.225051255056242,3.0109033555819695,0.362441220208191,0.7330374488908398,0.001445330873508448,10.225051255056242,0.009827590411393177,14.134514496880518,99.31571600578991,3.9041367132765954,0.9965536255858837,1.1487221575401294,0.0025085496678284697,0.13657007355009848,1.8286093078540733,0.004859129456211567,95.6119713213006,0.4096036884441829,1.0,-0.7259499577708305,0.6063899974463993,0.03832791703242354,0.0371851557454419,1.120432622040339,0.201214160327677,-0.19473796260928222,0.3137684874742777,0.2921800140538247,Medical Instruments & Supplies,Healthcare,AZTA
2019Q2,2019,Q2,2019-05-03,2019-03-31,3421000.0,198390000.0,13672000.0,0.05,80516000.0,0.4058470689046827,1487877000.0,729911000.0,509490000.0,178330000.0,757966000.0,108512000.0,-991525000.0,2159426847.923,2565707847.923,10.126822703497648,2.8570066730219255,0.365284227123613,0.7446085892663626,0.007870862102455418,10.126822703497648,0.004686872783120134,10.884756529678915,157.80669745125692,2.9584796611134783,2.1107863197895353,1.0862761722205838,0.003343942864721428,0.13333763476416396,1.6874165872259295,0.002299249198690483,219.2534113029749,0.4058470689046827,-0.7500000000000001,-0.0080816109899332,0.4570398639183673,0.06524104551980933,0.11702112900764418,-0.7626777662157475,1.5636602287642978,1.0387648449504563,0.39486359793440273,0.29054613825900505,Medical Instruments & Supplies,Healthcare,AZTA
2019Q1,2019,Q1,2019-02-08,2018-12-31,14415000.0,179368000.0,5333000.0,0.2,72081000.0,0.401860978546898,1496731000.0,730195000.0,520802000.0,191080000.0,766536000.0,110070000.0,-987725000.0,1870561000.0,2275579000.0,10.21966410076977,2.7255704416998117,0.3613267848397608,0.7406364053437781,0.06030156279833563,10.21966410076977,0.019741301980977684,10.428621604745551,32.44122441900798,2.561728031553215,0.5000346860908775,0.9747160897610612,0.0038533894377141406,0.119839837619452,1.571776219384551,0.009630989135656307,691.7755177514792,0.401860978546898,0.3333333333333335,2.8825656682345637,0.3370377142453755,0.07340338930971131,28.895123839009287,0.39248454404945904,1.1335620726790052,3.9572271390871894,0.4258136444273671,0.12258553253359913,Medical Instruments & Supplies,Healthcare,AZTA
2018Q4,2018,Q4,2018-11-29,2018-09-30,10352000.0,11492000.0,-39929000.0,0.15,-2584000.0,-0.22485207100591717,1095257000.0,717832000.0,564056000.0,164617000.0,377425000.0,96986000.0,-994074000.0,2436374140.681,2434737140.681,10.155940068759639,3.426474786929661,0.17901825781528902,0.27314329815332833,-0.03400542671981899,10.155940068759639,0.01442120161820593,212.00610343552037,58.83824721505507,3.3940729038006108,0.6842156105100463,0.14513434928752603,0.00290718895826903,0.010492514542248988,2.242666310283871,0.009451662943035288,87.83208265189806,-0.22485207100591717,-0.53125,0.610777261653382,-0.9090311410733926,0.06312133023289017,-1.028961791506484,-0.5443060263238984,-2.496645301548034,0.5081920246413698,-0.9246163535640715,0.08594941446729691,Medical Instruments & Supplies,Healthcare,AZTA
2018Q3,2018,Q3,2018-08-07,2018-06-30,22717000.0,223480000.0,26679000.0,0.32,89221000.0,0.3992348308573474,1091430000.0,712220000.0,541880000.0,164898000.0,378334000.0,132298000.0,-997342000.0,2302841449.404,2319935449.404,10.088673579239616,3.286152651942413,0.18001154448750722,0.2758557749010137,0.025407307900939438,10.088673579239616,0.03189604335738957,10.3044632602649,25.342710848747632,3.2333288161017664,0.31152881102258223,1.0148225974693494,0.0030731599007094487,0.20475889429464098,2.2932358185059853,0.0208139779921754,146.80871155195715,0.3992348308573474,-0.6631578947368421,12.763764347860425,0.7706196893967834,0.06922658365533225,0.059266998302247444,-0.6610414801551776,0.12007221125991856,1.8259262706637143,0.4737230446697691,0.07809467229491357,Medical Instruments & Supplies,Healthcare,AZTA
2018Q2,2018,Q2,2018-05-02,2018-03-31,67020000.0,207260000.0,23819000.0,0.95,84229000.0,0.4063929364083759,1066541000.0,697833000.0,529569000.0,158416000.0,368708000.0,126594000.0,-1012983000.0,1901557599.9999998,1904411599.9999998,9.937809740814583,3.3429009695990306,0.1845873716997284,0.2821162083191824,0.08041098842174647,9.937809740814583,0.09604017006934323,9.17474476502943,7.093246792002387,2.7249465129909303,0.10546105640107431,0.9718549062356826,0.0037169528811538503,0.1943291444023249,2.374583375416625,0.06283865317882763,110.32476212578322,0.4063929364083759,3.1304347826086953,117.88916035529334,0.6676245190585974,0.04499924355171753,0.11984311639965432,3.0652674996967124,0.14294625719769674,22.724124979605122,0.4277071898957121,0.06496569804456924,Medical Instruments & Supplies,Healthcare,AZTA
2018Q1,2018,Q1,2018-02-05,2017-12-31,16486000.0,189328000.0,20840000.0,0.23,75215000.0,0.39727351474689426,987677000.0,626004000.0,496859000.0,149405000.0,361673000.0,115033000.0,-1072935000.0,1673864550.0,1668794550.0,8.919595913540316,3.325584819785148,0.1997302761935329,0.3151241845100031,0.021108434500806496,8.919595913540316,0.02633529498214069,8.841082935434802,25.383121284726435,2.6738879464028984,0.42806017226737836,0.9920022949936105,0.004215992267713657,0.19169019831382123,2.389772765302366,0.016691691717028948,3243.923546511628,0.39727351474689426,-0.07999999999999996,2.6675726207499846,0.8043940275305268,-0.08137424425049457,0.01143010824984872,-0.051765788565512484,0.19901041367009953,6.76734093660735,0.4753726283255396,-0.05054947195541609,Medical Instruments & Supplies,Healthcare,AZTA
2017Q4,2017,Q4,2017-11-17,2017-09-30,17386000.0,181880000.0,17381000.0,0.25,74365000.0,0.4088684847151968,766628000.0,607644000.0,352011000.0,146778000.0,158984000.0,106395000.0,-1082364000.0,2119370949.808,2017748949.808,8.704503781801513,2.398254506806197,0.0,0.0,0.02494136198298108,8.704503781801513,0.028612147902390216,11.652578347305916,30.475252355458412,3.4878497110281677,0.402622799953986,1.0105268104704168,0.003302866825004915,0.23724674809686053,1.5157448663968716,0.02267853509133504,73.09940157306936,0.4088684847151968,0.0,-0.8598533744493649,0.4264450875434344,-0.12243213947012249,0.03902364052981613,0.00207492795389049,-0.07400106553010123,66.12421813194531,0.42141154042974505,-0.09500857414637182,Medical Instruments & Supplies,Healthcare,AZTA
2017Q3,2017,Q3,2017-08-04,2017-06-30,17350000.0,181717000.0,18770000.0,0.25,71572000.0,0.3938651859759956,746771000.0,589772000.0,365364000.0,145259000.0,156999000.0,105304000.0,-1092749000.0,1512031659.711,1394950659.711,8.4602430032563,2.5152589512525902,0.0,0.0,0.025495092835692255,8.4602430032563,0.029418148030086202,8.320804656201677,21.787199707651297,2.563756264642947,0.40270893371757926,1.045971662994758,0.004620934988448225,0.24333698014518507,1.6373856353134746,0.023233360695581375,93.51423462867214,0.3938651859759956,0.24999999999999994,1.0233196092941963,0.2113967106590801,0.05181512749718385,0.10923067385778935,0.23884327026062122,0.26815755692182963,-0.3212411609690829,0.4826396889828829,-0.14088386688376248,Medical Instruments & Supplies,Healthcare,AZTA
2017Q2,2017,Q2,2017-05-05,2017-03-31,14005000.0,169333000.0,14801000.0,0.2,64524000.0,0.38104799418896496,722179000.0,570614000.0,337227000.0,139773000.0,151565000.0,99104000.0,-1103112000.0,1559040000.0,1455101000.0,8.198477011494253,2.4126762679487457,0.0,0.0,0.01988257862073921,8.198477011494253,0.024543737097232104,9.206947257770192,27.83006069260978,2.7322147721577106,0.4983220278471974,1.0575657894736843,0.004476472701149425,0.23447510935654456,1.5783091154944089,0.0193926990399887,67.19131146834461,0.38104799418896496,0.0,0.3796150739989483,0.1356201373268596,0.022106555500619716,0.13313313313313313,0.009660442650133372,0.12461059190031153,3.205265721247247,0.28789578460372656,-0.13760174547364257,Medical Instruments & Supplies,Healthcare,AZTA
2017Q1,2017,Q1,2017-02-07,2016-12-31,13871000.0,159955000.0,13161000.0,0.2,56943000.0,0.3559938732768591,692307000.0,552902000.0,306190000.0,128264000.0,139405000.0,92519000.0,-1110138000.0,1180919670.0,1097974670.0,7.992107659617525,2.3871858042786753,0.0,0.0,0.019278422976239402,7.992107659617525,0.02508762854900145,7.382824356850364,21.283967810539977,2.1358571139189224,0.5021988320957393,1.1134145418778845,0.005898792421672509,0.23104634215745326,1.5455622778020333,0.020035908924797813,79.03357448802035,0.3559938732768591,0.3333333333333335,3.334557127888336,0.24640960034017795,0.0074441885166029705,0.006700374796690474,0.31528541627157214,0.26511583197154664,2.8585784344715166,0.231436182238961,-0.16056385366761872,Medical Instruments & Supplies,Healthcare,AZTA
2016Q4,2016,Q4,2016-11-29,2016-09-30,10546000.0,157553000.0,10403000.0,0.15,56564000.0,0.3590156963053703,685905000.0,553690000.0,299334000.0,119793000.0,132215000.0,92572000.0,-1117044000.0,935251980.0,850165980.0,8.057423091475306,2.498760361623801,0.0,0.0,0.017419229996506722,8.057423091475306,0.019046759016778343,5.936110261308893,22.17077517542196,1.6891256479257344,0.6533282761236487,1.0909238214578922,0.007366998570802278,0.22970090610215702,1.598565859440869,0.015375307076052806,46.75324835032993,0.3590156963053703,0.25,-0.17783478350651202,0.13475673767726068,0.008124772744677272,0.04432915458892602,0.23143390938813638,0.2247468801506946,0.6878395849486851,0.2827912269528518,-0.15655091530048637,Medical Instruments & Supplies,Healthcare,AZTA
2016Q3,2016,Q3,2016-07-28,2016-06-30,8564000.0,147534000.0,8494000.0,0.12,54163000.0,0.3671221548931094,682321000.0,543055000.0,293224000.0,122049000.0,139266000.0,98157000.0,-1120700000.0,770006160.0,703890160.0,7.913023838666433,2.402510467107473,0.0,0.0,0.015231736075103476,7.913023838666433,0.015770041708482566,5.219177681076904,22.477993928070994,1.41791560707479,0.8027790751985053,0.9512413786077406,0.008928500000571422,0.21622374219758736,1.3701464166031676,0.01255127718478546,62.02724021266312,0.3671221548931094,1.0983606557377048,-0.8780678318490384,-0.2531217240146587,-0.0032947763119977958,0.15732905982905984,1.1020264716043793,2.3399589840668877,4.337546367726764,0.20242361165173092,-0.16135502066286445,Medical Instruments & Supplies,Healthcare,AZTA
2016Q2,2016,Q2,2016-04-28,2016-03-31,-83939000.0,135281000.0,-6339000.0,-1.22,46800000.0,0.3459465852558748,684395000.0,537954000.0,295706000.0,128356000.0,146441000.0,100738000.0,-1122389000.0,712982400.0,650820400.0,7.846928058813233,2.303795693228209,0.0,0.0,-0.15515079913982724,7.846928058813233,-0.15603378727549197,5.2703809108448345,-2.123513503853989,1.3253594173479517,-0.08213107137325915,0.8783279398042447,0.00966924288734196,0.19766509106583185,1.2968073171491787,-0.12264700940246495,77.97270341207349,0.3459465852558748,-16.428571428571427,-3.971317696064713,-0.3391734239930087,0.1404958247179345,0.15401686640035508,-17.059165232358005,0.23810096153846153,-148.95086021445906,0.11489749083004235,-0.17486507595461023,Medical Instruments & Supplies,Healthcare,AZTA
2016Q1,2016,Q1,2016-02-03,2015-12-31,-4648000.0,119955000.0,-8320000.0,-0.07,40554000.0,0.338076778792047,749034000.0,620234000.0,297038000.0,116155000.0,128800000.0,99894000.0,-1031566000.0,727628400.0,672056400.0,9.103684133274623,2.5572553915027334,0.0,0.0,-0.00788583854292072,9.103684133274623,-0.007493945833346769,6.06584469175941,-39.13663941480207,1.1731514234950033,-1.472461273666093,0.7948525436963181,0.009405900044583197,0.16014626839369106,1.3645731996039774,-0.006205325792954659,-48.955688622754494,0.338076778792047,-1.7,-1.1866722103161003,-0.36565363700755643,0.41539985642686045,-0.23200454502414544,-1.7082127076032303,-1.8199467823001871,0.5156836626180924,0.17768306034493894,-0.06241506923660241,Medical Instruments & Supplies,Healthcare,AZTA
2015Q4,2015,Q4,2015-11-05,2015-09-30,6563000.0,145765000.0,10147000.0,0.1,52805000.0,0.36226117380715533,759654000.0,632045000.0,373477000.0,114251000.0,127609000.0,100619000.0,-1020065000.0,791396930.0,710674930.0,9.35212997351405,3.268916683442596,0.0,0.0,0.012785184236167988,9.35212997351405,0.010383754321290415,5.429265804548417,30.146157626085632,1.2521211780806747,1.030473868657626,0.9238811755235095,0.008545648515467453,0.19188341007879903,2.076051850749665,0.008639459543423716,65.64885358772294,0.36226117380715533,-0.09090909090909087,-0.7418682135376189,-0.2368947847414716,0.5457117870656568,0.03160958837204759,-0.1455539643275615,-0.0022615535889872174,-0.9453546636118321,0.1808401156556298,-0.05713997052736191,Medical Instruments & Supplies,Healthcare,AZTA
2015Q3,2015,Q3,2015-08-06,2015-06-30,7681000.0,144894000.0,10170000.0,0.11,51187000.0,0.3532720471517109,770373000.0,631226000.0,370843000.0,119162000.0,139147000.0,95167000.0,-1019853000.0,772348300.0,700608300.0,9.357873513801998,3.112091102868364,0.010293714862800228,0.01256285387484039,0.010823939856434706,9.357873513801998,0.012168383431607697,5.33043673306003,25.13827301132665,1.2235685792410325,0.8786616325999219,0.9846585476057877,0.008738285563650494,0.188082915678509,2.032510364042228,0.009970494812253285,54.314226441631504,0.3532720471517109,1.7500000000000002,-0.5604536340017013,-0.12361709978229365,0.6734752487493956,0.11215643671917436,1.83327185540391,2.331149688830658,-0.0742869609759266,-0.0017602993949458708,0.1634125543715172,Medical Instruments & Supplies,Healthcare,AZTA
2015Q2,2015,Q2,2015-04-30,2015-03-31,2711000.0,139313000.0,3053000.0,0.04,46025000.0,0.33037117856912135,756955000.0,628827000.0,361452000.0,107553000.0,128128000.0,90558000.0,-1020785000.0,783710810.0,718588810.0,9.331577307195749,3.360687289057488,0.010639998414701006,0.012807974212303225,0.0030338232295198534,9.331577307195749,0.004311201650056375,5.625539684020874,72.27137679822944,1.2463059156174912,2.4894872740686096,1.0301464254952628,0.008611594881535447,0.1840439656254335,2.2052569430885236,0.0035814546439352406,-5122.292875816994,0.33037117856912135,2.0,-0.8781765179030956,-0.1126081745405031,0.7376081904003408,0.17747134670487105,1.9915874177029993,1.4711419753086419,-0.7241725702800844,-0.035024595588210555,0.16337050472588022,Medical Instruments & Supplies,Healthcare,AZTA
2015Q1,2015,Q1,2015-02-05,2014-12-31,-2734000.0,122736000.0,-6480000.0,-0.04,39088000.0,0.31847216790509714,757147000.0,630614000.0,339551000.0,104655000.0,126533000.0,94936000.0,-1016738000.0,855856500.0,786274500.0,9.39448201888985,3.244479480196837,0.01079975222777083,0.012966727665418148,-0.004151943680050916,9.39448201888985,-0.004335457189342451,6.973149687133359,-78.26047000731529,1.357179669338137,-2.461960497439649,0.8810988455380467,0.007864636186089609,0.16210326396327265,2.0264870288089436,-0.0036109236383423562,586.6048663468129,0.31847216790509714,-11.955902492467818,0.07620823829716647,0.09148332182342503,0.8645200057151632,-0.05589101975749964,-12.024193548387096,-9.077760497667185,-1.8805044119929628,-0.01433122789668372,0.18422032299139943,Medical Instruments & Supplies,Healthcare,AZTA
2014Q4,2014,Q4,2014-11-13,2014-09-30,248000.0,122517000.0,-643000.0,0.003651,41402000.0,0.33792861398826285,778038000.0,642889000.0,374313000.0,113841000.0,135149000.0,93567000.0,-1007265000.0,702488400.0,616672400.0,9.618327348892878,3.2880333096160435,0.010665288841933171,0.012907360368586179,0.0005008289932797464,9.618327348892878,0.00038575866129300705,5.733803472171209,708.153629032258,1.0927055837010744,27.141129032258064,0.8669188923445231,0.009581652878538635,0.15746917245687228,2.12884637345069,0.0003187504980476532,62.11764081704837,0.33792861398826285,-0.9898583333333333,1.016232858749446,0.8132249219050833,0.9106513164134727,0.01609973985176459,-0.9898676254289916,0.8912013536379019,-0.9801227141717862,-0.09279274044794285,0.20342123811834398,Medical Instruments & Supplies,Healthcare,AZTA
2014Q3,2014,Q3,2014-07-31,2014-06-30,24476000.0,117359000.0,-5910000.0,0.36,40746000.0,0.3471910974019888,796005000.0,657338000.0,392780000.0,116252000.0,137820000.0,103069000.0,-1000820000.0,718908270.0,611779270.0,9.847612769846144,3.3786945600935896,0.01057531045659261,0.012806197116247654,-0.004380823548139682,9.847612769846144,0.03723502977159392,6.125719118261062,7.34299180830201,1.0936660743787823,0.21833632946559894,0.7433175833664827,0.007433493566571435,0.14743500354897268,2.197037470323091,0.030748550574431065,179.77201050262565,0.3471910974019888,6.199999999999999,1.897546079619118,1.5249220105560903,0.8676271903804896,-0.08018420696193959,6.675133270617748,-3.46661101836394,-0.6417174566001216,-0.38917377191811187,0.24038133698033437,Medical Instruments & Supplies,Healthcare,AZTA
2014Q2,2014,Q2,2014-05-08,2014-03-31,3189000.0,125900000.0,2396000.0,0.05,44298000.0,0.3518506751389992,767221000.0,633577000.0,369339000.0,112864000.0,132820000.0,93750000.0,-1019945000.0,728440780.0,651696780.0,9.506602046634457,3.2724252197334844,0.011127171962185602,0.01347428962856922,0.002164637595632931,9.506602046634457,0.00503332665169348,5.785867990468626,57.10573690812166,1.1497273101769792,1.696142991533396,0.8704213333333334,0.007425449190255384,0.164098740780036,1.9403441309895095,0.0041565598439041685,28.56966623524336,0.3518506751389992,0.0,1.0197129657423105,2.182865398158413,0.6601214845756582,-0.007883538633818589,-0.07511600928074245,-0.3921867072552004,-0.8838788845305633,-0.3673728782265994,0.38171777033997006,Medical Instruments & Supplies,Healthcare,AZTA
2014Q1,2014,Q1,2014-02-06,2013-12-31,3448000.0,124587000.0,3942000.0,0.05,44650000.0,0.35838410106993507,729669000.0,631753000.0,320956000.0,85533000.0,97168000.0,96701000.0,-1017798000.0,696063950.0,618048950.0,9.520804762263582,3.752423041399226,0.0,0.0,0.003854435982718169,9.520804762263582,0.005457829246556803,5.586970952025492,50.46867386890951,1.1017976171066857,1.5635150812064966,0.8266408827209646,0.007744978029676727,0.17074454307364023,2.326166508832848,0.0047254302978473805,93.331181281845,0.35838410106993507,-0.4444444444444444,1.0927950665441661,0.601683396408991,0.16562336054265744,0.10176183191037852,-0.42676641729010806,5.287081339712919,-0.8578176974631374,-0.32353463929177284,0.48025189541904467,Medical Instruments & Supplies,Healthcare,AZTA
2013Q4,2013,Q4,2013-11-22,2013-09-30,6015000.0,118236000.0,627000.0,0.09,40526000.0,0.34275516763084,736763000.0,631956000.0,330119000.0,92561000.0,104107000.0,97719000.0,-1015991000.0,615884430.0,532913430.0,9.552945444651037,3.566502090513283,0.0,0.0,0.0021874797057965583,9.552945444651037,0.009518067713574996,5.208941692885416,25.597856608478807,0.9745685300875377,0.8879467996674979,0.7952394109640909,0.008672081546208271,0.16048037157131942,2.2293838657750022,0.008164090759172217,25.84817350065052,0.34275516763084,3.4999999999999996,1.026384286887076,0.04778549697629462,0.10425665375664374,0.02116615431134405,2.8957253886010363,-0.8571753986332574,-0.7583077990253088,-0.36763355702996026,0.5789023908789773,Medical Instruments & Supplies,Healthcare,AZTA
2013Q3,2013,Q3,2013-08-08,2013-06-30,1544000.0,118072000.0,4390000.0,0.02,39686000.0,0.3361169455925198,720430000.0,623129000.0,311352000.0,84056000.0,96598000.0,92800000.0,-1016676000.0,651164260.0,589276260.0,9.435487045926015,3.7041020272199487,0.0,0.0,0.0018648768128740783,9.435487045926015,0.0024778175947516483,5.5149761162680395,105.43462759067357,1.0449911013610345,3.4423575129533677,0.844676724137931,0.008162303010917707,0.16389100953597158,2.2529385171790235,0.002143164498979776,55.36640251679279,0.3361169455925198,3.0,1.141469691896332,-0.09922270131034491,-0.22807220572965234,0.08396154266360756,3.869888475836431,5.516460905349795,-0.909753931304233,-0.2705685564553019,0.687354932502974,Medical Instruments & Supplies,Healthcare,AZTA
2013Q2,2013,Q2,2013-05-09,2013-03-31,-538000.0,116619000.0,-972000.0,-0.01,36612000.0,0.31394541198261006,721762000.0,626596000.0,306742000.0,81513000.0,94487000.0,96601000.0,-1012861000.0,659548890.0,599427890.0,9.509872664632944,3.763105271551777,0.0,0.0,-0.001233604154146258,9.509872664632944,-0.0008586074599901691,5.655586911223729,-306.48182620817846,1.05259032933501,-9.964684014869889,0.8282212399457562,0.008128282954126417,0.16157542236914663,2.207108068651626,-0.0007453980675070175,61.66890042075736,0.31394541198261006,0.9285714285714285,0.9398171113406306,-0.23448468599738756,-0.2146923657459626,0.2556416763838398,0.9417496751840624,0.9255970606246172,-1.0247256076263427,-0.24027520884712625,0.7708080946817238,Medical Instruments & Supplies,Healthcare,AZTA
2013Q1,2013,Q1,2013-01-31,2012-12-31,-9236000.0,98025000.0,-13064000.0,-0.14,29158000.0,0.29745473093598573,724829000.0,636637000.0,300729000.0,74207000.0,87540000.0,105123000.0,-1007027000.0,527814350.00000006,472891350.00000006,9.709716778257356,4.052569164634064,0.0,0.0,-0.0146746705767336,9.709716778257356,-0.01450748228582379,5.3844871206324925,-14.286876082719795,0.8290664067592679,-0.5750324815937635,0.6551087773370242,0.010062250107447816,0.13523879425354118,2.248103278666433,-0.012742315773789405,118.05286289420712,0.29745473093598573,-1.0790960451977403,-5.8605211676971045,-0.3010903440041885,-0.19377533389077078,-0.24474836169606548,-1.079472022165432,-0.5116871094654015,-2.194956536149656,-0.10754270257920509,0.9270845530904932,Medical Instruments & Supplies,Healthcare,AZTA
2012Q4,2012,Q4,2012-11-21,2012-09-30,116217000.0,119449000.0,-8642000.0,1.77,38607000.0,0.3232090683053018,741960000.0,648666000.0,347489000.0,81191000.0,92659000.0,102985000.0,-992524000.0,510096600.0,455457600.0,9.918895362172577,4.279895554926038,0.0,0.0,0.19017732864238915,9.918895362172577,0.17916308238754614,4.270413314468937,1.0972934252303879,0.7863778893914587,0.04503644045191323,0.7849881050638442,0.010260801581504365,0.16099115855302173,2.699067630648717,0.15663512857836,434.1247659574468,0.3232090683053018,13.75,95.98481964891427,-0.24187027967716876,-0.20270806977171252,-0.1650735294117647,13.47645739910314,-2.0380780780780783,8.774842578776147,0.806826531142041,0.970358233158279,Medical Instruments & Supplies,Healthcare,AZTA
2012Q3,2012,Q3,2012-08-09,2012-06-30,8028000.0,140437000.0,8325000.0,0.12,46240000.0,0.32925795908485656,645323000.0,524949000.0,354444000.0,99125000.0,119775000.0,106819000.0,-1103435000.0,616092160.0,554528160.0,8.043469600392253,3.5757276166456493,0.0,0.0,0.014086411669585238,8.043469600392253,0.01529291416880497,4.3869646887928395,19.185729945191827,1.1736228852707595,0.6573243647234679,0.8818375008191427,0.008565276987131276,0.21762280284446703,2.385543505674653,0.012440281843355962,69.24717994829717,0.32925795908485656,-0.14285714285714296,-0.5958113254295573,-0.15212985285251662,-0.37484830822802084,-0.04229319415102937,-0.15370018975332067,-0.0106951871657754,1.3010979245100776,2.0902755071872186,0.5254664132093169,Medical Instruments & Supplies,Healthcare,AZTA
2012Q2,2012,Q2,2012-05-10,2012-03-31,9486000.0,139337000.0,8415000.0,0.14,48282000.0,0.34651241235278496,636676000.0,521680000.0,348637000.0,93466000.0,114394000.0,105065000.0,-1108720000.0,801918540.0,720763540.0,8.021156862142131,3.7300943658656625,0.0,0.0,0.017361335454072313,8.021156862142131,0.018183560803557736,5.755244766286054,21.13426470588235,1.5371847492715842,0.5541851149061775,0.8666539761100271,0.006555528694971936,0.2188507184187876,2.4897181862923414,0.014899258021348378,56.207930188546996,0.34651241235278496,1.8,-0.8988295446896234,-0.17826146488856245,-0.35941647293355256,0.19637237653938597,2.164109406270847,4.7518796992481205,1.0600879626952553,2.6096567809183107,0.40072075939139673,Medical Instruments & Supplies,Healthcare,AZTA
2012Q1,2012,Q1,2012-02-09,2011-12-31,2998000.0,120228000.0,1463000.0,0.05,40357000.0,0.335670559270719,621804000.0,514157000.0,316304000.0,84428000.0,107050000.0,102612000.0,-1112786000.0,665619240.0,616406240.0,7.933052521138061,3.7464348320462406,0.0,0.0,0.0032556363468809486,7.933052521138061,0.0058309037900874635,5.536308014771933,55.50527351567712,1.2945836388496121,1.729486324216144,0.7783787471250926,0.007789738770171367,0.19335353262442828,2.3968588619889135,0.004821454992248361,218.52240315167433,0.335670559270719,-0.736842105263158,-0.8441424219612466,-0.2769129235659616,-0.28269390337958844,-0.1423987419779846,-0.7521904447016036,-0.789647735442128,1.0826052194096019,0.5824419888061745,-0.02876368437872744,Medical Instruments & Supplies,Healthcare,AZTA
2011Q4,2011,Q4,2011-11-28,2011-09-30,12098000.0,130951000.0,6955000.0,0.19,47058000.0,0.3593557895701446,636620000.0,518009000.0,320524000.0,95739000.0,118022000.0,107654000.0,-1110599000.0,528217800.0,469384800.0,7.992485959390236,3.347893752807111,0.0,0.0,0.0005587705540859985,7.992485959390236,0.02335480657671971,4.033705737260502,10.915395106629196,1.0197077656951907,0.0,0.77928363089156,0.0,0.20569727624014325,2.1018498208671494,0.0190034871665986,29.120557913887204,0.3593557895701446,-0.8137254901960785,-0.13600621907574464,-0.28340075481173116,-0.25394303065479057,-0.17398630858346498,-0.8172038136681625,-0.6863160743279813,1.0541648356501618,0.18447416844675388,-0.07612203462807282,Medical Instruments & Supplies,Healthcare,AZTA
2011Q3,2011,Q3,2011-08-04,2011-06-30,66183000.0,186136000.0,22172000.0,1.02,56970000.0,0.3060665319981089,626359000.0,513411000.0,384930000.0,90156000.0,112387000.0,93525000.0,-1117395000.0,702294480.0,569179480.0,7.939181666357395,4.269599361107414,0.0,0.0,0.04526345197950675,7.939181666357395,0.12890841840163145,3.7730180083379894,2.6528507320611032,1.3678991685024278,0.0,1.3810852713178294,0.0,0.2971714304416477,3.110896667997693,0.10566304627218576,25.71282832350895,0.3060665319981089,1.487804878048781,3.438330470125765,0.15054456857297155,-0.24142531663645694,-0.07627201089600155,1.4894865525672372,-0.17086122433716017,7.192795974806392,0.45019065035111955,-0.3504866296574532,Medical Instruments & Supplies,Healthcare,AZTA
2011Q2,2011,Q2,2011-05-05,2011-03-31,26585000.0,192651000.0,26741000.0,0.41,61674000.0,0.3201332980363455,565283000.0,443888000.0,355289000.0,99041000.0,120840000.0,126615000.0,-1183578000.0,885804680.0,826476680.0,6.880277760555521,3.5872921315414827,0.0,0.0,0.06253247064774234,6.880277760555521,0.059891233824748584,4.597976029192685,8.329929283430506,1.9955589698302274,0.0,1.0344508944437862,0.0,0.34080451738332834,2.2062984016720346,0.047029540955592156,44.969269976647375,0.3201332980363455,0.13888888888888887,6.041804534551165,0.31270196736826794,-0.32498138320613124,0.07597829689980634,0.13195094950183087,0.12693328838130558,4.037196573296656,0.2915205498098115,-0.4318394323778183,Medical Instruments & Supplies,Healthcare,AZTA
2011Q1,2011,Q1,2011-02-04,2010-12-31,23486000.0,178367000.0,23729000.0,0.36,57319000.0,0.3213542863870559,536575000.0,413332000.0,336146000.0,101694000.0,122706000.0,127143000.0,-1210163000.0,582865410.0,520553410.0,6.431881487014301,3.3054654158554095,0.0,0.0,0.05506175656031707,6.431881487014301,0.05682115103597108,3.267787258853936,6.204392084646172,1.4101627989122545,0.0,0.9520618516158971,0.0,0.3324176489773098,1.9724565854426024,0.04377020919722313,36.32691866625117,0.3213542863870559,-0.027027027027027053,3.1538374322977294,0.4428861381052976,-0.43224968240197204,0.03850056165525238,-0.02854070152217075,0.06217547000895255,18.799448985168716,0.2975467514228984,-0.46594307303236204,Medical Instruments & Supplies,Healthcare,AZTA
2010Q4,2010,Q4,2010-11-23,2010-09-30,24176000.0,181632000.0,22340000.0,0.37,55194000.0,0.3038781712473573,518224000.0,388815000.0,327331000.0,108155000.0,128872000.0,115787000.0,-1233649000.0,431204730.0,371381730.0,6.050371131133001,3.026499006056123,0.0,0.0,0.058758253560380516,6.050371131133001,0.06217867109036431,2.374057049418605,4.459016483289212,1.1090228772038115,0.0,1.0919878742864053,0.0,0.3504893636728519,1.8594332208404605,0.04665164098922474,51.17549608355091,0.3038781712473573,0.423076923076923,4.265703947420899,0.8089041177734846,0.2910166256925941,0.2023526848927132,0.45884624668114893,0.3526277549043352,21.107858441683334,0.17314096238313878,-0.5136643848330773,Medical Instruments & Supplies,Healthcare,AZTA
2010Q3,2010,Q3,2010-08-05,2010-06-30,16572000.0,156790000.0,16516000.0,0.26,45905000.0,0.2927801517953951,492930000.0,357707000.0,305997000.0,112336000.0,134818000.0,116896000.0,-1257825000.0,494480370.0,439493370.0,5.591880442089137,2.723944238712434,0.0,0.0,0.04626850121562212,5.591880442089137,0.04632841962835505,3.153774921870017,7.45957594134685,1.3823614578411942,0.0,0.9485782233780454,0.0,0.31807761751161423,1.5671022646346675,0.03361937800499057,62.78318562722194,0.2927801517953951,-0.21212121212121213,11.589174082600147,-0.030468156340847083,-0.20423443909563568,0.17856225930680358,-0.21194540872128964,0.6604001206393888,-0.14875254303168328,-0.03423761277152443,-0.5653898513661083,Medical Instruments & Supplies,Healthcare,AZTA
2010Q2,2010,Q2,2010-05-06,2010-03-31,21029000.0,148353000.0,9947000.0,0.33,38950000.0,0.26254945973455207,472007000.0,341979000.0,269476000.0,106376000.0,129696000.0,103528000.0,-1274397000.0,561648780.0,524124780.0,5.370357574710658,2.533240580582086,0.023510244551457924,0.03244936092567088,0.03259680643219917,5.370357574710658,0.06149207992303621,3.785894319629532,6.677074278377479,1.642348740712149,0.0,1.056747932926358,0.0,0.314302542123316,1.4289783409791683,0.044552305368352585,90.80821018593372,0.26254945973455207,9.25,6.994583656111756,-0.19256793426005528,-0.23754665052017515,0.48403566257715464,8.523792486583185,6.538418708240535,-0.7709342552722532,-0.10641787259048427,-0.571113910880751,Medical Instruments & Supplies,Healthcare,AZTA
2010Q1,2010,Q1,2010-02-05,2009-12-31,-2795000.0,106197000.0,-1796000.0,-0.04,26246000.0,0.2471444579413731,429691000.0,319414000.0,238826000.0,85871000.0,109864000.0,89763000.0,-1295426000.0,543920520.0,496756520.0,5.038552544404833,2.781218339136612,0.0,0.0,-0.007530102266870223,5.038552544404833,-0.008750399168477275,5.121806830701432,-48.65120930232558,1.7028700056979342,0.0,0.8906899279213039,0.0,0.24714736869052412,1.614037335072376,-0.006504674289198517,532.733124387855,0.2471444579413731,0.824998906243164,-1.2021027314676342,-0.3644065677192927,-0.2914783138928162,1.212611701230821,0.8071083505866115,0.8769610193875453,-1.1485543504444082,-0.3470130633220829,-0.5444144043401102,Medical Instruments & Supplies,Healthcare,AZTA
2009Q4,2009,Q4,2009-11-18,2009-09-30,-14490000.0,64085000.0,-14597000.0,-0.22857,11862000.0,0.1850979168292112,413322000.0,319129000.0,221189000.0,70489000.0,93699000.0,84738000.0,-1292631000.0,490035620.0,440805620.0,5.03405685080607,3.1379222290002695,0.026020874765921,0.03370110519570456,-0.04398189270981024,5.03405685080607,-0.0454048362887735,7.646650854334087,-8.454720841959972,1.5355408627858955,0.0,0.6162878519672402,0.0,0.15504860617145955,1.7957269928641348,-0.035057412864546285,-121.56676258992806,0.1850979168292112,0.4425121951219512,-2.2724233755872807,-0.7244641589720665,-0.2808053521317601,2.3414084507042254,0.4371066739181105,0.43608267336295153,-2.0579683839001324,-0.6414653088149244,-0.5300969915109622,Medical Instruments & Supplies,Healthcare,AZTA
2009Q3,2009,Q3,2009-08-06,2009-06-30,-25742000.0,43876000.0,-25885000.0,-0.41,3550000.0,0.08090983681283617,417084000.0,332244000.0,217253000.0,62071000.0,84369000.0,91404000.0,-1278141000.0,282289280.0,229353280.0,5.272793639205853,3.500072497623689,0.0,0.0,-0.07836545450219001,5.272793639205853,-0.07747920203224136,6.433797064454372,-2.7415243570818117,0.8496444781546094,0.0,0.4411841932519365,0.0,0.10519703465009446,1.880105041001434,-0.061718982267361014,-15.871431462948387,0.08090983681283617,0.831275720164609,-2.476719339436124,-0.8001111903498324,-0.22591090386971294,1.1277162181608864,0.8312475826488269,0.8307262715965419,-2.7716932482849725,-0.7216615815762364,-0.4961939487729281,Medical Instruments & Supplies,Healthcare,AZTA
2009Q2,2009,Q2,2009-05-07,2009-03-31,-152543000.0,37299000.0,-152918000.0,-2.43,-27796000.0,-0.7452210515027212,445091000.0,359873000.0,224671000.0,68173000.0,84987000.0,98519000.0,-1252399000.0,289710840.0,240553840.0,5.72644962128445,3.2956008977161044,0.0,0.0,-0.4254489055465853,5.72644962128445,-0.4238800910321141,7.767254886189979,-0.4748019247031985,0.805036332261659,0.0,0.6607354926460886,0.0,0.08380084072695247,1.6888944303463247,-0.34272317346340414,-10.55259124353464,-0.7452210515027212,-3.339285714285714,-18.298217353662334,-0.8089685073725275,-0.13095316327410933,-5.351283656856606,-3.348060314112248,-3.4160217165299755,-42.480425023757476,-0.7390870289887339,-0.43818255061448247,Medical Instruments & Supplies,Healthcare,AZTA
2009Q1,2009,Q1,2009-02-09,2008-12-31,-35083000.0,73443000.0,-34628000.0,-0.56,6388000.0,0.08697901774164998,615265000.0,511733000.0,277296000.0,85350000.0,103210000.0,109559000.0,-1099856000.0,364002310.0,285902310.0,8.167994126191122,3.248927943760984,0.0,0.0,-0.0684223257629399,8.167994126191122,-0.06855723590231624,4.956256008060673,-2.5938653336373743,0.7113129503080708,0.0,0.6120446517401583,0.0,0.11936807716999992,1.7969420035149384,-0.05702095844879849,-19.610080271522467,0.08697901774164998,0.8375021763101387,-1.4298209216914166,-0.4534793526222229,0.11711470114519763,-0.7232595416540311,0.8375094947848157,0.8401639533434573,-2.300149208561856,-0.3906021039721993,-0.2790008229090485,Medical Instruments & Supplies,Healthcare,AZTA
2008Q4,2008,Q4,2008-11-26,2008-09-30,-215908000.0,106870000.0,-216647000.0,-3.4462,23083000.0,0.21599139141012444,663638000.0,541995000.0,338646000.0,102851000.0,121234000.0,105901000.0,-1064773000.0,523762359.99999994,413493359.99999994,8.651019137763164,3.292588307357245,0.0,0.0,-0.3975822220530094,8.651019137763164,-0.39835791843098184,4.900929727706559,-0.6064647442429183,0.9663601324735467,0.0,0.7911823306673214,0.0,0.16103658922484848,2.1289243663163218,-0.32534001970954046,702.0943163538873,0.21599139141012444,-19.271764705882354,-1.6771561162999165,-0.19695201429922016,1.0514759159611895,-0.2000900994559379,-19.909161340306024,-21.52047817047817,-28.915349926342664,0.09172179413756099,0.8459379257856545,Medical Instruments & Supplies,Healthcare,AZTA
2008Q3,2008,Q3,2008-08-07,2008-06-30,-10326000.0,124016000.0,-9620000.0,-0.17,28857000.0,0.23268771771384336,888668000.0,763747000.0,354116000.0,105041000.0,124464000.0,111154000.0,-848865000.0,516734410.0,406772410.0,12.223276731270905,3.3712169533801086,0.0,0.0,-0.013688207168727113,12.223276731270905,-0.013520184040002776,4.1666753483421495,-12.51051738330428,0.6765779898317112,0.0,0.8561005451895568,0.0,0.13955267884069192,2.1475423882103177,-0.011619637479913758,-102.08107664954564,0.23268771771384336,-0.30769230769230776,0.8327477892782467,-0.12921199463630503,1.1862197765421452,-0.20807376711764866,-0.19182825484764543,-0.27993613624268227,-9.030861266834773,-0.2148925008305493,0.7394618438077842,Medical Instruments & Supplies,Healthcare,AZTA
2008Q2,2008,Q2,2008-05-08,2008-03-31,-8664000.0,147647000.0,-7516000.0,-0.13,36439000.0,0.24679810629406626,909803000.0,773316000.0,378770000.0,115473000.0,136016000.0,113304000.0,-838539000.0,620709480.0,507442480.0,12.109741774847711,3.2801607302139892,0.0,0.0,-0.010823352459143804,12.109741774847711,-0.011203699393262262,4.2040101051833085,-17.91059210526316,0.8026595596108189,0.0,0.9815010944009037,0.0,0.1622845824865383,2.1464931196037167,-0.009522940680564914,119.71253230472517,0.24679810629406626,-5.5,0.8272007832714245,-0.08769360705767103,0.9277920172593296,-0.05227704231579495,-5.105708245243129,-1.0390667390124797,-1.462821686795712,-0.1986755244555179,0.7192734467156695,Medical Instruments & Supplies,Healthcare,AZTA
2008Q1,2008,Q1,2008-02-11,2007-12-31,-1419000.0,147833000.0,-3686000.0,-0.02,38449000.0,0.260084013718182,958785000.0,832322000.0,418766000.0,104895000.0,126028000.0,107154000.0,-830246000.0,912943100.0,768384100.0,12.043437997395456,3.9922398589065256,0.0,0.0,-0.007542052930504667,12.043437997395456,-0.0017048690290536596,6.17550276325313,-160.8426885130374,1.0968628727824088,0.0,1.0208111689717603,0.0,0.15418785233394347,2.77688164354831,-0.0014799981226239459,-85.10702899226251,0.260084013718182,-0.06894708711918757,0.9894829806662809,-0.08340616050526714,0.7493514550728816,-0.038462500312601594,-0.09744779582366589,0.282739832652267,-0.025523038731064953,-0.18839296042713932,0.6935492725817941,Medical Instruments & Supplies,Healthcare,AZTA
2007Q4,2007,Q4,2007-11-29,2007-09-30,-1293000.0,166503000.0,-5139000.0,-0.01871,39987000.0,0.24015783499396406,1014838000.0,859779000.0,479521000.0,142797000.0,154596000.0,104794000.0,-828827000.0,1022828000.0,854596000.0,12.440732166111996,3.358060743573044,0.0,0.0,-0.005032574694075743,12.440732166111996,-0.0015038748329512584,6.143000426418743,-197.76256767208045,1.1896405936874477,0.0,1.2072828597057084,0.0,0.16406855084259753,2.4807103790695884,-0.001274094978705961,71.60154007700385,0.24015783499396406,-1.0623666666666667,0.9989896415636889,-0.15104578854211834,0.0,-0.3037990110731945,-1.056613687114147,-1.3597731727807336,-1.1041523421880723,-0.3433241640522807,0.7773553725356379,Medical Instruments & Supplies,Healthcare,AZTA
2007Q3,2007,Q3,2007-08-09,2007-06-30,22839000.0,190461000.0,14284000.0,0.3,57436000.0,0.30156304965320985,1115234000.0,965574000.0,599685000.0,136386000.0,149156000.0,107725000.0,-827534000.0,1362084900.0,1059090900.0,12.866428590464515,4.396968897100876,3.5866912235459105e-06,4.142613616356696e-06,0.01441280248743501,12.866428590464515,0.023653288095992642,7.151516058405658,14.90963811900696,1.4106478633434618,0.0,1.2348572754699467,0.0,0.1707811992819444,3.443828545451879,0.020479110213641263,42.43916186321857,0.30156304965320985,-0.7902097902097902,1.3438764272244001,-0.19090781616380645,0.0,-0.08087694031044967,-0.7881098833811128,-0.08494554772581678,0.10007319888577804,-0.27145507516580464,0.8888966190449323,Medical Instruments & Supplies,Healthcare,AZTA
2007Q2,2007,Q2,2007-05-10,2007-03-31,107787000.0,194926000.0,15610000.0,1.43,62490000.0,0.32058319567425586,1092614000.0,936193000.0,578027000.0,142337000.0,155975000.0,104820000.0,-850373000.0,1282236900.0,1029561900.0,12.52164085279405,4.060975010011452,5.491417829169313e-06,6.4089349097889e-06,0.015259394269304038,12.52164085279405,0.1151333111869027,6.57807013943753,2.9740063736814273,1.3696288051715833,0.0,1.2634611715321504,0.0,0.1784033519614429,3.1664711213528456,0.09865057559211213,96.30018024784079,0.32058319567425586,3.7666666666666666,3.4782423331362984,-0.10066908216332443,0.0,0.04704936161656781,3.8686480870861377,0.0008976660682226212,9.273895040330709,-0.16085458662567104,0.9002860574013974,Medical Instruments & Supplies,Healthcare,AZTA
2007Q1,2007,Q1,2007-02-07,2006-12-31,22139000.0,191368000.0,15596000.0,0.3,59682000.0,0.3118703231470256,999697000.0,824984000.0,435916000.0,162393000.0,174483000.0,105508000.0,-958160000.0,,,,,,,,,,,,,,,,,,,,,,,,,,,,,,,Medical Instruments & Supplies,Healthcare,AZTA
