Quarters,Year,Quarter,FillingDate,Date,NetIncome,Revenue,OperatingIncome,EPSDiluted,GrossProfit,GrossProfitRatio,TotalAssets,CommonStockEquity,CurrentAssets,CurrentLiability,TotalLiability,Inventory,RetainedEarnings,MarketCap,EnterpriseValue,bookValuePerShare,currentRatio,debtToAssets,debtToEquity,roic,shareholdersEquityPerShare,roe,priceToSalesRatio,peRatio,pbRatio,payoutRatio,inventoryTurnover,dividendYield,assetTurnover,quickRatio,returnOnAssets,priceToFreeCashFlowsRatio,grossProfitMargin,epsdilutedGrowth,fiveYNetIncomeGrowthPerShare,fiveYRevenueGrowthPerShare,fiveYShareholdersEquityGrowthPerShare,grossProfitGrowth,netIncomeGrowth,operatingIncomeGrowth,threeYNetIncomeGrowthPerShare,threeYRevenueGrowthPerShare,threeYShareholdersEquityGrowthPerShare,Industry,Sector,Symbol
2023Q1,2023,Q1,2023-04-26,2023-03-31,23163000.0,811616000.0,27426000.0,1.38,84392000.0,0.1039802074,1360237000.0,577565000.0,848342000.0,624845000.0,782672000.0,0.0,427329000.0,2094034180.0,2105242180.0,34.75538572632086,1.357683905608591,0.04282121424428243,0.10084925506220078,0.03510879217837805,34.75538572632086,0.04010457697402024,2.580079963923826,22.601068298579634,3.625625133101902,0.0,0.0,0.0,0.596672491631973,1.3023085725259864,0.017028650154348103,119.36579718406202,0.10398020738871584,-0.05479452054794526,3.030656721738035,1.306381010008275,0.9331578800907984,-0.12337304843719162,-0.0573800512757905,-0.2544243577545195,1.333421732821094,0.5662537005881542,0.5410814344996212,Engineering & Construction,Industrials,MYRG
2022Q4,2022,Q4,2023-02-22,2022-12-31,24573000.0,863956000.0,36785000.0,1.46,96269000.0,0.1114281283,1398858000.0,560200000.0,890291000.0,666960000.0,838658000.0,0.0,404908000.0,1526060250.0,1549569250.0,33.79788838612368,1.3348491663667985,0.053292757377803895,0.13307568725455193,0.037783387331978356,33.79788838612368,0.043864691181720816,1.766363391191218,15.525782871444267,2.7241346840414136,0.0,0.0,0.0,0.6176152261344611,1.263144716324817,0.0175664720793676,23.39721958174905,0.11142812828431077,0.3394495412844035,0.7797176302641923,1.2748908635541965,0.919388579887061,0.11492136288884257,0.3328813191581688,0.3636700648748841,0.9286286883141032,0.5168751177309815,0.541102329373227,Engineering & Construction,Industrials,MYRG
2022Q3,2022,Q3,2022-10-26,2022-09-30,18436000.0,799848000.0,26975000.0,1.09,86346000.0,0.1079530111,1329956000.0,535877000.0,834858000.0,585014000.0,794079000.0,0.0,383526000.0,1411517070.0,1496799070.0,32.16741701182544,1.4270735401204073,0.09101729681282689,0.22588952315550023,0.027523833230806417,32.16741701182544,0.03440341720208182,1.7647316365109371,19.140771723801258,2.634031820734982,0.0,0.0,0.0,0.6014093699340429,1.3710936832280938,0.013862112731549013,-314.08924566088115,0.1079530110721037,-0.05217391304347812,2.509076612559562,1.0971334202823588,0.9253714452998248,0.0678192476070342,-0.06340174761227393,0.027814821870832538,0.7755866626702365,0.3677439439581433,0.5244673393877018,Engineering & Construction,Industrials,MYRG
2022Q2,2022,Q2,2022-07-27,2022-06-30,19684000.0,708114000.0,26245000.0,1.15,80862000.0,0.1141934773,1264369000.0,531082000.0,784410000.0,565406000.0,733287000.0,0.0,373877000.0,1488868220.0,1559278220.0,31.43613117082988,1.3873393632186428,0.07313292243008172,0.17411058932518894,0.02805301045244354,31.43613117082988,0.03706395622521569,2.102582663243489,18.90962482219061,2.8034620265796995,0.0,0.0,0.0,0.5600532755864783,1.2940736391195,0.015568239967920757,66.86133554876953,0.11419347732144824,-0.049586776859504175,14.451938389633687,0.9195625909128676,0.919627188683242,0.004684102627818848,-0.04853054911059551,0.05393141113163601,1.6837028815673512,0.5504192634382631,0.5391733028818987,Engineering & Construction,Industrials,MYRG
2022Q1,2022,Q1,2022-04-27,2022-03-31,20688000.0,636624000.0,24902000.0,1.21,80485000.0,0.1264247028,1205579000.0,536278000.0,715595000.0,498264000.0,669301000.0,0.0,375028000.0,1590780640.0,1658569640.0,31.702411917711043,1.4361764044763419,0.07176717577197346,0.16133609806853907,0.03195096742786079,31.702411917711043,0.038577006701747976,2.498775792304406,19.223470610982215,2.966335818362864,0.0,0.0,0.0,0.5280649380919873,1.3356855000561951,0.01716021928052828,214.10237415881562,0.12642470280730855,0.0,15.470539134547174,1.0264952941835859,0.9414714961390865,-0.03126993488439272,0.0,-0.16548257372654154,1.7466830367035948,0.3277140052316606,0.5829781977554906,Engineering & Construction,Industrials,MYRG
2021Q4,2021,Q4,2022-02-23,2021-12-31,20688000.0,646048000.0,29840000.0,1.21,83083000.0,0.1286018995,1121092000.0,519102000.0,748390000.0,498599000.0,601990000.0,0.0,355007000.0,1861440900.0,1804846900.0,30.82919586649246,1.5009857621054195,0.02274389612984483,0.04911944088059765,0.03700525185204579,30.82919586649246,0.03985343920847926,2.881273372876319,22.49421041183295,3.585886588762902,0.0,0.0,0.0,0.5762667113849711,1.4096017039745365,0.018453436470869472,199.02073131615523,0.1286018995492595,-0.10370370370370378,1.517014041536564,0.783553586848204,0.871371807120829,-0.010009175077154058,-0.10715981183375771,-0.03592659601964332,0.902901312243681,0.41801966933626294,0.5745622539000682,Engineering & Construction,Industrials,MYRG
2021Q3,2021,Q3,2021-10-27,2021-09-30,23171000.0,610182000.0,30952000.0,1.35,83923000.0,0.13753765270034188,1063827000.0,496176000.0,700635000.0,455701000.0,567647000.0,0.0,334315000.0,1678366000.0,1631837000.0,29.41522409295708,1.5374883969971538,0.024888445207726446,0.05336211344361678,0.04287951532057192,29.41522409295708,0.04669915513849924,2.750599001609356,18.108476112381855,3.382602141175712,0.0,0.0,0.0,0.5735725827601669,1.4791628721464294,0.021780797065688313,211.14177884010567,0.13753765270034188,0.08870967741935491,2.532507797186492,1.0183969548552145,0.8695540601077988,0.03580508997556219,0.09199302511899712,0.04338445980111242,1.8471159408546096,0.493179853190146,0.5574993361855458,Engineering & Construction,Industrials,MYRG
2021Q2,2021,Q2,2021-07-28,2021-06-30,21219000.0,649573000.0,29665000.0,1.24,81022000.0,0.12473116955292168,1050833000.0,471625000.0,691329000.0,469879000.0,579204000.0,0.0,311144000.0,1532365680.0,1495230680.0,27.982971401447728,1.4712915452701654,0.029678359929693872,0.06612668963689372,0.04121057757816713,27.982971401447728,0.04499125364431487,2.359035366309868,18.05416937650219,3.2491188550225285,0.0,0.0,0.0,0.6181505529422848,1.4446549005169416,0.020192552003981602,100.7737524661318,0.12473116955292168,0.05982905982905989,2.9724535421858316,1.553481367765591,0.9765656534563241,0.052876431068314425,0.0647832195905259,0.0822297617744701,2.030967579128952,0.8670588157824478,0.5215523978878888,Engineering & Construction,Industrials,MYRG
2021Q1,2021,Q1,2021-04-28,2021-03-31,19928000.0,592486000.0,27411000.0,1.17,76953000.0,0.12988154994379614,1019246000.0,448460000.0,665366000.0,447824000.0,570782000.0,0.0,290021000.0,1201189200.0,1179366200.0,26.757756563245824,1.485775661867162,0.05027834301042143,0.11427106096418856,0.03880652445623358,26.757756563245824,0.04443651607724212,2.027371448439288,15.069113809714974,2.6784756723007628,0.0,0.0,0.0,0.5812983322966193,1.4532896852334847,0.019551707831082978,22.941408353864666,0.12988154994379614,0.09345794392523352,10.56169300933394,1.692937090791924,0.6949380513886805,0.006658468944586887,0.09796143250688705,0.059730920900023195,2.438345069171816,0.6694110607985613,0.4883151739736328,Engineering & Construction,Industrials,MYRG
2020Q4,2020,Q4,2021-03-03,2020-12-31,18150000.0,607970000.0,25866000.0,1.07,76444000.0,0.1257364672598977,995859000.0,429288000.0,636684000.0,443400000.0,566567000.0,0.0,270480000.0,1005112400.0,1034524400.0,25.6689787132265,1.435913396481732,0.05229656005518853,0.12131715771230503,0.0369659952509853,25.6689787132265,0.04227930899535976,1.6532269684359426,13.844523415977962,2.341347533590503,0.0,0.0,0.0,0.6104980725182982,1.3707758231844835,0.01822547167821951,33.89237928243863,0.1257364672598977,0.049019607843137296,2.7282167639528154,1.7082814328398195,0.5720576480638869,-0.00036614708651532587,0.04961832061068702,0.03758674635966144,0.3028155382027544,0.5865891111097832,0.45774623658912267,Engineering & Construction,Industrials,MYRG
2020Q3,2020,Q3,2020-10-28,2020-09-30,17292000.0,607901000.0,24929000.0,1.02,76472000.0,0.12579679914986158,1018911000.0,408600000.0,658762000.0,459554000.0,610307000.0,0.0,252375000.0,620831640.0,695384640.0,24.4699964067553,1.4334811578182325,0.09176365747351829,0.22882770435633873,0.03442387647071544,24.4699964067553,0.0423201174743025,1.0212709635286008,8.975706106870229,1.5194117474302495,0.0,0.0,0.0,0.5966183503760387,1.417430813353817,0.016971060279062648,30.77842645381984,0.12579679914986158,0.27499999999999997,2.486233857675505,1.8044066216548011,0.4906265869517403,0.24740233259929859,0.2918939110945088,0.2888532726708717,2.2836423558695076,0.5901420685922478,0.4646445603896608,Engineering & Construction,Industrials,MYRG
2020Q2,2020,Q2,2020-07-29,2020-06-30,13385000.0,513051000.0,19342000.0,0.8,61305000.0,0.11949104474993714,950086000.0,389446000.0,594916000.0,403534000.0,560636000.0,0.0,235083000.0,532418350.0,629940350.0,23.341084806712615,1.4742648698746574,0.11316133486863295,0.27606651499822826,0.02699894128449483,23.341084806712615,0.03436933490137272,1.03774936604743,9.94430986178558,1.3671172640109284,0.0,0.0,0.0,0.5400047995655131,1.4494664637923942,0.014088198331519463,9.70150054664723,0.11949104474993714,0.35593220338983067,1.0626748278157343,1.3087950871298015,0.42310312187912297,-0.0053056853582554514,0.3476641159887233,0.1788152120916626,9.638839715337518,0.40820510417750716,0.4253083741393497,Engineering & Construction,Industrials,MYRG
2020Q1,2020,Q1,2020-04-29,2020-03-31,9932000.0,518470000.0,16408000.0,0.59,61632000.0,0.11887283738692692,993246000.0,374982000.0,628802000.0,378244000.0,618260000.0,0.0,221698000.0,435461130.0,588063130.0,22.552595176520118,1.6624242552426476,0.18786785952321983,0.49762121915185265,0.01983422064388964,22.552595176520118,0.026486604690358472,0.8398964838852778,10.961063481675394,1.1612854217002417,0.0,0.0,0.0,0.5219955579987233,1.6337866562324848,0.009999536872033716,16.681138862286918,0.11887283738692692,-0.22368421052631585,0.7125682492989199,1.6261644562445665,0.40842840878116293,-0.10577174196918256,-0.2225440313111546,-0.21417624521072798,7.044698983580922,0.6790746479284552,0.3811321615790491,Engineering & Construction,Industrials,MYRG
2019Q4,2019,Q4,2020-03-04,2019-12-31,12775000.0,571075000.0,20880000.0,0.76,68922000.0,0.12068817580878169,1007871000.0,364471000.0,639184000.0,396814000.0,643396000.0,0.0,212219000.0,541613210.0,719602210.0,21.93098261026536,1.610789941887131,0.188899174596749,0.5223625473631647,0.02524463450762284,21.93098261026536,0.03505079965209852,0.948409946154183,10.599084344422701,1.4860255274082164,0.0,0.0,0.0,0.5666151719813349,1.578505294672063,0.012675233239174457,36.89463283378747,0.12068817580878169,0.22580645161290325,0.1193385986874255,1.81647746167209,0.3986608193871045,0.1642819737486697,0.2337035248672139,0.20959332638164754,0.5747573968191759,0.5973502044515183,0.3312388275399133,Engineering & Construction,Industrials,MYRG
2019Q3,2019,Q3,2019-10-30,2019-09-30,10355000.0,583214000.0,17262000.0,0.62,59197000.0,0.10150133570181785,988013000.0,350568000.0,639415000.0,393521000.0,637441000.0,0.0,199444000.0,519852060.0,713826060.0,21.100758396533045,1.6248561067897267,0.2055833273448831,0.5793997170306474,0.021954674956643667,21.100758396533045,0.02953777869058214,0.8913573062375045,12.55074987928537,1.482885089340727,0.0,0.0,0.0,0.5902898038790988,1.6059498730690358,0.010480631327725445,40.133718829614764,0.10150133570181785,0.4418604651162791,0.5565422336678144,1.9651426143822541,0.4225733020241352,0.3714755693533814,0.43679755792979047,0.8344314558979808,0.602794492163737,0.9586846376057702,0.3411085500122844,Engineering & Construction,Industrials,MYRG
2019Q2,2019,Q2,2019-07-31,2019-06-30,7207000.0,448776000.0,9410000.0,0.43,43163000.0,0.09617938570690054,806695000.0,339039000.0,513379000.0,304100000.0,467758000.0,0.0,189089000.0,616856000.0,735311000.0,20.424036144578313,1.688191384413022,0.1522384544344517,0.36222971398570664,0.014179249350068542,20.424036144578313,0.021257141508793972,1.3745298322548443,21.397807686971,1.819424903919608,0.0,0.0,0.0,0.5563143443308809,1.65306806971391,0.008933983723712183,-252.1896974652494,0.09617938570690054,-0.02272727272727275,0.18424198019308868,1.4940805107557376,0.3861591673559244,0.006693721429237802,-0.019855841153270774,-0.022439227093289008,0.36988256297918953,0.7911388475400913,0.44264337654418856,Engineering & Construction,Industrials,MYRG
2019Q1,2019,Q1,2019-05-01,2019-03-31,7353000.0,468094000.0,9626000.0,0.44,42876000.0,0.0915969869299756,795218000.0,330727000.0,505756000.0,293560000.0,463744000.0,0.0,181882000.0,584925880.0,711936880.0,20.027067942351945,1.722836898760049,0.1614010246246941,0.38808140853332207,0.014558691379333305,20.027067942351945,0.022232838564737685,1.2495906377778823,19.88732082143343,1.7686063732323034,0.0,0.0,0.0,0.5886360721211039,1.6942941817686332,0.009246521079754232,-32.28780525502319,0.0915969869299756,-0.3125,0.4933767931600399,1.7651497824038738,0.3927981341897582,-0.09527125403557637,-0.3096422871091916,-0.44713112400206767,3.3295625574957097,1.1592499774972582,0.26859063961530766,Engineering & Construction,Industrials,MYRG
2018Q4,2018,Q4,2019-03-06,2018-12-31,10651000.0,446345000.0,17411000.0,0.64,47391000.0,0.10617571609405281,748755000.0,322984000.0,475634000.0,283805000.0,424291000.0,0.0,174736000.0,464692320.0,549610320.0,19.579534432589718,1.6759183242014764,0.12343824081308305,0.2861596859287147,0.030780290642620157,19.579534432589718,0.032976865727094844,1.0411056917855022,10.907246267956062,1.4387471825229734,0.0,0.0,0.0,0.596116219591188,1.6447455118831593,0.014224946744929917,30.695047229011163,0.10617571609405281,0.3333333333333334,0.34140191651112456,1.2129297240869463,0.3768249842816922,0.046482356578191934,0.3385698127434963,0.23159086086156894,1.2180759922260298,1.015783229286121,0.19911887395904598,Engineering & Construction,Industrials,MYRG
2018Q3,2018,Q3,2018-10-31,2018-09-30,7957000.0,399537000.0,14137000.0,0.48,45286000.0,0.11334619822444479,701701000.0,311471000.0,427045000.0,252304000.0,388955000.0,0.0,164085000.0,535330320.0,627250320.0,18.886187242299297,1.6925811719195891,0.13142349804261358,0.29607892869641156,0.02551720150365676,18.886187242299297,0.025546519579671943,1.3398767072886866,16.81947718989569,1.7187164134060635,0.0,0.0,0.0,0.5693835408528704,1.670052793455514,0.011339587659131168,315.0855326662743,0.11334619822444479,0.17073170731707318,0.2103976796490479,1.1699370812790724,0.3863982752075847,0.17230132021744757,0.16415508412582297,0.3649705513179492,0.6242458961822736,0.8661917319131017,0.15048046438405932,Engineering & Construction,Industrials,MYRG
2018Q2,2018,Q2,2018-08-01,2018-06-30,6835000.0,339676000.0,10357000.0,0.41,38630000.0,0.11372602126732534,615594000.0,302625000.0,383522000.0,206722000.0,312969000.0,0.0,156150000.0,583494300.0,640265300.0,18.391066545123063,1.8552548833699365,0.09904904856122704,0.20148368442792233,0.020107305772511352,18.391066545123063,0.02258570838496489,1.7177966650572898,21.342147037307974,1.928110037174721,0.0,0.0,0.0,0.5517857548968963,1.8186598426872804,0.011103097171187503,60.08591288229842,0.11372602126732534,0.20588235294117632,-0.0875528533876747,1.0057358437761394,0.3952255604154483,0.08046877185131318,0.21102055279943302,0.23194956583799214,0.06801963334145492,0.5499512481293891,0.1213011062589715,Engineering & Construction,Industrials,MYRG
2018Q1,2018,Q1,2018-05-02,2018-03-31,5644000.0,345611000.0,8407000.0,0.34,35753000.0,0.1034486749553689,591591000.0,293428000.0,363537000.0,181959000.0,298163000.0,0.0,149320000.0,503013220.0,572118220.0,17.978555235586054,1.9979061217087366,0.11971784560617048,0.2413675586515261,0.01626272795527148,17.978555235586054,0.01923470152814319,1.4554317426239327,22.280883238837706,1.7142645555298064,0.0,0.0,0.0,0.5842059801450664,1.954588671074253,0.009540375022608525,66.74803874734607,0.1034486749553689,-0.5853658536585366,0.02655527361617878,1.1729901176901167,0.40893150860232763,-0.03092643790318209,-0.5843582001620149,-0.40189243027888444,-0.00856256244756063,0.7834173018669505,0.12277579340418235,Engineering & Construction,Industrials,MYRG
2017Q4,2017,Q4,2018-03-07,2017-12-31,13579000.0,373501000.0,14056000.0,0.82,36894000.0,0.09877885199771888,603788000.0,287039000.0,379736000.0,188564000.0,316749000.0,0.0,143241000.0,582434730.0,659766730.0,17.608674314459236,2.013830847881886,0.13692719961310923,0.2880270625246047,0.04770120167206453,17.608674314459236,0.04730716035103244,1.559392692389043,10.723078466750128,2.0291135699330054,0.0,0.0,0.0,0.6185962622642385,1.968684372414671,0.022489681808846813,87.47893211174527,0.09877885199771888,1.6451612903225807,0.7384133652231714,0.8857303685368578,0.40978632041359414,0.05856023871689668,1.6392614188532555,0.2308231173380035,0.2129949699073397,0.877999797575224,0.12300316327158932,Engineering & Construction,Industrials,MYRG
2017Q3,2017,Q3,2017-11-01,2017-09-30,5145000.0,373502000.0,11420000.0,0.31,34853000.0,0.09331409202628098,620597000.0,272560000.0,393434000.0,213659000.0,348037000.0,0.0,129662000.0,475389960.0,557310960.0,16.707122716685056,1.8414108462550138,0.13471383200369966,0.3067324625770473,0.017495062178827046,16.707122716685056,0.01887657763428236,1.2727909355237723,23.099609329446064,1.744166275315527,0.0,0.0,0.0,0.6018430640173897,1.8167032514427195,0.008290404239788461,-10.49866301539277,0.09331409202628098,3.428571428571428,-0.2640328112585614,0.8649500513211749,0.40192234018361883,0.2665988298142966,3.182926829268293,2.1704608550805107,-0.21239233703490465,0.9338568612613609,0.12636267776527635,Engineering & Construction,Industrials,MYRG
2017Q2,2017,Q2,2017-08-02,2017-06-30,1230000.0,356185000.0,3602000.0,0.07,27517000.0,0.07725479736653705,569857000.0,267128000.0,338162000.0,202790000.0,302729000.0,0.0,125057000.0,505998240.0,545251240.0,16.376164786660127,1.6675477094531288,0.08647608084133387,0.1844771046090264,0.0036710038412975333,16.376164786660127,0.0046045341559102755,1.4206051349719948,102.84517073170731,1.8942164056182804,0.0,0.0,0.0,0.625042773888888,1.626687706494403,0.0021584362392670442,-113.04697050938337,0.07725479736653705,0.0,-0.8391631924200688,0.7053714919388352,0.42949671415551594,0.06903651903651904,0.025,6.504166666666666,-0.7943200694581232,1.0144539629742981,0.11143413498051698,Engineering & Construction,Industrials,MYRG
2017Q1,2017,Q1,2017-05-03,2017-03-31,1200000.0,300129000.0,480000.0,0.07,25740000.0,0.08576312185760124,548708000.0,263894000.0,330708000.0,222730000.0,284814000.0,0.0,123827000.0,662601000.0,699891000.0,16.329063795557207,1.4847932474296233,0.08060571378583874,0.16760138540474584,0.002189770599175828,16.329063795557207,0.004547280347412219,2.207720680107554,138.041875,2.510860421229736,0.0,0.0,0.0,0.5469739825189354,1.4521303820769542,0.0021869555391938883,216.67789404839763,0.08576312185760124,-0.8541666666666666,-0.7572733547423016,0.5693222896697492,0.48944963446660233,-0.38632462330726686,-0.8461143883046935,-0.9683502571541607,-0.7509594147664634,0.8116637641342117,0.1356175378734297,Engineering & Construction,Industrials,MYRG
2016Q4,2016,Q4,2017-03-09,2016-12-31,7798000.0,343660000.0,15166000.0,0.48,41944000.0,0.12205086422627015,573495000.0,263174000.0,357591000.0,228314000.0,310321000.0,0.0,123345000.0,601938000.0,642080000.0,16.47411580594679,1.566224585439351,0.11157551504372314,0.2431395198613845,0.02233365496408727,16.47411580594679,0.029630586608099585,1.751550951521853,19.297832777635293,2.287224421865382,0.0,0.0,0.0,0.599238005562385,1.5303003757982427,0.013597328660232435,91.61917808219178,0.12205086422627015,0.26315789473684204,0.6785773205787626,0.8504656226933578,0.5387641843608163,0.23136541114992806,0.26879271070615035,0.36152257832839574,0.014120471738388292,0.7593964648740483,0.15845319579324652,Engineering & Construction,Industrials,MYRG
2016Q3,2016,Q3,2016-11-02,2016-09-30,6146000.0,283259000.0,11139000.0,0.38,34063000.0,0.12025390190602947,499609000.0,248673000.0,285952000.0,198349000.0,250936000.0,0.0,115547000.0,475730500.0,513708500.0,15.733818411894969,1.4416609108188092,0.07718435816808744,0.15507111749164565,0.02270253577898802,15.733818411894969,0.024715188219066805,1.679489442524333,19.351224373576308,1.9130766106493269,0.0,0.0,0.0,0.566961363786481,1.4145218781037465,0.012301619866735787,-40.74430455635492,0.12025390190602947,0.22580645161290325,0.8669354902173726,0.7254660581723196,0.5237263331503892,0.08360108159694608,0.11745454545454545,0.21844235397068476,-0.024448712824652063,0.6052869702672344,0.15498901016004446,Engineering & Construction,Industrials,MYRG
2016Q2,2016,Q2,2016-08-03,2016-06-30,5500000.0,261934000.0,9142000.0,0.31,31435000.0,0.12001114784640406,471675000.0,245687000.0,253958000.0,187136000.0,225988000.0,0.0,113064000.0,417884320.0,439074320.0,14.157370058776074,1.357077205882353,0.05205491069062384,0.09993609755501918,0.02067778645377174,14.157370058776074,0.022386206840410768,1.5953802102819794,18.99474181818182,1.700880876888073,0.0,0.0,0.0,0.5553272910372609,1.320857558139535,0.011660571367997032,17.73100475220638,0.12001114784640406,2.0999999999999996,0.7103296066969756,0.6338143428657655,0.39928792601547825,0.15226714563249147,1.7679919476597887,1.764439068642274,-0.3038061516185997,0.4665573191669601,0.07403910076671201,Engineering & Construction,Industrials,MYRG
2016Q1,2016,Q1,2016-05-04,2016-03-31,1987000.0,253634000.0,3307000.0,0.1,27281000.0,0.10756050056380453,504604000.0,305018000.0,290046000.0,183768000.0,199586000.0,0.0,152846000.0,485150310.0,459856310.0,15.786864033952694,1.5783270210265117,0.0014764052603625814,0.002442478804529569,0.00662493672695029,15.786864033952694,0.006514369643758729,1.9127968253467595,61.04055234021138,1.5905628848133553,0.0,0.0,0.0,0.5026396937004066,1.5436746332332072,0.003937741278309328,45.5240977761096,0.10756050056380453,-0.6551724137931034,-0.5433153218432448,0.7454078128600773,0.5932370596221141,-0.16344178344730306,-0.6621322904267981,-0.6789632074555868,-0.694711556480442,0.34708447140555365,0.23717450417988198,Engineering & Construction,Industrials,MYRG
2015Q4,2015,Q4,2016-03-03,2015-12-31,5881000.0,271184000.0,10301000.0,0.29,32611000.0,0.12025414478730309,524925000.0,329880000.0,303367000.0,179737000.0,195045000.0,0.0,168224000.0,416383830.0,376586830.0,16.328268078998168,1.6878383415768594,0.0,0.0,0.018488179338002106,16.328268078998168,0.017827694919364617,1.5354291919877279,17.700383863288558,1.2622281738814114,0.0,0.0,0.0,0.5166147544887365,1.6436515575535366,0.011203505262656569,14.609446335216308,0.12025414478730309,0.0,-0.04930199116288986,0.7203528114963157,0.6846901505104618,0.1394479385045423,-0.047611336032388665,0.0385119467688275,-0.39251602376498745,0.10471505395671743,0.30727439003828827,Engineering & Construction,Industrials,MYRG
2015Q3,2015,Q3,2015-11-04,2015-09-30,6175000.0,269861000.0,9919000.0,0.29,28620000.0,0.10605459847847595,559706000.0,341254000.0,335151000.0,192664000.0,218452000.0,0.0,173813000.0,544645600.0,514216600.0,16.4159130267462,1.7395621392683636,0.0,0.0,0.01762244112109095,16.4159130267462,0.01809502599236932,2.018244948325249,22.05042914979757,1.5960123544339406,0.0,0.0,0.0,0.4821477704366221,1.6464414732383839,0.011032577817639975,-47.78431303737498,0.10605459847847595,-0.23684210526315796,0.5164518114462443,0.6923032083583975,0.7572343527748844,-0.09818502646836401,-0.235199405499133,-0.23840601965601965,-0.30680122672753424,0.05745561628976359,0.37748645275247467,Engineering & Construction,Industrials,MYRG
2015Q2,2015,Q2,2015-08-05,2015-06-30,8074000.0,276488000.0,13024000.0,0.38,31736000.0,0.11478255837504701,562431000.0,340496000.0,336540000.0,195982000.0,221935000.0,0.0,172504000.0,642729600.0,595845600.0,16.401541425818884,1.7171985182312661,0.0,0.0,0.024101074133686794,16.401541425818884,0.02371246651943048,2.3246202366829665,19.90121377260342,1.887627461115549,0.0,0.0,0.0,0.49159452448389224,1.6152554826463654,0.014355538723861238,-112.56210157618213,0.11478255837504701,0.11764705882352934,1.3044735083240095,0.8861732390770976,0.7932076972215161,0.08041124804248655,0.12576687116564417,0.12304906441321031,-0.17043782515082356,0.04015850209233567,0.43171187397873073,Engineering & Construction,Industrials,MYRG
2015Q1,2015,Q1,2015-05-06,2015-03-31,7172000.0,244148000.0,11597000.0,0.34,29374000.0,0.12031226960695972,528222000.0,329251000.0,314424000.0,173021000.0,198971000.0,0.0,178395000.0,644413080.0,582583080.0,16.012596050967804,1.8172591766317383,0.0,0.0,0.02222352650402218,16.012596050967804,0.02178277362862983,2.6394362435899534,22.462809537088678,1.9572091808377197,0.0,0.0,0.0,0.46220717804256545,1.7090699972835668,0.01357762455937087,-42.983796691568834,0.12031226960695972,-0.4925373134328358,1.4869008705028974,0.5807149012199073,0.788724511806554,-0.30198184496934555,-0.4923196715509308,-0.4838896306186026,0.14019560808276166,0.0033679592105945013,0.46058314387040517,Engineering & Construction,Industrials,MYRG
2014Q4,2014,Q4,2015-03-11,2014-12-31,14127000.0,250979000.0,22470000.0,0.67,42082000.0,0.16767139880229023,520086000.0,322553000.0,313501000.0,171588000.0,197533000.0,0.0,171223000.0,563645400.0,486009400.0,15.679986388605318,1.8270566706296478,0.0,0.0,0.04413925272857671,15.679986388605318,0.04379745344175996,2.245787097725308,9.97461244425568,1.7474504965075506,0.0,0.0,0.0,0.48257211307360703,1.7175793179010188,0.02716281538053322,30.801978250177605,0.16767139880229023,0.717948717948718,2.1786941824955623,0.3909921841055526,0.7790498237711743,0.2859674856374526,0.6809852451213708,0.6759901543969569,1.3615303312277482,0.0494817306242221,0.46458855517704695,Engineering & Construction,Industrials,MYRG
2014Q3,2014,Q3,2014-11-05,2014-09-30,8404000.0,248473000.0,13407000.0,0.39,32724000.0,0.13170042620324945,528699000.0,311311000.0,316721000.0,192595000.0,217388000.0,0.0,157096000.0,505391039.99999994,440782039.99999994,14.832809224318659,1.644492328461279,0.0,0.0,0.02723931936756793,14.832809224318659,0.02699551252605915,2.0339877572211065,15.034240837696334,1.6234281474152854,0.0,0.0,0.0,0.4699706260083715,1.562319894078247,0.01589562302936075,27.21692282836986,0.13170042620324945,0.08333333333333341,0.3725783885024163,0.4448475368509756,0.7295192165940161,0.07193396226415094,0.08564784911510141,0.08164582492940702,0.9224110057678065,0.13979133565432494,0.4364689751728407,Engineering & Construction,Industrials,MYRG
2014Q2,2014,Q2,2014-08-06,2014-06-30,7741000.0,228877000.0,12395000.0,0.36,30528000.0,0.13338168535938516,533460000.0,311114000.0,322661000.0,197336000.0,222346000.0,0.0,148692000.0,534842949.99999994,480290949.99999994,14.73426474070566,1.6350843231848218,0.0,0.0,0.024960089847077652,14.73426474070566,0.024881554671278054,2.3368138781965855,17.273057421521766,1.7191220902948756,0.0,0.0,0.0,0.4290424774116147,1.5330147565573438,0.014510928654444569,1135.5476645435242,0.13338168535938516,0.24137931034482762,0.6760512062920895,0.31247418324402254,0.781539706806544,0.1273264401772526,0.2342155612244898,0.2233517568101066,0.9784391571553882,0.17333354980121582,0.45630711528970397,Engineering & Construction,Industrials,MYRG
2014Q1,2014,Q1,2014-05-07,2014-03-31,6272000.0,215638000.0,10132000.0,0.29,27080000.0,0.12558083454678676,516783000.0,302477000.0,308485000.0,189345000.0,214306000.0,0.0,140951000.0,532631520.0,478256520.0,14.379016923369463,1.6292217909107714,0.0,0.0,0.020986084268911197,14.379016923369463,0.02073546087801717,2.4700262476928927,21.230529336734694,1.7608992419258322,0.0,0.0,0.0,0.417269917934607,1.5180754707016293,0.012136622141208205,-24.880022421524664,0.12558083454678676,-0.3829787234042553,1.038669394857317,0.5200971725112343,0.7886380833087259,-0.1997162952893197,-0.37417681101576533,-0.35816546306854175,0.3240093807441211,0.3629539363922961,0.45115474447459397,Engineering & Construction,Industrials,MYRG
2013Q4,2013,Q4,2014-03-05,2013-12-31,10022000.0,254581000.0,15786000.0,0.47,33838000.0,0.13291643916867324,525422000.0,296091000.0,323949000.0,204379000.0,229331000.0,0.0,134679000.0,522190679.99999994,445736679.99999994,14.220786705729791,1.5850405374329064,0.0,0.0,0.03427324101028707,14.220786705729791,0.033847702226680314,2.0511769535039925,13.026109558970264,1.763615510096558,0.0,0.0,0.0,0.4845267232814766,1.4831073642595374,0.019074191792502027,42.16656007751938,0.13291643916867324,0.205128205128205,-0.3705749088092986,0.48608459700033535,0.8044122361843473,0.041714127389711544,0.2052916416115454,0.20697301016897315,0.5720272971901601,0.5670892338437623,0.4672480375593535,Engineering & Construction,Industrials,MYRG
2013Q3,2013,Q3,2013-11-06,2013-09-30,8315000.0,232890000.0,13079000.0,0.39,32483000.0,0.13947786508652155,513687000.0,284165000.0,314527000.0,206503000.0,229522000.0,0.0,124657000.0,506898000.0,444004000.0,13.62248322147651,1.523111044391607,0.0,0.0,0.029653403475900522,13.62248322147651,0.029261168687206376,2.176555455365194,15.240469031870115,1.783815740854785,0.0,0.0,0.0,0.4533694642846714,1.4502162196190855,0.016186899804744914,21.20823396510606,0.13947786508652155,-0.1136363636363636,1.2278761683259207,0.42434255089588624,0.8186200534717432,0.03935622180270694,-0.12122172902134855,-0.1486134617888296,1.0349432859239327,0.45541651072522044,0.45821286016052515,Engineering & Construction,Industrials,MYRG
2013Q2,2013,Q2,2013-08-07,2013-06-30,9462000.0,213916000.0,15362000.0,0.44,31253000.0,0.14609940350417921,476768000.0,273976000.0,280536000.0,179925000.0,202792000.0,0.0,116342000.0,396162100.0,358533100.0,13.181428915082993,1.559182992913714,0.0,0.0,0.03499373800562181,13.181428915082993,0.03453587175519023,1.8519517006675517,10.467187169731556,1.4459737349256867,0.0,0.0,0.0,0.44867944157325995,1.46463804362929,0.019846130612792806,24.735395854145853,0.14609940350417921,0.33333333333333326,0.9500011100799487,0.3785499552550829,0.8452400752245175,0.1446727465846244,0.3594827586206897,0.34872695346795435,1.6973868684264881,0.45755812021181075,0.4411474615243334,Engineering & Construction,Industrials,MYRG
2013Q1,2013,Q1,2013-05-08,2013-03-31,6960000.0,201342000.0,11390000.0,0.33,27303000.0,0.1356050898471258,446892000.0,263643000.0,253084000.0,160452000.0,183249000.0,0.0,106880000.0,485740110.00000006,464459110.00000006,12.760418179178162,1.577319073617032,0.0,0.0,0.026811273379081,12.760418179178162,0.026399335465003813,2.4125125905176272,17.447561422413795,1.8424161081462433,0.0,0.0,0.0,0.4505383851131817,1.4661394061775483,0.015574232700518246,13492.780833333334,0.1356050898471258,-0.2826086956521739,0.3780010029391849,0.4046333637354658,0.8497629320972095,-0.17052497265767408,-0.2876880564937059,-0.2717856914519532,1.4018254933442533,0.2973249538526017,0.42543237244896304,Engineering & Construction,Industrials,MYRG
2012Q4,2012,Q4,2013-03-06,2012-12-31,9771000.0,247763000.0,15641000.0,0.46,32916000.0,0.13285276655513534,466348000.0,254690000.0,278400000.0,188893000.0,211658000.0,0.0,99920000.0,453699750.0,433874750.0,12.490314354372027,1.473850275023426,0.0,0.0,0.03879336677293173,12.490314354372027,0.0383642859947387,1.8311844383543951,11.608324378262205,1.7813803054693942,0.0,0.0,0.0,0.5312835050220007,1.383121661469721,0.02095216447802928,215.63676330798478,0.13285276655513534,0.12195121951219524,1.67396751598094,0.2850196014247212,0.5778295932710655,0.11307994048424184,0.11719643265492796,0.09869345321719585,1.217965031433047,0.3852897973986717,0.41714992604458473,Engineering & Construction,Industrials,MYRG
2012Q3,2012,Q3,2012-11-07,2012-09-30,8746000.0,250558000.0,14236000.0,0.41,29572000.0,0.11802456916163125,460249000.0,243232000.0,270086000.0,196343000.0,217017000.0,0.0,90149000.0,410241000.0,393642000.0,11.917295443410094,1.3755825264969976,0.0,0.0,0.037144627613598984,11.917295443410094,0.035957439810551245,1.6373095251398877,11.726532128973247,1.6866242928562032,0.0,0.0,0.0,0.5443966200904293,0.9795154398170548,0.01900275720316611,442.07004310344826,0.11802456916163125,-0.08888888888888896,0.9982210465441439,0.30670376710372665,1.2711688902095684,-0.016299647395382876,-0.08274777136864185,-0.0907581273551766,0.46888784356469787,0.49823225594509046,0.3895676245477251,Engineering & Construction,Industrials,MYRG
2012Q2,2012,Q2,2012-08-07,2012-06-30,9535000.0,260410000.0,15657000.0,0.45,30062000.0,0.11544103529050344,444769000.0,232990000.0,258450000.0,191195000.0,211779000.0,0.0,81403000.0,346966280.0,332666280.0,11.455895368276133,1.351761290828735,0.022483581364708422,0.042920297008455295,0.039838240505507015,11.455895368276133,0.04092450319756213,1.3323846242463806,9.097175668589406,1.4891895789518863,0.0,0.0,0.0,0.585494942318372,0.985130364287769,0.02143809483124948,34.503408910103424,0.11544103529050344,0.5517241379310346,1.104454351240241,0.3324845000378935,0.0,0.15166839060644371,0.535426731078905,0.5307978099335159,1.143353259007364,0.5503477290637171,0.3851476700579268,Engineering & Construction,Industrials,MYRG
2012Q1,2012,Q1,2012-05-09,2012-03-31,6210000.0,240228000.0,10228000.0,0.29,26103000.0,0.1086592736899945,420933000.0,222552000.0,241024000.0,177883000.0,198381000.0,1542000.0,71868000.0,362558000.0,358808000.0,10.963152709359607,1.3549580342135,0.0,0.0,0.02848567017393578,10.963152709359607,0.02790359107085086,1.5092245699918412,14.59573268921095,1.6290934253567704,0.0,138.86186770428014,0.0,0.5707036511748901,0.9501807367764205,0.014752941679554703,-17.8266299537811,0.1086592736899945,0.035714285714285546,0.0,0.0,0.0,0.060020304568527916,0.059726962457337884,0.08982418753329782,1.0917003926533833,0.7548370933933598,0.3637310918815437,Engineering & Construction,Industrials,MYRG
2011Q4,2011,Q4,2012-03-07,2011-12-31,5860000.0,234263000.0,9385000.0,0.28,24625000.0,0.10511689852857685,412568000.0,215738000.0,235951000.0,176797000.0,196830000.0,4003000.0,65658000.0,385690140.0,361677140.0,10.706069177708303,1.3345871253471495,0.024238428574198678,0.04635252018652254,0.026250189767725755,10.706069177708303,0.027162576829302208,1.646398022735131,16.454357508532425,1.7877710000092706,0.0,52.37022233325006,0.0,0.5678166993077505,0.9724712523402547,0.014203719144480424,14.315040641353969,0.10511689852857685,0.4000000000000001,0.0,0.0,0.0,0.24287084237621764,0.3882966121772092,0.41468194151341575,-0.6197298375375369,0.4129481544545474,0.3584453958450376,Engineering & Construction,Industrials,MYRG
2011Q3,2011,Q3,2011-11-08,2011-09-30,4221000.0,210489000.0,6634000.0,0.2,19813000.0,0.09412843426497347,404960000.0,209254000.0,230952000.0,177695000.0,195706000.0,2754000.0,59798000.0,357474600.0,359927600.0,10.325882062669628,1.2997101775514224,0.04938759383642829,0.09557762336681735,0.018719462797324938,10.325882062669628,0.020171657411566804,1.6983053746276529,21.172388059701493,1.7083286341001844,0.0,69.23602033405955,0.0,0.5197772619517977,0.9331832634570472,0.01042325167917819,-11.794338315351876,0.09412843426497347,0.11111111111111122,0.0,0.0,0.0,0.014023235580121808,0.13559322033898305,0.10806747953900117,0.16415777356323016,0.325136781057454,0.37851931132125505,Engineering & Construction,Industrials,MYRG
2011Q2,2011,Q2,2011-08-09,2011-06-30,3717000.0,185310000.0,5987000.0,0.18,19539000.0,0.10543953375424964,384813000.0,202948000.0,214471000.0,153237000.0,181865000.0,0.0,55577000.0,469380600.0,443971600.0,10.11755321800688,1.3996032289851668,0.025986648060226655,0.04927370557975442,0.017921947974110466,10.11755321800688,0.018315036363994716,2.5329480330257406,31.569854721549635,2.3128121489248477,0.0,0.0,0.0,0.48155857520406015,0.9561659390356115,0.009659237083986248,-46.23072983354673,0.10543953375424964,-0.14285714285714285,-0.16821642919218002,-0.03860395988476899,0.0,-0.09495576450970401,-0.174,-0.2146136691591237,-0.2062472801389747,0.2374248858474688,0.41633466154192944,Engineering & Construction,Industrials,MYRG
2011Q1,2011,Q1,2011-05-09,2011-03-31,4500000.0,150294000.0,7623000.0,0.21,21589000.0,0.14364512222710155,356100000.0,198005000.0,193920000.0,129438000.0,158095000.0,0.0,51860000.0,477993360.00000006,443280360.00000006,9.908672371515788,1.498169007555741,0.02808199943836001,0.050503775157193,0.022225971527353526,9.908672371515788,0.02272669882073685,3.18038883787776,26.555186666666668,2.4140469180071213,0.0,0.0,0.0,0.42205560235888795,1.1198720623000973,0.012636899747262006,304.2605728835137,0.14364512222710155,-0.27586206896551724,0.0,0.0,0.0,-0.00976974589487203,-0.2608409986859396,-0.21807364857934147,-0.0788222126180152,0.08407890600973376,0.4363710187048211,Engineering & Construction,Industrials,MYRG
2010Q4,2010,Q4,2011-03-08,2010-12-31,6088000.0,155136000.0,9749000.0,0.29,21802000.0,0.14053475660066006,380148000.0,192709000.0,223923000.0,138832000.0,187439000.0,0.0,47360000.0,417543000.0,384920000.0,9.692149072071619,1.6129062463985249,0.07891663246945926,0.15567513712384995,0.0280673866360193,9.692149072071619,0.031591674493666615,2.6914642636138613,17.146148160315374,2.166702126003456,0.0,0.0,0.0,0.40809368982606775,1.2991313241903883,0.016014815282468932,18.36564767978887,0.14053475660066006,0.5263157894736841,0.0,0.0,0.0,0.27976050716130546,0.5606254806459882,0.5706460447881424,1.4306566992415837,-0.17483176192874164,0.22435346256568725,Engineering & Construction,Industrials,MYRG
2010Q3,2010,Q3,2010-11-08,2010-09-30,3901000.0,152767000.0,6207000.0,0.19,17036000.0,0.11151623059954048,346723000.0,186044000.0,197267000.0,114317000.0,160679000.0,0.0,41272000.0,326406850.0,317225850.0,9.341903088124528,1.7256138632049476,0.08652440132324651,0.1612521769043882,0.019350265710913604,9.341903088124528,0.020968158070133948,2.136631929670675,20.918152396821327,1.7544605039668038,0.0,0.0,0.0,0.4406024405649467,1.2850144772868428,0.011251056318732822,-53.82698713720317,0.11151623059954048,0.1875,0.0,0.0,0.0,0.019326272961167953,0.16343572919773336,0.0632065775950668,-0.0865754073183584,-0.1834907417736266,0.7803569417114276,Engineering & Construction,Industrials,MYRG
2010Q2,2010,Q2,2010-08-09,2010-06-30,3353000.0,140285000.0,5838000.0,0.16,16713000.0,0.11913604448087821,338237000.0,181718000.0,190036000.0,109765000.0,156519000.0,0.0,37371000.0,331589075.70000005,316649075.70000005,9.146481721683571,1.731298683551223,0.08869520484157559,0.1650909651217821,0.016542675536707935,9.146481721683571,0.018451666868444513,2.3636816174216775,24.723313130032807,1.8247453510384224,0.0,0.0,0.0,0.4147535603733477,1.3446180476472465,0.009913167394460097,47.23491106837608,0.11913604448087821,0.23076923076923075,-0.2424405304813726,-0.2651814515729022,0.0,0.10178653833476169,0.20611510791366908,0.23922734026745915,-0.2424405304813726,-0.2651814515729022,0.0,Engineering & Construction,Industrials,MYRG
2010Q1,2010,Q1,2010-05-10,2010-03-31,2780000.0,148889000.0,4711000.0,0.13,15169000.0,0.10188126725278564,325236000.0,177438000.0,179807000.0,101080000.0,147798000.0,0.0,34018000.0,323282581.36999995,316162581.36999995,8.951963225905368,1.7788583300356153,0.09224071136036602,0.16907314104081425,0.014064360124836589,8.951963225905368,0.015667444403115453,2.171299299276642,29.072174583633092,1.8219467158669507,0.0,0.0,0.0,0.45778757579111784,1.6468737633557577,0.00854763925272725,-431.6189337383177,0.10188126725278564,-0.38095238095238093,0.0,0.0,0.0,-0.21736662883087401,-0.3486410496719775,-0.31085430076067877,0.0,0.0,0.0,Engineering & Construction,Industrials,MYRG
2009Q4,2009,Q4,2010-03-15,2009-12-31,4268000.0,173275000.0,6836000.0,0.21,19382000.0,0.11185687490982542,341649000.0,174115000.0,193580000.0,120765000.0,167534000.0,0.0,31238000.0,356974151.04,349398151.04,8.813685923290992,1.6029478739701073,0.08780941843822168,0.1722999167217069,0.021588772788133658,8.813685923290992,0.024512534818941504,2.0601595789352185,20.909919812558574,2.0502205498664674,0.0,0.0,0.0,0.5071725659960954,1.4912102016312674,0.012492353263144337,68.38585268965518,0.11185687490982542,-0.2500000000000001,0.0,0.0,0.0,-0.06434950518947623,-0.26018374068296063,-0.1631778675480475,0.0,0.0,0.0,Engineering & Construction,Industrials,MYRG
2009Q3,2009,Q3,2009-11-09,2009-09-30,5769000.0,162035000.0,8169000.0,0.28,20715000.0,0.12784275002314316,330929000.0,169598000.0,188533000.0,118347000.0,161331000.0,0.0,26970000.0,417060718.46999997,414904718.46999997,8.576261588772207,1.5930526333578376,0.09065388648320334,0.176888878406585,0.029811791018128253,8.576261588772207,0.03401573131758629,2.5738927914956644,18.073354067862713,2.459113423920093,0.0,0.0,0.0,0.4896367498768618,1.494486552257345,0.017432742370720004,-33.28231733062006,0.12784275002314316,0.33333333333333354,0.0,0.0,0.0,0.10321137561910848,0.33696407879490153,0.09123697568795085,0.0,0.0,0.0,Engineering & Construction,Industrials,MYRG
2009Q2,2009,Q2,2009-08-10,2009-06-30,4315000.0,162923000.0,7486000.0,0.21,18777000.0,0.11525076263019954,322333000.0,163153000.0,181782000.0,115798000.0,159180000.0,0.0,21201000.0,398880910.56,384865910.56,8.270522786784927,1.5698198587194943,0.09307145095289654,0.18387648403645657,0.02300987430722713,8.270522786784927,0.026447567620577005,2.4482786995083567,23.11013386790266,2.44482731276777,0.0,0.0,0.0,0.5054493334532921,1.453228898599285,0.013386777028724952,41.330526428349394,0.11525076263019954,0.4999999999999998,-0.01814862183993797,-0.14052539629763908,0.0,0.1023894792461692,0.49670482136663197,0.48767885532591415,-0.01814862183993797,-0.14052539629763908,0.0,Engineering & Construction,Industrials,MYRG
2009Q1,2009,Q1,2009-05-14,2009-03-31,2883000.0,132935000.0,5032000.0,0.14,17033000.0,0.12813028923910183,303943000.0,158473000.0,167366000.0,102118000.0,145470000.0,0.0,16886000.0,300620367.75,296546367.75,8.039086865896497,1.6389471004132474,0.09870271728580687,0.18930669577782966,0.015798972812846746,8.039086865896497,0.018192373464249432,2.2614087166660397,26.06836348855359,1.8969816167422844,0.0,0.0,0.0,0.43736819074629124,1.494271333163595,0.009485331131166041,-37.07243405475398,0.12813028923910183,-0.8082191780821918,0.0,0.0,0.0,-0.5739832924816167,-0.8087562189054727,-0.801975522411554,0.0,0.0,0.0,Engineering & Construction,Industrials,MYRG
2008Q4,2008,Q4,2009-03-12,2008-12-31,15075000.0,162192000.0,25411000.0,0.73,39982000.0,0.24651030876985303,322063000.0,155359000.0,185410000.0,123337000.0,166704000.0,0.0,14003000.0,197128110.0,185052110.0,7.881118527438831,1.50327963222715,0.09314947696568683,0.19310113994039613,0.08466724176155833,7.881118527438831,0.09703332282004905,1.2153997114530926,3.2691228855721395,1.2688554251765267,0.0,0.0,0.0,0.5036033322672894,1.3869155241330664,0.04680761217525763,10.173828963666391,0.24651030876985303,3.294117647058823,0.0,0.0,0.0,1.1060893383902233,3.2741706833002553,3.1071601745595605,0.0,0.0,0.0,Engineering & Construction,Industrials,MYRG
2008Q3,2008,Q3,2008-11-13,2008-09-30,3527000.0,154515000.0,6187000.0,0.17,18984000.0,0.12286185807203184,317412000.0,147660000.0,186322000.0,130172000.0,169752000.0,0.0,6404000.0,249564187.26,256545187.26,7.490560326480074,1.431352364563808,0.09451438508941061,0.2031694433157253,0.02055003955178027,7.490560326480074,0.023885954219152107,1.6151453726822638,17.68955112418486,1.6901272332385209,0.0,0.0,0.0,0.48679634040300934,1.3326368189779676,0.011111741207011708,-100.02572635671342,0.12286185807203184,-0.2272727272727272,0.0,0.0,0.0,-0.04927884615384615,-0.2335940895262929,-0.22517219787100815,0.0,0.0,0.0,Engineering & Construction,Industrials,MYRG
2008Q2,2008,Q2,2008-09-16,2008-06-30,4602000.0,147170000.0,7985000.0,0.22,19968000.0,0.13567982605150505,293046000.0,140818000.0,164483000.0,112161000.0,152228000.0,1023000.0,-209000.0,327232662.6,331512662.6,7.143476392078227,1.4664901347170585,0.10237300628570259,0.2130409464699115,0.0275799388823192,7.143476392078227,0.03268048118848443,2.223501138819053,17.776654856584095,2.3237985385391076,0.0,124.34213098729228,0.0,0.5022078445022283,1.3435507885985325,0.015704019164226778,-52.44113182692308,0.13567982605150505,-0.04347826086956525,0.047912718905017825,-0.2230671525109949,0.0,-0.011485148514851485,-0.04503008923013073,-0.0261007439931699,0.047912718905017825,-0.2230671525109949,0.0,Engineering & Construction,Industrials,MYRG
2008Q1,2008,Q1,2008-03-31,2008-03-31,4819000.0,136763000.0,8199000.0,0.23,20200000.0,0.1477007670203198,284978000.0,135987000.0,160685000.0,108909000.0,148991000.0,440000.0,-4811000.0,327232662.6,323092662.6,6.898407335209575,1.475406072959994,0.10527128409912344,0.22060932294998786,0.029142580711526523,6.898407335209575,0.03543721090986639,2.392698775253541,16.976170502178878,2.406352538110261,0.0,264.9159090909091,0.0,0.47990722090828064,1.3340954374753233,0.01691007726912253,1788.1566262295082,0.1477007670203198,1.323943661971831,0.0,0.0,0.0,0.04962327877370746,1.4097789115646258,-0.03119461183977313,0.0,0.0,0.0,Engineering & Construction,Industrials,MYRG
2007Q4,2007,Q4,2007-12-31,2007-12-31,-11760000.0,156399000.0,8463000.0,-0.71,19245000.0,0.12305065889168089,305791000.0,130936000.0,186887000.0,134761000.0,174855000.0,0.0,-9630000.0,274570507.20000005,270023507.20000005,7.916136449486808,1.38680330362642,0.09810622287771713,0.22911956986619417,0.034384919944761845,7.916136449486808,-0.08981487138754811,1.755577127730996,-5.83695806122449,2.0969825502535593,0.0,0.0,0.0,0.5114571717284028,1.2564911213184824,-0.038457639368065115,41.04806506204216,0.12305065889168089,-4.3809523809523805,0.0,0.0,0.0,0.013748419721871049,-4.334278423589453,0.36786811055438823,0.0,0.0,0.0,Engineering & Construction,Industrials,MYRG
2007Q3,2007,Q3,2007-09-30,2007-09-30,3527000.0,154515000.0,6187000.0,0.21,18984000.0,0.12286185807203184,269700000.0,86300000.0,154300000.0,120100000.0,183300000.0,31800000.0,2100000.0,273017577.20000005,312617577.20000005,5.247207944236346,1.2847626977518734,0.1831664812754913,0.5724217844727694,0.02690434802335507,5.247207944236346,0.04086906141367323,1.7669325127010325,19.351968897079672,3.1635872213209737,0.0,4.261981132075472,0.0,0.5729143492769744,0.9192339716902581,0.013077493511308862,68.39117665330663,0.12286185807203184,-0.0454545454545455,0.0,0.0,0.0,0.05023235229032972,-0.03739082969432314,-0.031465247338760174,0.0,0.0,0.0,Engineering & Construction,Industrials,MYRG
2007Q2,2007,Q2,2007-06-30,2007-06-30,3664000.0,158041000.0,6388000.0,0.22,18076000.0,0.1143753836029891,,,,,,,,273017577.20000005,,,0.0,0.0,0.0,0.0,,0.0,1.7275110711777326,18.628382723799128,0.0,0.0,0.0,0.0,0.0,0.0,0.0,-26.353047992277997,0.1143753836029891,0.0,0.0,0.0,0.0,0.0,0.0,0.0,0.0,0.0,0.0,Engineering & Construction,Industrials,MYRG
2007Q1,,,,,,,,,,,,,,,,,,0.0,,0.0,0.0,0.0,0.0,0.0,0.0,0.0,0.0,0.0,0.0,0.0,0.0,,0.0,0.0,0.0,0.0,0.0,0.0,0.0,0.0,0.0,0.0,0.0,0.0,0.0,0.0,0.0,Engineering & Construction,Industrials,MYRG
