Quarters,Year,Quarter,FillingDate,Date,NetIncome,Revenue,OperatingIncome,EPSDiluted,GrossProfit,GrossProfitRatio,TotalAssets,CommonStockEquity,CurrentAssets,CurrentLiability,TotalLiability,Inventory,RetainedEarnings,MarketCap,EnterpriseValue,bookValuePerShare,currentRatio,debtToAssets,debtToEquity,roic,shareholdersEquityPerShare,roe,priceToSalesRatio,peRatio,pbRatio,payoutRatio,inventoryTurnover,dividendYield,assetTurnover,quickRatio,returnOnAssets,priceToFreeCashFlowsRatio,grossProfitMargin,epsdilutedGrowth,fiveYNetIncomeGrowthPerShare,fiveYRevenueGrowthPerShare,fiveYShareholdersEquityGrowthPerShare,grossProfitGrowth,netIncomeGrowth,operatingIncomeGrowth,threeYNetIncomeGrowthPerShare,threeYRevenueGrowthPerShare,threeYShareholdersEquityGrowthPerShare,Industry,Sector,Symbol
2023Q3,2023,Q3,2023-04-24,2023-03-26,814008000.0,3869569000.0,942253000.0,6.01,1605612000.0,0.4149330326,19243361000.0,8407388000.0,13730027000.0,4441329000.0,10835973000.0,4881935000.0,21460118000.0,66891271480.0,66591000480.0,62.312027511784414,3.091423085297216,0.2601092917188427,0.5953545857524358,0.06090435822955227,62.312027511784414,0.09682055829943854,17.28649146196902,20.543800392625133,7.9562488944247605,0.28743820699550865,0.46374173355442055,0.003497870422002031,0.2010859225683081,1.943480656353087,0.0423007186738325,41.62542773063278,0.4149330325935524,-0.44196843082636955,0.2578843395213439,0.6102192608295381,0.4697939060254447,-0.3243366189057247,-0.4456900784265925,-0.43918919723217165,0.525125788917635,0.6644575018146252,0.9902605846604383,Semiconductor Equipment & Materials,Technology,LRCX
2023Q2,2023,Q2,2023-01-30,2022-12-25,1468507000.0,5277569000.0,1680162000.0,10.77,2376349000.0,0.4502734119,19206381000.0,8304635000.0,13708788000.0,4546922000.0,10901746000.0,4819966000.0,20879153000.0,56055738160.0,56574305160.0,61.055411783734506,3.0149600103102716,0.26050108034407937,0.602468741853194,0.11223438947540311,61.055411783734506,0.17682980648758193,10.621507394787258,9.542981095765972,6.749934001915798,0.1606938203222729,0.6019171089588599,0.004209738516446645,0.27478206331531174,1.9041307504285316,0.07645932880327637,57.38659058219161,0.4502734118682295,0.036573628488931566,175.75445474802322,1.4225377010566282,0.568195987406193,0.016909195557238743,0.02989594488732915,-0.010412052961409792,2.0214060840211587,1.1624804233871315,0.9899766637106816,Semiconductor Equipment & Materials,Technology,LRCX
2023Q1,2023,Q1,2022-10-24,2022-09-25,1425879000.0,5074121000.0,1697840000.0,10.39,2336835000.0,0.4605398649,18721282000.0,7412567000.0,13612664000.0,5053382000.0,11308715000.0,4360325000.0,19644623000.0,50846793040.0,51593767040.0,54.149410845124955,2.693773001922277,0.2672612377720714,0.67499868803884,0.11783254378463608,54.149410845124955,0.19235967782820715,10.020808143913005,8.9149908652838,6.859539082749606,0.14420227803340957,0.6277710950445208,0.0040438145201851265,0.2710349109638966,1.770454915143957,0.07616353409985491,48.447433877230175,0.4605398649342418,0.1887871853546911,1.859176761795655,1.425230005459547,0.18515569745519006,0.11250733154583263,0.17945148370382502,0.14769091623162287,2.235236517425373,1.4760869409239594,0.5734168868665703,Semiconductor Equipment & Materials,Technology,LRCX
2022Q4,2022,Q4,2022-08-24,2022-06-26,1208934000.0,4635554000.0,1479353000.0,8.74,2100512000.0,0.4531307369,17195632000.0,6278366000.0,12285235000.0,4564759000.0,10917266000.0,3966294000.0,18454724000.0,62067871470.0,63551700470.0,45.497713652141776,2.691321710521848,0.2911105564482887,0.7973141419280112,0.1161846281556251,45.497713652141776,0.19255551524074896,13.389526142937823,12.835248133893165,9.88599127065864,0.17209872499243134,0.6391462660105378,0.003352072418023263,0.2695774136129454,1.7463243952199887,0.07030471459263608,195.06666332482683,0.4531307369086845,0.1972602739726028,1.6995757042276671,1.323831430532732,0.05624603920003484,0.15627165760682585,0.1831669893068749,0.24096696829200978,1.3951485300078295,1.107499676664066,0.4268871580159594,Semiconductor Equipment & Materials,Technology,LRCX
2022Q3,2022,Q3,2022-04-26,2022-03-27,1021778000.0,4060416000.0,1192097000.0,7.3,1816625000.0,0.4473987394,16589031000.0,6026490000.0,11888101000.0,4194741000.0,10562541000.0,3479332000.0,17451404000.0,77593713990.0,78407340990.0,43.28473234742762,2.834048872147291,0.30190708547111644,0.8310552245170904,0.09727990066132604,43.28473234742762,0.16954777988514044,19.109794166410534,18.984973739403273,12.875440594774071,0.20609858501553174,0.6448913182185546,0.0027139698458967915,0.24476511015019503,1.9207648338717456,0.06159359157264822,126.7163023114534,0.4473987394395057,-0.13507109004739334,1.0866477305316877,1.2124295492599457,0.02191903030479442,-0.08154593016083594,-0.14483399312036022,-0.15026413087718823,1.027144222622844,0.8079030723858044,0.2253736282549329,Semiconductor Equipment & Materials,Technology,LRCX
2022Q2,2022,Q2,2022-02-01,2021-12-26,1194830000.0,4226604000.0,1402903000.0,8.44,1977916000.0,0.4679681371,16685428000.0,6475781000.0,12102862000.0,3863151000.0,10209647000.0,3074177000.0,16637683000.0,101731742000.0,101639520000.0,46.04836094716632,3.1328990246562975,0.2993223787846497,0.7712308368673987,0.10751306648672572,46.04836094716632,0.18450747485129593,24.069380997131503,21.285819321577126,15.709571092660484,0.17677493869420755,0.7314764244218859,0.0020762054777357496,0.2533110927690917,2.260324279325349,0.07160919096591349,78.13419835285823,0.46796813706701645,0.02055622732769044,3.152739290798254,1.5971860973351073,0.13607919287007292,0.0005878323757027936,0.012787520004339924,0.022350431741548264,1.315367311137291,0.8469109643997347,0.22206033287241728,Semiconductor Equipment & Materials,Technology,LRCX
2022Q1,2022,Q1,2021-10-26,2021-09-26,1179744000.0,4304465000.0,1372233000.0,8.27,1976754000.0,0.4592333774348264,15565552000.0,5820043000.0,11144682000.0,3409220000.0,9745509000.0,2872141000.0,15653440000.0,87408655810.0,88361836810.0,41.0605320897681,3.26898293451288,0.3209222519060037,0.8582981259760452,0.11142341604418277,41.0605320897681,0.20270365700047233,20.306508662516713,18.522801516684975,15.018558421303759,0.1571790151083625,0.8104445429385256,0.0021214260565117367,0.2765378959898113,2.3491599251441677,0.07579197962269504,272.2188491639598,0.4592333774348264,0.03634085213032571,4.066618666685156,1.9877922021090686,0.03244833574821883,0.03213918539098507,0.030652850591924043,0.04278808778906429,1.429053950391169,1.0281697800199643,0.18763125495627495,Semiconductor Equipment & Materials,Technology,LRCX
2021Q4,2021,Q4,2021-08-17,2021-06-27,1144657000.0,4145179000.0,1315927000.0,7.98,1915201000.0,0.4620309521012241,15892152000.0,6027188000.0,11652387000.0,3527867000.0,9864964000.0,2689294000.0,14684912000.0,92296607520.0,92873405520.0,42.2480268046151,3.3029552984848918,0.31430991850568757,0.8287548024053671,0.10403370512851391,42.2480268046151,0.18991559579691225,22.266012522016542,20.158136350015774,15.313377900274558,0.1619568132637113,0.8292057320620208,0.0020085787005749743,0.2608318244124521,2.481829672150339,0.07202655751090224,69.32750414064913,0.4620309521012241,0.07692307692307696,3.95353043739139,2.003982656745408,0.10681378087323817,0.07587643830706842,0.06865330807630511,0.10091039296984543,0.2643824186799449,0.4957370071112104,0.03318222712092353,Semiconductor Equipment & Materials,Technology,LRCX
2021Q3,2021,Q3,2021-04-28,2021-03-28,1071121000.0,3847654000.0,1195308000.0,7.41,1780131000.0,0.4626536065872867,15284913000.0,5374833000.0,11322270000.0,3612333000.0,9910080000.0,2552032000.0,13725681000.0,81366696040.0,83510377040.0,37.671598587008326,3.134337282858474,0.38057442656036056,1.0822749283559137,0.09861927800129702,37.671598587008326,0.19928451730500277,21.147092758340538,18.99101409644662,15.138460309371473,0.17416426342121946,0.8101477567679403,0.002292719368969968,0.25172887801193244,2.380327339699856,0.07007700992475391,75.65588706108133,0.4626536065872867,0.24328859060402688,7.323148917957527,2.2638874870761727,0.020460355774770594,0.10994921420755147,0.23226560549636516,0.18379676030281542,0.5652685306123788,0.5141075186609485,-0.11141575319547826,Semiconductor Equipment & Materials,Technology,LRCX
2021Q2,2021,Q2,2021-02-02,2020-12-27,869229000.0,3456237000.0,1009724000.0,5.96,1603795000.0,0.4640292317916856,15370374000.0,5508548000.0,11467952000.0,3591053000.0,9861826000.0,2348955000.0,12839890000.0,68477463000.0,70615641000.0,38.299019676006395,3.1934789043770726,0.3789981297787549,1.057509710362876,0.07872717076131433,38.299019676006395,0.1577963920800908,19.812722044234814,19.69488564003272,12.431127585708612,0.21619964359219493,0.7886238774263449,0.0027443627693975754,0.22486355894788246,2.4902428340656626,0.056552234838267434,271.1280779205353,0.4640292317916856,0.06618962432915923,3.293780013200249,1.6705298036249716,0.058906398211579926,0.06481035786583135,0.05559286466347117,0.050631383549898865,98.82128101451318,0.5003308655067742,-0.016297372782530715,Semiconductor Equipment & Materials,Technology,LRCX
2021Q1,2021,Q1,2020-10-27,2020-09-27,823451000.0,3177080000.0,961064000.0,5.59,1506179000.0,0.47407651050650285,15057008000.0,5425492000.0,11274883000.0,3406868000.0,9631516000.0,2138050000.0,12157153000.0,48898324870.0,50596890870.0,37.348413610799426,3.3094569557728684,0.38703791616501765,1.0741206511778103,0.07625317020017869,37.348413610799426,0.15177443815233715,15.390964303700253,14.845547843769696,9.012698732207143,0.20296168199443562,0.7815069806599472,0.003417888045128855,0.21100340784835872,2.6346280513363007,0.054688886397616314,84.35035901018621,0.47407651050650285,0.18181818181818168,2.109418329090005,1.1644775301351693,0.06815753304194665,0.17639721572217207,0.18197633610029382,0.2717163189638518,0.5559800420055765,0.4309623010562441,-0.18256386374447608,Semiconductor Equipment & Materials,Technology,LRCX
2020Q4,2020,Q4,2020-08-18,2020-06-28,696673000.0,2791864000.0,755722000.0,4.73,1280332000.0,0.45859397162612503,14559047000.0,5183489000.0,10853535000.0,3162442000.0,9375558000.0,1900024000.0,11520591000.0,44817695700.0,45713248700.0,35.675618569118,3.4320107688931527,0.3991143788463627,1.1210065266850184,0.06391830915044008,35.675618569118,0.13440233016796216,16.05296522323437,16.08275894860286,8.646241112887477,0.24077149537875014,0.7955331090554646,0.003742695767377438,0.19176145251814902,2.7849841989196955,0.04785155237152541,58.77776834965259,0.45859397162612503,0.21907216494845375,4.792757066715268,1.0571020796184383,0.058530806053342335,0.09710738667377317,0.212066856768056,0.08875775448989648,0.477502708550593,0.329240675955075,-0.17177748539748358,Semiconductor Equipment & Materials,Technology,LRCX
2020Q3,2020,Q3,2020-04-28,2020-03-29,574781000.0,2503625000.0,694114000.0,3.88,1167007000.0,0.4661269159718408,12938635000.0,4549153000.0,9408785000.0,2105661000.0,8389482000.0,1674740000.0,10991046000.0,37095345300.0,38220097300.0,31.308476885912693,4.468328472626886,0.39311241100780725,1.1180846192686857,0.0657759414214528,31.308476885912693,0.12634901486056854,14.816653971740976,16.134556161390165,8.154341104816655,0.28447356471421287,0.7981047804435315,0.004407830650386209,0.1934999325663024,3.6018171965952734,0.044423619647667625,75.69659873523884,0.4661269159718408,0.13119533527696783,2.0488876662781177,0.96616982039567,-0.05681091395578182,-0.010712553956956505,0.11714252395483081,0.011074840752733751,0.12475023862583648,0.3071616564878453,-0.2608310920634954,Semiconductor Equipment & Materials,Technology,LRCX
2020Q2,2020,Q2,2020-02-04,2019-12-29,514510000.0,2583501000.0,686511000.0,3.43,1179644000.0,0.4566067518456544,11914122000.0,4417733000.0,8454965000.0,2565501000.0,7496389000.0,1528620000.0,10584005000.0,42121956980.0,43504428980.0,30.681471243931743,3.2956389414777076,0.37085057547673256,1.0001417016374687,0.05943368012922971,30.681471243931743,0.11646471165188119,16.304215473498946,20.467025412528425,9.53474485216739,0.32403840547316864,0.9183819392654813,0.003958054467392412,0.21684359116013752,2.617127804666613,0.043184885969776036,171.31521421541115,0.4566067518456544,0.11003236245954703,2.2160182213930497,1.3188020875011033,-0.057117038666282906,0.201621660164407,0.10459886343387242,0.2773367072592124,0.746534071155874,0.5505109487074167,-0.24304404391580642,Semiconductor Equipment & Materials,Technology,LRCX
2020Q1,2020,Q1,2019-10-29,2019-09-29,465789000.0,2165746000.0,537455000.0,3.09,981710000.0,0.45328953626140833,12343502000.0,4978946000.0,8834615000.0,2457682000.0,7364556000.0,1483385000.0,10233005000.0,33435377030.000004,33261442030.000004,34.41517076441354,3.594694106072307,0.35915633991066714,0.8903986908072512,0.05068822695723083,34.41517076441354,0.09355172761463973,15.438272553660495,17.945559593506932,6.715352411936181,0.341072889226667,0.7981987144268009,0.004751494199017261,0.1754563656246015,2.940362097293303,0.037735563213745986,78.71018225433214,0.45328953626140833,-0.11965811965811965,2.6898009849941333,1.1003833879785558,0.09684638599914702,-0.09175855844853921,-0.14033313339177778,-0.129042190297933,0.9598995030441861,0.4728308171394158,-0.13464624124869232,Semiconductor Equipment & Materials,Technology,LRCX
2019Q4,2019,Q4,2019-08-20,2019-06-30,541825000.0,2361147000.0,617085000.0,3.51,1080891000.0,0.45778217112276365,12001333000.0,4723304000.0,8560409000.0,2371650000.0,7278029000.0,1540140000.0,9930919000.0,28343385540.0,29175065540.0,31.885992803667026,3.6094739948980665,0.37411669187081137,0.9505843790702441,0.059549498932313115,31.885992803667026,0.11471313301028263,12.004074943237333,13.0777398329719,6.000754035734308,0.3042919761915748,0.831259495889984,0.005816983287593526,0.1967403954210753,2.9037695275441147,0.04514706824650228,34.79684280310703,0.45778217112276365,0.011527377521613714,1.5422165865179387,1.0705047713365399,-0.007806833220633586,0.006100506638047466,-0.010166426131277518,0.09118735599460318,1.2581919794618472,0.6479328509963755,-0.16465077966509092,Semiconductor Equipment & Materials,Technology,LRCX
2019Q3,2019,Q3,2019-04-30,2019-03-31,547390000.0,2439048000.0,565517000.0,3.47,1074337000.0,0.44047390621258786,12895262000.0,5340979000.0,9442241000.0,2805628000.0,7554283000.0,1622242000.0,9547961000.0,27926824700.0,27760834700.0,35.323701562820354,3.365464345237501,0.3695637203804002,0.8922748057987122,0.05226410495217359,35.323701562820354,0.10248870104151317,11.449887292091013,12.75453730429858,5.228783842812338,0.31274959352563986,0.8412499491444556,0.006130163448191803,0.18914295808801712,2.7313667385697604,0.042448924263811,32.575361338342866,0.44047390621258786,-0.01139601139601128,2.5727574487905147,1.1322345654258765,0.14811010414982462,-0.061741451993086664,-0.03773369312039096,-0.18086007830481518,3.013675449501012,0.9523414596790591,-0.043140232532932955,Semiconductor Equipment & Materials,Technology,LRCX
2019Q2,2019,Q2,2019-01-30,2018-12-23,568855000.0,2522673000.0,690379000.0,3.51,1145033000.0,0.4538967198681716,10768458000.0,5841372000.0,7355845000.0,2166837000.0,4927086000.0,1703307000.0,9165445000.0,19111112160.0,17751611160.0,37.680922707744706,3.394738505942071,0.18575472922864164,0.34243530458255356,0.07591274386121383,37.680922707744706,0.09738379955941857,7.575738972114102,8.398938288316003,3.271682091125167,0.295166606604495,0.808803110654744,0.008785830913149745,0.23426501733117222,2.5402487589052614,0.05282604064574519,35.62209626912409,0.4538967198681716,0.08668730650154793,2.9973961803475286,1.366527688646156,0.2606667815678833,0.08205931215141211,0.06654979751012449,0.16667145471659534,1.6071337243926682,0.8084687884458236,0.04181700950282615,Semiconductor Equipment & Materials,Technology,LRCX
2019Q1,2019,Q1,2018-10-23,2018-09-23,533360000.0,2330691000.0,591751000.0,3.23,1058198000.0,0.45402758237793,10957577000.0,5381637000.0,7515873000.0,2824965000.0,5575940000.0,1874194000.0,8767786000.0,24086518920.0,23873893920.0,34.57346875843195,2.6605189798811666,0.21496175660002206,0.43768466732334416,0.06897936217753801,34.57346875843195,0.09910739055792875,10.334496902420785,11.289991244187792,4.475686286533261,0.32693115344232787,0.6789547933671755,0.007239402280551713,0.2127013116129597,1.9348179534967689,0.0486749944809879,36.2646102007263,0.45402758237793,-0.4450171821305842,5.527739663074307,1.4028816838274325,0.19488745432057594,-0.28471523744632987,-0.4776848756201366,-0.38049194143604187,0.8795650324913498,0.4818530960244714,-0.011205362494136254,Semiconductor Equipment & Materials,Technology,LRCX
2018Q4,2018,Q4,2018-08-14,2018-06-24,1021146000.0,3125928000.0,955195000.0,5.82,1479408000.0,0.47327001773553323,12479478000.0,6580043000.0,9149911000.0,3150308000.0,5899435000.0,1876162000.0,8261194000.0,27518245160.0,25422580160.0,40.89116681995576,2.9044496601602128,0.1936452790733715,0.3672608218517721,0.1131531709909223,40.89116681995576,0.15518834755335187,8.80322424572799,6.737098602942185,4.182076797978372,0.08030683173610825,0.8776001219510895,0.0029800228729410737,0.2504854770367799,2.2621696037339842,0.08182601868443536,43.08457163971361,0.47327001773553323,0.34411085450346424,11.033144498159324,2.2012190484830407,0.4212848714355149,0.11174001325604149,0.31117873651771955,0.15429885524180342,6.6664731231807,1.0796583587798025,0.21328126912585632,Semiconductor Equipment & Materials,Technology,LRCX
2018Q3,2018,Q3,2018-04-24,2018-03-25,778800000.0,2892115000.0,827511000.0,4.33,1330714000.0,0.4601179413681683,13663499000.0,6884028000.0,10425797000.0,3948420000.0,6779471000.0,1693128000.0,7414395000.0,34904774880.0,33410775880.0,42.39507815098104,2.6404984778721614,0.23456627032358257,0.4655698669441786,0.08277544042410494,42.39507815098104,0.1131314399069847,12.068944312380387,11.204665793528505,5.070399899593668,0.10238700564971752,0.9221990304336116,0.0022844725477857027,0.21166723106577606,2.1698813702696267,0.05699857701164248,34.858691689586365,0.4601179413681683,73.16666666666666,40.163735410135835,2.436741376526355,0.521694150690644,0.10380758597406864,79.23204419889503,0.12224511134829007,2.6966333559117817,1.0323978150113144,0.2771804632881725,Semiconductor Equipment & Materials,Technology,LRCX
2018Q2,2018,Q2,2018-01-30,2017-12-24,-9955000.0,2580815000.0,737371000.0,-0.06,1205567000.0,0.4671264697392103,12912265000.0,6273555000.0,9666122000.0,3911695000.0,6638710000.0,1507435000.0,6717621000.0,30082293150.0,31528738150.0,38.933533993235486,2.471082740346576,0.24717723807558162,0.5087415349032566,-0.0010562656156013674,38.933533993235486,-0.0015868195943129534,11.656121477130286,-755.4568847312908,4.795095149400938,-7.345755901557006,0.9123099835150438,0.0024308984569549013,0.19987314386747793,2.039715008455414,-0.0007709724049188891,-537.289345228527,0.4671264697392103,-1.0186915887850467,-2.645734808132091,2.1757939898640726,0.4150512007885091,0.048918382066972174,-1.0168531717144356,0.06368666891702802,-1.055603143476088,1.0698807361153786,0.1964799710831782,Semiconductor Equipment & Materials,Technology,LRCX
2018Q1,2018,Q1,2017-10-23,2017-09-24,590690000.0,2478140000.0,693222000.0,3.21,1149343000.0,0.4637926025164034,12398626000.0,7408174000.0,9228780000.0,2788631000.0,4990452000.0,1328297000.0,6808174000.0,27591533969.999996,27618455969.999996,45.68970217280022,3.3094303262066584,0.19626239230056622,0.32847284634513174,0.06050014907584193,45.68970217280022,0.07973489823538162,11.133969013050109,11.677671016099813,3.724471640379937,0.12314073371819398,1.000376421839393,0.0026362434244898204,0.19987214712339899,2.7659267217498478,0.047641569315825805,34.56537487378514,0.4637926025164034,0.1382978723404256,235.80967304094457,2.0323413476133734,0.6403506417946513,0.07519638228148641,0.12208030029026032,0.1402821664673594,3.175110489212312,1.1444283083252793,0.4561771332959209,Semiconductor Equipment & Materials,Technology,LRCX
2017Q4,2017,Q4,2017-08-15,2017-06-25,526424000.0,2344907000.0,607939000.0,2.82,1068961000.0,0.4558649873960886,12122765000.0,6987312000.0,9142498000.0,2950115000.0,5135453000.0,1232916000.0,6249691000.0,24168114870.0,24483993870.0,43.07492001257606,3.099031054721596,0.22217810870704827,0.38547198121394893,0.05477900329520276,43.07492001257606,0.07533998768052722,10.306641103463805,11.47749479032111,3.4588572644244313,0.1400183122350045,1.034900998932612,0.0030498448222577483,0.19343004669314304,2.615003143945236,0.04342441678940407,34.8012557508629,0.4558649873960886,-0.09032258064516137,23.06639175282817,1.6111992761080232,0.08451250984102483,0.1004288637889076,-0.0840228079058591,0.12912086891597235,1.2555345681265073,0.8777558814250236,0.3403578668289299,Semiconductor Equipment & Materials,Technology,LRCX
2017Q3,2017,Q3,2017-04-24,2017-03-26,574713000.0,2153995000.0,538418000.0,3.1,971404000.0,0.45097783421038584,11875186000.0,6921362000.0,8875948000.0,2756739000.0,4953824000.0,1133196000.0,5795760000.0,20883542400.0,21437557400.0,42.356322823851954,3.219727366283134,0.22589835645521678,0.38758050799828125,0.060725340875016555,42.356322823851954,0.08303466861002214,9.695260388255312,9.084335311712106,3.0172590886013473,0.12760630088409344,1.0435891055033728,0.0035117126489038566,0.1813862115507075,2.7277504326670026,0.04839612617436055,55.16399099774944,0.45097783421038584,0.712707182320442,8.242302816258968,1.3972707616706146,0.9454763610157062,0.14715097006720618,0.726948745609106,0.22415580636066826,2.4708755652316077,0.7423711517368323,0.37668817414879985,Semiconductor Equipment & Materials,Technology,LRCX
2017Q2,2017,Q2,2017-01-30,2016-12-25,332791000.0,1882299000.0,439828000.0,1.81,846797000.0,0.4498737979460224,11521059000.0,6593009000.0,8503874000.0,2658018000.0,4928050000.0,1018891000.0,5295000000.0,17576931540.0,17799579540.0,40.53270338561039,3.199328973693933,0.23666296648598015,0.4135604850531828,0.04081461225537142,40.53270338561039,0.05047634547442602,9.33801247304493,13.204181858884404,2.665995380864792,0.14542761072264573,1.0163030196556844,0.002753438499197796,0.16337899146250356,2.731242602570788,0.0288854522835097,47.81732535331964,0.4498737979460224,0.23129251700680278,6.376223582971051,1.3727250912186664,0.970706403381595,0.1823520623515597,0.2613603198969053,0.3920942436547902,1.2287554786186978,0.6828851579795745,0.35607700272373316,Semiconductor Equipment & Materials,Technology,LRCX
2017Q1,2017,Q1,2016-10-25,2016-09-25,263835000.0,1632419000.0,315947000.0,1.47,716197000.0,0.43873356044005857,12636362000.0,6387350000.0,9599002000.0,2486252000.0,6249012000.0,931581000.0,5035547000.0,14681085870.0,13150562870.0,39.770059835499076,3.860832288923247,0.3427551379107373,0.6780868435266582,0.02656139054977529,39.770059835499076,0.04130586236858791,8.993454419484213,13.911237961225766,2.298462722412268,0.18212898212898213,0.9835129741804524,0.0032730548969944827,0.12918425413896817,3.4207284700022362,0.02087903148073789,34.04349237672321,0.43873356044005857,0.006849315068493157,1.815642971253053,0.839262717454203,1.0490080546006044,0.0249190021523103,0.01890792812206736,0.021685352201034146,2.1295490856606607,0.6311214724578696,0.37448590672368903,Semiconductor Equipment & Materials,Technology,LRCX
2016Q4,2016,Q4,2016-08-17,2016-06-26,258939000.0,1546261000.0,309241000.0,1.46,698784000.0,0.45191853121820963,12271528000.0,6102069000.0,9214911000.0,2419802000.0,6169459000.0,971911000.0,4820109000.0,12782565519.999998,12076318519.999998,38.17085361123969,3.8081260367583796,0.3530998747670217,0.710099312216889,0.027211927249774254,38.17085361123969,0.04243462340396348,8.266758018212965,12.341290342513101,2.0947920320140594,0.18269940024484532,0.8719697585478505,0.003700978487141758,0.12600394995635425,3.343281392444506,0.021100795271786855,34.3526853678332,0.45191853121820963,0.7804878048780488,0.6091155368932806,0.609039234703109,0.9333900656786501,0.223222147339676,0.8050693268084572,0.6211593002469161,2.0714450102218733,0.5939445548840347,0.3267329104670769,Semiconductor Equipment & Materials,Technology,LRCX
2016Q3,2016,Q3,2016-04-25,2016-03-27,143451000.0,1314055000.0,190753000.0,0.82,571265000.0,0.43473446697436563,10024262000.0,5871128000.0,6941565000.0,2342186000.0,4153134000.0,934932000.0,4609221000.0,12584756070.0,12738967070.0,36.91627839712272,2.9637121048456443,0.2380456536351504,0.4064350155540809,0.020593322118910486,36.91627839712272,0.02443329459006855,9.57703906609693,21.93215117008595,2.1434988421305072,0.33139538936640384,0.794485588256686,0.0037775066704173314,0.13108745561518642,2.4657973363345183,0.014310380155666323,91.92394721848886,0.43473446697436563,-0.35937500000000006,-0.3878827133725892,0.2629701638549482,0.9652506394257444,-0.0881789596335254,-0.35666427482285407,-0.2013155580863696,6.741336875629464,0.5942939143877083,0.3250426075902657,Semiconductor Equipment & Materials,Technology,LRCX
2016Q2,2016,Q2,2016-02-03,2015-12-27,222980000.0,1425534000.0,238834000.0,1.28,626510000.0,0.4394914467140033,9750421000.0,5729953000.0,6670197000.0,2222980000.0,4020468000.0,879821000.0,4513561000.0,12678672720.0,13089179720.0,36.16846563651972,3.000565457179102,0.243925877662103,0.41507844828744667,0.031440838951620476,36.16846563651972,0.038914804362269635,8.893981287012446,14.215033545609472,2.2127009977219707,0.21479953359045653,0.908166547513642,0.0037776824954591933,0.14620230244417137,2.503544791226192,0.022868756128581524,47.59225801608096,0.4394914467140033,-0.22891566265060237,-0.21902822381355672,0.27216270338739806,1.135657682814924,-0.13269367340243063,-0.2275849646146758,-0.2879723815543127,36.49327786862267,0.7841934357056511,0.31455394566872547,Semiconductor Equipment & Materials,Technology,LRCX
2016Q1,2016,Q1,2015-11-03,2015-09-27,288679000.0,1600043000.0,335428000.0,1.66,722363000.0,0.45146474188506186,9594431000.0,5536820000.0,6515981000.0,2281941000.0,4057611000.0,916683000.0,4337697000.0,9781403040.0,10407085040.0,34.96526725270284,2.8554555091476947,0.24701902593285627,0.42804479827771175,0.039721796576145794,34.96526725270284,0.052138050361037566,6.1132126074111754,8.47083009155498,1.766610263653144,0.16509340824930113,0.957452030854723,0.004872409388009432,0.166767888580365,2.375495685471272,0.030088183447251848,24.481477688258835,0.45146474188506186,1.2432432432432432,0.16373745771776774,0.5505570814225593,1.2919090434391394,0.12598630166880215,1.1991071904685726,0.7558457874211532,117.50162506548665,1.0047175782406246,0.2553222247230383,Semiconductor Equipment & Materials,Technology,LRCX
2015Q4,2015,Q4,2015-08-13,2015-06-28,131271000.0,1481370000.0,191035000.0,0.74,641538000.0,0.43307073857307765,9364648000.0,5344952000.0,6270849000.0,2631361000.0,4019696000.0,943346000.0,4096855000.0,12718918000.0,13578411000.0,33.70295731130588,2.3831199899975717,0.2521218095971146,0.44173118860562266,0.019066277525777917,33.70295731130588,0.024559808956188943,8.585915740159447,24.222634854613737,2.379613137779348,0.21873833519970137,0.8902693179384871,0.0022575819735609582,0.1581874727165399,1.964788563788853,0.014017718551727731,55.557381417270555,0.43307073857307765,-0.3620689655172413,-0.24437708634512942,0.7169325786952342,1.4360345473535059,0.06815828119120483,-0.3636425333882735,-0.203904736107349,5.138382568148369,0.687282476264393,-0.15144871279905273,Semiconductor Equipment & Materials,Technology,LRCX
2015Q3,2015,Q3,2015-04-30,2015-03-29,206285000.0,1393333000.0,239965000.0,1.16,600602000.0,0.43105417010865316,9238541000.0,5277624000.0,6060967000.0,1734996000.0,3960917000.0,919679000.0,4013222000.0,11477632480.0,12193776480.0,33.19427392573211,3.493360791609894,0.25456184044645147,0.4456134048200478,0.02838535373703479,33.19427392573211,0.03908671781089369,8.237537243429962,13.909921322442253,2.174772678008134,0.13924424946069758,0.8619648812248621,0.0025026067048280324,0.15081742885592,2.8795057740767125,0.02232874216827094,72.12331659743997,0.43105417010865316,0.15999999999999992,0.3730154480985756,0.7631564829377078,1.5697762596708307,0.11915432017098444,0.1658471798349723,0.2713983713130692,2.409532733204761,0.5937689549342349,0.5246525415380465,Semiconductor Equipment & Materials,Technology,LRCX
2015Q2,2015,Q2,2015-02-03,2014-12-28,176940000.0,1232241000.0,188741000.0,1.0,536657000.0,0.43551302058607044,8110689000.0,5181940000.0,4914812000.0,1708656000.0,2928749000.0,913390000.0,3835652000.0,12843351200.0,13212919200.0,32.54006329749824,2.8764198293863714,0.16655095516546128,0.260682871665824,0.028568126165761102,32.54006329749824,0.034145513070394484,10.422759184282945,18.146477902113713,2.478483193552994,0.1660506386345654,0.7615410722692387,0.0022876428077432,0.1519280297888379,2.2401764895918195,0.021815655858583655,128.5929672794265,0.43551302058607044,0.24999999999999994,1.0329178091120312,1.021857484104054,1.6137441427464794,0.061554103639877435,0.25417313458226126,0.1214690608325708,3.0058310983518233,0.5865675867887521,0.5821029872285314,Semiconductor Equipment & Materials,Technology,LRCX
2015Q1,2015,Q1,2014-11-03,2014-09-28,141081000.0,1152368000.0,168298000.0,0.8,505539000.0,0.4386957985643475,7893828000.0,5073105000.0,4690976000.0,1599625000.0,2820723000.0,815612000.0,3687437000.0,12163562550.0,12213252550.0,31.37647277112905,2.932547315777135,0.17017953773505073,0.26480193096732674,0.02275081953792377,31.37647277112905,0.027809595898369933,10.555276222526137,21.55421805558509,2.397656376124681,0.2072568240939602,0.7930596901467855,0.0024039009854066153,0.14598341894452221,2.345392826443698,0.017872317461186133,122.50541393896667,0.4386957985643475,-0.40740740740740744,5.5856291283377475,1.8364606936677652,1.645183379719579,-0.09244824391960305,-0.3955268964630776,-0.2203011350474867,0.4955758542401409,0.2897277833116215,0.61655893149081,Semiconductor Equipment & Materials,Technology,LRCX
2014Q4,2014,Q4,2014-08-26,2014-06-29,233395000.0,1248797000.0,215850000.0,1.35,557036000.0,0.4460580863022573,7993306000.0,5213084000.0,4783662000.0,1582001000.0,2780222000.0,740503000.0,3575737000.0,10962489700.0,10845281700.0,32.13688006657831,3.0238046625760666,0.16707342368727032,0.25617638234872103,0.026573740300668326,32.13688006657831,0.04477100311447121,8.778440130781865,11.742421324364274,2.102879926738184,0.0,0.934177174164048,0.0,0.1562303507459867,2.4439049027149795,0.029198807101842465,53.70426107276352,0.4460580863022573,0.40625000000000017,3.0535708572560267,3.464965434390188,1.793282415880129,0.049431233727331304,0.41971215844667753,0.12458775535722659,0.4293399778407156,0.28064839555896454,0.6277635626239485,Semiconductor Equipment & Materials,Technology,LRCX
2014Q3,2014,Q3,2014-05-08,2014-03-30,164396000.0,1227392000.0,191937000.0,0.96,530798000.0,0.43246004536448013,7707367000.0,4991548000.0,4447349000.0,1542705000.0,2715819000.0,717356000.0,3371582000.0,8923090000.0,8958878000.0,30.766824048619927,2.882825297124207,0.17231422871130958,0.26606756060444575,0.02742147429276564,30.766824048619927,0.032934873109504305,7.269959393575973,13.569505949049857,1.7876398263624833,0.0,0.971057605986428,0.0,0.15924919625599768,2.3159722694876854,0.0213297225887907,35.89740598297475,0.43246004536448013,0.10344827586206894,1.6414440956619931,4.446611539710866,1.5699294655268823,0.08817131997646524,0.10338810137457044,0.16697471940853872,-0.3123406330358847,0.1564154587931933,0.6378823451326646,Semiconductor Equipment & Materials,Technology,LRCX
2014Q2,2014,Q2,2014-02-06,2013-12-29,148992000.0,1116061000.0,164474000.0,0.87,487789000.0,0.43706302791693286,7555798000.0,4851244000.0,4249036000.0,1522572000.0,2704554000.0,661572000.0,3207186000.0,8835884200.0,9023086200.0,29.88967684298081,2.79069626920763,0.17466811579663724,0.27204506720338123,0.024720599744737722,29.88967684298081,0.030712122498888945,7.917026219892999,14.826105092890893,1.8213646231770655,0.0,0.9496653425477499,0.0,0.14770921615426988,2.2540871630372816,0.01971889666716871,97.41878941565601,0.43706302791693286,0.74,5.750291122651323,2.034898398600306,1.1721692514416817,0.12951247863881182,0.7424742123359764,0.5603559502125076,-0.49064396831501866,-0.027830287412720856,0.7649108653952198,Semiconductor Equipment & Materials,Technology,LRCX
2014Q1,2014,Q1,2013-11-07,2013-09-29,85506000.0,1015059000.0,105408000.0,0.5,431858000.0,0.4254511314120657,7290345000.0,4713314000.0,3924252000.0,1402890000.0,2577031000.0,614790000.0,3058194000.0,8340275200.0,8496002200.0,28.934498084667517,2.797262793233967,0.1799518404135881,0.2783415236073811,0.016411915796201743,28.934498084667517,0.018141375685982303,8.21654228966001,24.38505835847777,1.7695140192229928,0.0,0.9486182273621887,0.0,0.13923332846387929,2.259435165978801,0.011728663046810542,296.311336909795,0.4254511314120657,0.0,6.425963982658832,0.7762707589371195,1.0627988742679568,0.04331923261831192,-0.002345199341944065,0.21861777150916784,-0.6649191993823241,-0.04377405382324201,0.8966032019244962,Semiconductor Equipment & Materials,Technology,LRCX
2013Q4,2013,Q4,2013-08-27,2013-06-30,85707000.0,986214000.0,86498000.0,0.5,413927000.0,0.41971316570237294,7250315000.0,4675792000.0,3793829000.0,1404475000.0,2574523000.0,559317000.0,2972688000.0,7185009200.0,7326447200.0,28.770563622938717,2.7012435251606473,0.17984197927952095,0.2788642009738671,0.01669797610611586,28.770563622938717,0.018329942820382087,7.28544636356815,20.958058268286138,1.5366400387356836,0.0,1.0231889965797571,0.0,0.13602360725016774,2.207117962227879,0.011821141564194107,54.49463928159699,0.41971316570237294,3.5454545454545454,-0.07427658010431684,0.3580062914877036,1.0494976720563094,0.21803420513665575,3.5118445988629183,6.995008780848507,-0.5185827977316578,0.11539795767394251,1.0795233571031442,Semiconductor Equipment & Materials,Technology,LRCX
2013Q3,2013,Q3,2013-05-09,2013-03-31,18996000.0,844928000.0,10819000.0,0.11,339832000.0,0.4022023178306317,7146302000.0,4542200000.0,3669919000.0,801013000.0,2604102000.0,545036000.0,2886981000.0,6651787200.0,6928832200.0,27.8604462872775,4.581597302415816,0.18137408690536727,0.28535819646867155,-0.007019204897652132,27.8604462872775,0.004182114393906037,7.872608316921679,87.54194567277321,1.4644417242745804,0.0,0.9267204368151829,0.0,0.11823289863764504,3.621661571035676,0.002658158023548403,98.2669365203646,0.4022023178306317,1.7500000000000002,-0.8595744458599369,0.053442346838457964,1.0889261379694561,0.07741571395055387,1.9644194756554307,1.6766452251360713,-0.876698879412834,0.042684040155371035,1.156851317581606,Semiconductor Equipment & Materials,Technology,LRCX
2013Q2,2013,Q2,2013-01-31,2012-12-23,6408000.0,860886000.0,4042000.0,0.04,315414000.0,0.3663830054153512,7363164000.0,4696590000.0,3846408000.0,825482000.0,2666574000.0,530272000.0,2867985000.0,6307328050.000001,6405332050.000001,27.51386944270324,4.659590396883275,0.17495101290695142,0.2742826178142014,-0.00046296877444585767,27.51386944270324,0.00136439416683168,7.326554328912308,246.0724114388265,1.34295905114136,0.0,1.0286645344276144,0.0,0.11691794451407031,3.7694486372810068,0.0008702780489474362,40.8765152104315,0.3663830054153512,1.0,-0.9593196069278623,0.030317973673223746,1.2145676473902782,-0.05532427235643304,1.3150289017341041,-0.7581378650071805,-0.9313154099575451,0.31778190615469004,1.2100207501958322,Semiconductor Equipment & Materials,Technology,LRCX
2013Q1,2013,Q1,2012-11-01,2012-09-23,2768000.0,906888000.0,16712000.0,0.02,333886000.0,0.36816674164836233,7724346000.0,5011646000.0,4169416000.0,854257000.0,2712700000.0,567920000.0,2861577000.0,5847660000.0,5716507000.0,27.853619225467966,4.880751342979923,0.16575034313584605,0.25546756494772377,0.0010853340704683066,27.853619225467966,0.0005523135512763671,6.448050916982031,528.1484826589596,1.1668142562343788,0.0,1.0089484434427385,0.0,0.11740644450675825,3.9384517773925176,0.00035834748987163443,28.483903807654276,0.36816674164836233,-0.8461538461538461,-0.9871558647298141,-0.0866737058737739,1.484129417402439,0.11962255166609101,-0.8468094526537163,-0.4884603611876339,-0.883891021432089,1.0059043193605028,1.3481903519773608,Semiconductor Equipment & Materials,Technology,LRCX
2012Q4,2012,Q4,2012-08-22,2012-06-24,18069000.0,741814000.0,32670000.0,0.13,298213000.0,0.40200508483258607,8004652000.0,5322124000.0,4415109000.0,1426928000.0,2682528000.0,632853000.0,2858809000.0,4882850680.0,4591020680.0,39.718232497742484,3.094135793817207,0.15902277825444505,0.23917556223793357,0.003929095992255316,39.718232497742484,0.003395073094877158,6.582311307147075,67.558396701533,0.9174627798976499,0.0,0.7009542500391086,0.0,0.09267286073148465,2.5428760245786752,0.0022573123728551847,81.60525912927217,0.40200508483258607,-0.6578947368421053,-0.8948041838685517,0.08351770395596791,3.4839680322532995,0.11628803617484007,-0.6037847557231821,-0.43786778622801886,1.1924634197020347,2.210829285033383,2.452240547182503,Semiconductor Equipment & Materials,Technology,LRCX
2012Q3,2012,Q3,2012-05-03,2012-03-25,45604000.0,658961000.0,58118000.0,0.38,267147000.0,0.4054063897559947,4193263000.0,2609142000.0,3423909000.0,651655000.0,1584121000.0,376126000.0,2840740000.0,5331965772.0,4679625772.0,21.771697499186423,5.254174371408184,0.18074873910842224,0.2904889806687409,0.014430016456917437,21.771697499186423,0.01747854275466801,8.091473959763931,29.229704477677394,2.0435705576775813,0.0,1.0417094271600473,0.0,0.15714754834123212,4.412977725943943,0.010875540122334324,45.02626919666608,0.4054063897559947,0.40740740740740733,-0.6756349435589631,0.1874048442562814,0.7814277294827549,0.13763808096207406,0.3731181500662411,0.222353089639507,1.2408893846432607,2.9586762468565384,0.8185733707606029,Semiconductor Equipment & Materials,Technology,LRCX
2012Q2,2012,Q2,2012-02-03,2011-12-25,33212000.0,583981000.0,47546000.0,0.27,234826000.0,0.40211239749238414,3978147000.0,2462744000.0,3212851000.0,593605000.0,1515403000.0,373130000.0,2795136000.0,4421961270.0,3666928270.0,20.56760119927509,5.412439248321696,0.18900633888089102,0.3053078192455245,0.012354338813074232,20.56760119927509,0.01348577034397404,7.572097842224319,33.28587009213537,1.7955423990475665,0.0,0.935746254656554,0.0,0.14679724002154773,4.518201497628895,0.00834861054656854,31.067498067924742,0.40211239749238414,-0.5344827586206896,-0.7641047561159106,0.09574183476996367,0.6816295547075518,-0.17280710715329908,-0.5376820067373813,-0.5216652078994759,2.435319475549098,1.1525399170273056,0.49470705674330645,Semiconductor Equipment & Materials,Technology,LRCX
2012Q1,2012,Q1,2011-11-03,2011-09-25,71838000.0,680436000.0,99399000.0,0.58,283883000.0,0.41720749636997456,3900954000.0,2389882000.0,3134629000.0,594594000.0,1511072000.0,396301000.0,2761924000.0,4710953800.0,4119333800.0,19.409420937220823,5.271881317335863,0.19167055033204697,0.31285979809881825,0.026061407832408432,19.409420937220823,0.030059224681385943,6.923434092258493,16.39436579526156,1.971207699794383,0.0,1.000635880303103,0.0,0.1744281014336493,4.331770922680014,0.0184154952865376,66.19483194694244,0.41720749636997456,-0.42368266775305796,-0.5487889064854916,0.29770617724145737,0.722581511285928,-0.1612360911674851,-0.42953116066323616,-0.30094731734075997,7.253858542916194,0.5752580359001999,0.3837368646359256,Semiconductor Equipment & Materials,Technology,LRCX
2011Q4,2011,Q4,2011-08-19,2011-06-26,125928000.0,752018000.0,142191000.0,1.00639,338454000.0,0.4500610357730799,4057394000.0,2469845000.0,3276792000.0,684286000.0,1587549000.0,396607000.0,2690086000.0,5420583000.0,4671721000.0,19.742965627498002,4.788629315812394,0.1831890124547924,0.3009379131079076,0.040659067812436625,19.742965627498002,0.050986195490000386,7.208049541367361,10.761274299599771,2.1947057406436437,0.0,1.042755170735766,0.0,0.18534507617451004,3.9644461526320867,0.031036670335688375,33.145911934302326,0.4500610357730799,-0.3059379310344828,0.1924594275737422,0.6549596356674429,1.0462050442316406,-0.09508875217569161,-0.30899912203687446,-0.2782036183475807,0.767000885700041,0.3452665958232423,0.40640839099807147,Semiconductor Equipment & Materials,Technology,LRCX
2011Q3,2011,Q3,2011-05-03,2011-03-27,182240000.0,809087000.0,196996000.0,1.45,374019000.0,0.46227290761067724,3148495000.0,2323156000.0,2372774000.0,667391000.0,825339000.0,355734000.0,2564156000.0,6785992380.0,5863473380.0,18.784514125846986,3.5552981685398812,0.006412905213443248,0.00869119422027621,0.07645929346490844,18.784514125846986,0.07844501187178132,8.387222115792245,9.30914231233538,2.921023116829003,0.0,1.2230149493722837,0.0,0.25697579319643193,2.8369936064465957,0.057881622807087196,32.96987902285448,0.46227290761067724,-0.18539325842696633,1.3915236107344435,1.0956633989874927,1.1400928102455636,-0.08201103003438602,-0.1785662772248666,-0.18294180104851018,0.7759366453031843,0.3297992072881215,0.40842907331520306,Semiconductor Equipment & Materials,Technology,LRCX
2011Q2,2011,Q2,2011-02-03,2010-12-26,221856000.0,870714000.0,241104000.0,1.78,407433000.0,0.467929767983517,2933217000.0,2084779000.0,2179745000.0,689871000.0,848438000.0,333874000.0,2381916000.0,6476343610.0,5767920610.0,16.93551636461117,3.159641440211286,0.007035619935381528,0.009898890961583938,0.10492223903714994,16.93551636461117,0.10641703509100965,7.43796885085114,7.297913522735468,3.1064892777603768,0.0,1.387592325248447,0.0,0.29684609082792035,2.4953911673341826,0.07563572691689704,43.890155803141816,0.467929767983517,0.14838709677419354,2.1645684619588272,1.696469288398321,1.02567464991507,0.07979041995515813,0.14521690652681135,0.0763859746243203,0.9530043565803926,0.4450090074347353,0.3631251217143111,Semiconductor Equipment & Materials,Technology,LRCX
2011Q1,2011,Q1,2010-11-03,2010-09-26,193724000.0,805874000.0,223994000.0,1.55,377326000.0,0.4682195976045883,2652296000.0,1886628000.0,1919431000.0,612397000.0,765668000.0,338335000.0,2160060000.0,5106127850.0,4498149850.0,15.255957627461287,3.1342919707314048,0.007654877132869031,0.010761527974778282,0.10203537370705743,15.255957627461287,0.10268266982150165,6.336136728570471,6.589436324358365,2.7064836576155975,0.0,1.2666380953788405,0.0,0.3038401445389202,2.384363411316515,0.07304011316987244,21.579990406315773,0.4682195976045883,0.4149307140379383,3.319102245192779,1.7709216138512092,0.9663718472107454,0.1899649941656943,0.38377250941091595,0.4384685037600262,0.30789886669360667,0.18084093674538962,0.3606049837275674,Semiconductor Equipment & Materials,Technology,LRCX
2010Q4,2010,Q4,2010-08-23,2010-06-27,139997000.0,695289000.0,155717000.0,1.09546,317090000.0,0.4560549641947449,2487392000.0,1768135000.0,1756661000.0,558657000.0,719257000.0,318479000.0,1966336000.0,5212962000.0,4689807000.0,13.835172143974962,3.1444356734096233,0.009090645945633016,0.012788616253849396,0.07643975170342457,13.835172143974962,0.07917777771493692,7.497547063163663,9.309060194147017,2.94828279514856,0.0,1.187516288358102,0.0,0.27952530200306186,2.374170555457105,0.05628264463341524,33.98479702198956,0.4560549641947449,0.16538297872340443,1.346450129491537,1.1914524428169617,0.8478952311344612,0.08269511149960221,0.16372266232200897,0.044428645208024524,-0.14543067406454946,0.06480618825257412,0.5619141566239414,Semiconductor Equipment & Materials,Technology,LRCX
2010Q3,2010,Q3,2010-05-05,2010-03-28,120301000.0,632763000.0,149093000.0,0.94,292871000.0,0.46284469856802624,2324359000.0,1644448000.0,1604735000.0,533361000.0,679911000.0,281469000.0,1828610000.0,4734547330.0,4299004330.0,12.91718444390332,3.0087220475437837,0.011111020285592715,0.015704966043316664,0.07125241389716856,12.91718444390332,0.07315585533869116,7.482339090623188,9.83896087729944,2.879110394491039,0.0,1.2075645985881216,0.0,0.27223118287665543,2.250552627582444,0.051756634839970936,48.09430157553102,0.46284469856802624,0.7407407407407405,1.2247614133533014,0.9914520786000485,0.6371421360236156,0.3121225426067633,0.7291085750424009,0.6321430135306739,-0.19452233478138958,0.07333013038130987,0.05692404352359488,Semiconductor Equipment & Materials,Technology,LRCX
2010Q2,2010,Q2,2010-02-05,2009-12-27,69574000.0,487176000.0,91348000.0,0.54,223204000.0,0.4581588584002496,2184842000.0,1584784000.0,1434981000.0,445243000.0,600058000.0,241296000.0,1710617000.0,4893258240.0,4509611240.0,12.449597787833081,3.2229164748238603,0.02129169981170263,0.029353527042171045,0.04267643901925273,12.449597787833081,0.04390125089602116,10.044128282181388,17.582926955471873,3.0876499510343365,0.0,1.093975863669518,0.0,0.22297996834553713,2.394690090579751,0.031843950271918976,73.67478567234292,0.4581588584002496,3.153846153846154,-0.10281626891639528,0.3830705754675996,0.6587596011538422,0.6319660744315274,3.1420491754479967,2.12279502256256,-0.5351723027519123,-0.14016270078262777,0.017892722705054598,Semiconductor Equipment & Materials,Technology,LRCX
2010Q1,2010,Q1,2009-11-06,2009-09-27,16797000.0,318548000.0,29252000.0,0.13,136770000.0,0.42935444579780757,1995105000.0,1503760000.0,1240454000.0,336911000.0,491345000.0,220083000.0,1641043000.0,4340741760.0,4026734760.0,11.861738211305157,3.6818447601888926,0.023635848739790636,0.031358727456509014,0.010968359443418747,11.861738211305157,0.011170000531999787,13.626648919472105,64.60590819789249,2.886592115763154,0.0,0.825952027189742,0.0,0.15966477954794359,2.6771165085141178,0.008419105761350906,-1387.7051662404092,0.42935444579780757,1.1855261092320646,-0.7999973047907989,-0.1886078986558502,0.7569131870786892,1.018536830143011,1.1898180585376879,1.4487466633939803,-0.8975313666355947,-0.4099379853562454,0.052726456940543426,Semiconductor Equipment & Materials,Technology,LRCX
2009Q4,2009,Q4,2009-08-27,2009-06-28,-88490000.0,217764000.0,-65186000.0,-0.70071,67757000.0,0.31114876655461876,1951871000.0,1453089000.0,1195827000.0,340763000.0,498782000.0,233410000.0,1624246000.0,3213072000.0,2885139000.0,11.505059382422802,3.5092630361864403,0.023687016201378062,0.031817734495271796,-0.06173717975017243,11.505059382422802,-0.060897852781212986,14.754835510001653,-9.077500282517798,2.211201103304753,0.0,0.642675977892978,0.0,0.11156679924031865,2.4444349885404226,-0.0453359878803466,-50.22936468234117,0.31114876655461876,0.5565126582278481,-2.8601946836745533,-0.2686258630750433,0.9796610586322475,0.8555935916746542,0.5538896646988541,0.6660279531109107,-1.8299835020358917,-0.5253218791330188,0.19241004551561428,Semiconductor Equipment & Materials,Technology,LRCX
2009Q3,2009,Q3,2009-05-08,2009-03-29,-198359000.0,174412000.0,-195184000.0,-1.58,36515000.0,0.20936059445451002,2033482000.0,1503258000.0,1253471000.0,369998000.0,530224000.0,260667000.0,1712736000.0,2810167080.0,2480736080.0,11.971855438574137,3.387777771771739,0.022236243055015977,0.03007933435245314,-0.1376157280551587,11.971855438574137,-0.13195273199943058,16.112234708620967,-3.5417690651797997,1.8693844170461755,0.0,0.5290159475499392,0.0,0.08577012238121606,2.216201168654966,-0.09754647447088295,-80.24921697412759,0.20936059445451002,-7.3157894736842115,-11.988679304793633,-0.19920340437517994,1.1336127426608973,-0.639720972452443,-7.206147608803574,-4.219940094137783,-3.5638299944754266,-0.5550522497617163,0.3639363561785245,Semiconductor Equipment & Materials,Technology,LRCX
2009Q2,2009,Q2,2009-02-06,2008-12-28,-24172000.0,283409000.0,-37392000.0,-0.19,101352000.0,0.3576174362846628,2538421000.0,1721192000.0,1660486000.0,446412000.0,817229000.0,269959000.0,1911095000.0,2599245520.0,2233366520.0,13.760289085734387,3.71962671254357,0.11307580578635301,0.166764660769978,-0.01008557041861613,13.760289085734387,-0.014043755722778167,9.17135842545579,-26.88281399966904,1.5101426918089325,0.0,0.6743875921899252,0.0,0.1116477526777473,2.779667661263586,-0.0095224551010254,-50.5630766836556,0.3576174362846628,-3.714285714285714,-4.961681908730889,0.5501101183016062,1.5170791951661406,-0.44649664136311507,-3.724219542432097,-3.263575276953811,-1.3393248944454448,-0.13623936329742667,0.645882426987642,Semiconductor Equipment & Materials,Technology,LRCX
2009Q1,2009,Q1,2008-11-07,2008-09-28,8873000.0,440361000.0,16519000.0,0.07,183110000.0,0.41581793119735855,2684570000.0,1760744000.0,1808252000.0,533722000.0,919037000.0,272215000.0,1935266000.0,3828573500.0,3382516500.0,14.02681494817848,3.3880034924548736,0.11151692822314188,0.17002755653292018,0.00278617927561235,14.02681494817848,0.005039347003312236,8.694170237600515,107.87144990420377,2.174406671270781,0.0,0.9450287456605991,0.0,0.16403409112073813,2.5685057014700536,0.0033051848154453042,136.82761516743506,0.41581793119735855,-0.8771606563130648,0.8956575908398109,1.4505974178178453,1.6585955722657775,-0.2196462816961432,-0.8770678045941976,-0.74159992491553,-0.8051097148264625,0.4916797614638318,0.8079451119138213,Semiconductor Equipment & Materials,Technology,LRCX
2008Q4,2008,Q4,2008-08-28,2008-06-29,72178000.0,566160000.0,63928000.0,0.56985,234650000.0,0.4144588102303236,2806755000.0,1778597000.0,1917707000.0,637679000.0,1022811000.0,282218000.0,1926394000.0,4580205000.0,4153998000.0,14.037861089187055,3.0073234338907193,0.10914027052592763,0.1722312586831081,0.02979751103348675,14.037861089187055,0.04058142457228928,8.089948071216618,15.864269583529609,2.5751786379938792,0.0,1.1746593059266242,0.0,0.20171336650331076,2.3069475394359857,0.0257158177325773,25.23584541808084,0.4144588102303236,-0.3050609756097561,19.23667993632102,2.155325972670036,1.8418123803994233,-0.18299629536781706,-0.3027896912793169,-0.25908927598715853,0.22025805151315986,0.7999486411655878,0.8749673868954007,Semiconductor Equipment & Materials,Technology,LRCX
2008Q3,2008,Q3,2008-05-09,2008-03-30,103524000.0,613810000.0,86283000.0,0.82,287208000.0,0.46791026539157066,2794264000.0,1664057000.0,1890683000.0,725042000.0,1120933000.0,305802000.0,1854239000.0,4768632960.0,4522139960.0,13.337209861502949,2.6076875546520064,0.10945995081352371,0.18380379999002439,0.0333685431519938,13.337209861502949,0.06221181125406161,7.768907251429596,11.515766778717978,2.865666837133584,0.0,1.0680178677706489,0.0,0.21966786244964684,1.989697148578979,0.03704875416209778,37.638980220057775,0.46791026539157066,-0.09890109890109898,130.16219952160947,2.3134568514378957,1.668818875076092,-0.06647901423969889,-0.10025291372252497,-0.4651902264866674,0.9534590907289,0.971114323742795,0.690376748592597,Semiconductor Equipment & Materials,Technology,LRCX
2008Q2,2008,Q2,2008-03-31,2007-12-23,115059000.0,610320000.0,161334000.0,0.91,307661000.0,0.5040978503080351,2448164000.0,1549091000.0,1676192000.0,569493000.0,899073000.0,242216000.0,1750715000.0,5594615950.0,5068560950.0,12.424036572161848,2.9433057122739,0.10211734181206815,0.16138496705487282,0.06396863385004511,12.424036572161848,0.07427517169746645,9.1666928004981,12.155972044777027,3.6115476431016638,0.0,1.2495417313472272,0.0,0.2492970242189657,2.303577041333256,0.046998076926219,-1879.279795095734,0.5040978503080351,-0.22881355932203384,77.24810747017575,2.325984828809544,1.5019764698489761,-0.10534274340117539,-0.2256507927961881,-0.18471241017555562,0.5148009178024212,0.7689542702903578,0.6553538757131971,Semiconductor Equipment & Materials,Technology,LRCX
2008Q1,2008,Q1,2008-03-31,2007-09-23,148588000.0,684621000.0,197886000.0,1.18,343887000.0,0.5023027339213959,2289118000.0,1391005000.0,1578704000.0,574354000.0,898113000.0,239875000.0,1635656000.0,6630846650.0,6087678650.0,11.212628066130891,2.7486602339323833,0.10921236913081807,0.1797261692085938,0.08718402691182839,11.212628066130891,0.10682060812146614,9.685426900431041,11.156430280372575,4.7669466680565495,0.0,1.4204648254299115,0.0,0.2990763254668392,2.1770632745658602,0.06491059001763998,31.832698760939593,0.5023027339213959,-0.07929745714441774,12.08577395637014,2.546382428726395,1.3029613156344015,0.00337876281260121,-0.1271390052340643,-0.012293547759160266,0.8079931550918177,0.7820300710145615,0.6607695904482803,Semiconductor Equipment & Materials,Technology,LRCX
2007Q4,2007,Q4,2008-03-31,2007-06-24,170231000.0,678519000.0,200349000.0,1.28163,342729000.0,0.5051133424414055,2101605000.0,1176320000.0,1416361000.0,672798000.0,925285000.0,235431000.0,1469452000.0,6958720000.0,6634753000.0,8.857831325301206,2.1051801580860823,0.11895670213955524,0.2125272034820457,0.11320660414458421,8.857831325301206,0.1447148735038085,10.25574818096472,10.219525233359375,5.9156692056583235,0.0,1.4262777629114263,0.0,0.3228575303161155,1.6062830151100331,0.08100047344767451,24.92485350373225,0.5051133424414055,0.11446086956521752,6.239749600754443,2.5969618435240163,0.665134144694252,0.0505264448497295,0.0333250374830795,0.06019907605848455,2.403361875953153,1.1673088391457398,0.5241558653249594,Semiconductor Equipment & Materials,Technology,LRCX
2007Q3,2007,Q3,2007-04-30,2007-03-25,164741000.0,650270000.0,188973000.0,1.15,326245000.0,0.5017069832531103,2609870000.0,1716178000.0,1944368000.0,642871000.0,893692000.0,228435000.0,1365066000.0,6751537840.0,6506730840.0,12.221487932888486,3.0245072495103993,0.09579021177300019,0.14567253513330203,0.07772065078799567,12.221487932888486,0.09599295644158123,10.382668491549664,10.245685409218105,3.9340545328048724,0.0,1.418456015934511,0.0,0.24915800403851532,2.48113540663679,0.06312230111078329,50.90736096030884,0.5017069832531103,0.0,93.77159633317139,2.576608024612776,1.2236150194935862,0.010309182573796281,-0.01544888421404922,-0.028441428240919258,7.1607316916859505,1.6697671623944832,1.1781020094737245,Semiconductor Equipment & Materials,Technology,LRCX
2007Q2,2007,Q2,2007-01-30,2006-12-24,167326000.0,633400000.0,194505000.0,1.15,322916000.0,0.5098137038206505,2679706000.0,1740510000.0,1956656000.0,638363000.0,939196000.0,212299000.0,1200325000.0,,,,,,,,,,,,,,,,,,,,,,,,,,,,,,,Semiconductor Equipment & Materials,Technology,LRCX
2007Q1,2007,Q1,2006-10-30,2006-09-24,183518000.0,604387000.0,194833000.0,1.27,313164000.0,0.5181514493197239,2534361000.0,1599193000.0,1920600000.0,584244000.0,935168000.0,188179000.0,1032999000.0,,,,,,,,,,,,,,,,,,,,,,,,,,,,,,,Semiconductor Equipment & Materials,Technology,LRCX
