Quarters,Year,Quarter,FillingDate,Date,NetIncome,Revenue,OperatingIncome,EPSDiluted,GrossProfit,GrossProfitRatio,TotalAssets,CommonStockEquity,CurrentAssets,CurrentLiability,TotalLiability,Inventory,RetainedEarnings,MarketCap,EnterpriseValue,bookValuePerShare,currentRatio,debtToAssets,debtToEquity,roic,shareholdersEquityPerShare,roe,priceToSalesRatio,peRatio,pbRatio,payoutRatio,inventoryTurnover,dividendYield,assetTurnover,quickRatio,returnOnAssets,priceToFreeCashFlowsRatio,grossProfitMargin,epsdilutedGrowth,fiveYNetIncomeGrowthPerShare,fiveYRevenueGrowthPerShare,fiveYShareholdersEquityGrowthPerShare,grossProfitGrowth,netIncomeGrowth,operatingIncomeGrowth,threeYNetIncomeGrowthPerShare,threeYRevenueGrowthPerShare,threeYShareholdersEquityGrowthPerShare,Industry,Sector,Symbol
2023Q1,2023,Q1,2023-05-18,2023-03-31,-988865.0,0.0,-1088238.0,-0.11,-1028238.0,0.0,27296801.0,24343114.0,6557097.0,2941217.0,2953687.0,0.0,3929907.0,76262550.0,69868215.0,3.3069266768551535,2.2293822591124695,0.0,0.0,-0.04535618501036481,3.3069266768551535,-0.04062195986922626,0.0,-19.280323906701117,3.1328181760147857,0.0,0.0,0.0,0.0,9.225446133352282,-0.03622640616385781,-63.66837283740563,0.0,-2.0,-2.0910534343379825,0.0,-0.9206283769885929,0.0,-2.1687330102824727,-0.556377750953931,-2.0910534343379825,0.0,-0.9206283769885929,Shell Companies,Financial Services,IPVF
2022Q4,2022,Q4,2023-04-17,2022-12-31,846100.0,0.0,-699212.0,0.11,0.0,0.0,37340678.0,25331979.0,7634888.0,11960419.0,12008699.0,0.0,4977153.0,74495850.0,66993786.0,3.4412605196128374,0.6383461984065942,0.002412382549668755,0.0035559795782240306,-0.018582798533678807,3.4412605196128374,0.03340046981722194,0.0,22.01153823425127,2.940782873694945,0.0,0.0,0.0,0.0,3.1184471045705004,0.02265893511628257,-24.96168419331405,0.0,-0.56,-0.586089950739651,0.0,-0.9047375998503194,1.0,-0.8964546391528004,0.19754217077643807,-0.586089950739651,0.0,-0.9047375998503194,Shell Companies,Financial Services,IPVF
2022Q3,2022,Q3,2022-11-21,2022-09-30,8171298.0,0.0,-871338.0,0.25,-811338.0,0.0,270625279.0,265740029.0,10430297.0,4879245.0,4885250.0,0.0,5789780.0,70108833.3,59834976.3,37.107947193724016,2.1376866707861564,0.00011085438917921633,0.00011289228842524135,-0.0025413260482479425,37.107947193724016,0.03074921768748659,0.0,2.1449723562890495,0.26382488766869217,0.0,0.0,0.0,0.0,55.43866704787319,0.030194141619711734,7.488814210760807,0.0,18.48251748251748,5.861379293932869,0.0,0.0347588721997079,0.10229963398820088,18.32793149662403,0.09593108915164619,5.861379293932869,0.0,0.0347588721997079,Shell Companies,Financial Services,IPVF
2022Q2,2022,Q2,2022-08-22,2022-06-30,-471568.0,0.0,-963796.0,-0.0143,-903796.0,0.0,259982165.0,257568731.0,1011465.0,2361044.0,2413434.0,0.0,-1402636.0,70180446.0,69420784.0,35.96690684752844,0.42839735303535215,0.00015385670782455405,0.00015529835413134835,-0.00416193416765177,35.96690684752844,-0.001830843356525292,0.0,-37.20589925525057,0.27247269390009926,0.0,0.0,0.0,0.0,110.02351586840398,-0.0018138474998852325,-212.89704378953115,0.0,0.1686046511627907,0.5457330783184194,0.0,0.08169173253101018,0.0,0.16775410724276016,-0.3080161446613774,0.5457330783184194,0.0,0.08169173253101018,Shell Companies,Financial Services,IPVF
2022Q1,2022,Q1,2022-05-19,2022-03-31,-566621.0,0.0,-736838.0,-0.0172,0.0,0.0,259959298.0,258040299.0,1152855.0,1765020.0,1918999.0,0.0,-766811.0,70753347.60000001,69952542.60000001,36.032756619985,0.6531682360539824,0.0002095058742619008,0.00021106393152954764,-0.0024752285771247134,36.032756619985,-0.0021958624377504694,0.0,-31.217227917779258,0.2741949527813871,0.0,0.0,0.0,0.0,0.4845656139873769,-0.0021796527547170096,-109.50445596271919,0.0,-1.2857142857142858,-0.8206383746817411,0.0,-0.13515518970531407,0.0,-1.2849301856402722,-1.3701156099560385,-0.8206383746817411,0.0,-0.13515518970531407,Shell Companies,Financial Services,IPVF
2021Q4,2021,Q4,2022-03-31,2021-12-31,1988631.0,0.0,1990832.0,0.0602,0.0,0.0,260594466.0,258693836.0,1750562.0,1666965.0,1900630.0,0.0,-109659.0,70968185.7,69647067.7,36.12401655013706,1.0501492232890313,0.000691776010316351,0.0006968585057434457,0.007781433939888471,36.12401655013706,0.007687199010029756,0.0,8.921738836918465,0.27433272781961454,0.0,0.0,0.0,0.0,0.9006733794650758,0.007631132888293952,58.44480765097256,0.0,1.2564812645122807,0.0,0.0,0.0,0.0,2.1831032923622433,2.196588203685995,0.0,0.0,0.0,Shell Companies,Financial Services,IPVF
2021Q3,2021,Q3,2021-11-22,2021-09-30,-1680860.0,0.0,-1663757.0,-0.234715,0.0,0.0,259431193.0,256813482.0,538902.0,2425396.0,2617711.0,0.0,-1974142.0,70932379.35,70645265.35,35.86144385004336,0.22219134524836356,0.0,0.0,-0.006478464397753074,35.86144385004336,-0.0065450613687018195,0.0,-10.550012991861308,0.276201929889335,0.0,0.0,0.0,0.0,0.11837819473603486,-0.006479020431440563,-243.09310208334045,0.0,-0.6191931456007947,0.0,0.0,0.0,0.0,-0.49154690112199223,-0.5457124833584022,0.0,0.0,0.0,Shell Companies,Financial Services,IPVF
2021Q2,2021,Q2,2021-08-16,2021-06-30,-1126924.0,0.0,-1076369.0,-0.144958,0.0,0.0,259778863.0,258494343.0,1008283.0,1125685.0,1284520.0,0.0,-1397731.0,75409002.8,74830098.8,33.25060714236099,0.8957061700209206,0.0,0.0,-0.004163994412829375,33.25060714236099,-0.0043595692923925995,0.0,-16.728945962638118,0.2917239964512492,0.0,0.0,0.0,0.0,0.5142682011397505,-0.004338012673494533,-585.737387954203,0.0,-2.62395,0.0,0.0,0.0,0.0,-3.1613547655710525,-2.732182855874786,0.0,0.0,0.0,Shell Companies,Financial Services,IPVF
2021Q1,2021,Q1,2021-07-23,2021-03-31,-270807.0,0.0,-288402.0,-0.04,0.0,0.0,259964789.0,259621267.0,1205984.0,247017.0,343522.0,0.0,-270807.0,60506243.43000001,59798596.43000001,41.66384094703332,4.882190294595109,0.0,0.0,-0.00111085660790647,41.66384094703332,-0.0010430848101515506,0.0,-55.857348065227264,0.23305580520874666,0.0,0.0,0.0,0.0,2.8647704409008288,-0.0010417064597159733,-112.11046731344335,0.0,0.0,0.0,0.0,0.0,0.0,0.0,0.0,0.0,0.0,0.0,Shell Companies,Financial Services,IPVF
