Quarters,Year,Quarter,FillingDate,Date,NetIncome,Revenue,OperatingIncome,EPSDiluted,GrossProfit,GrossProfitRatio,TotalAssets,CommonStockEquity,CurrentAssets,CurrentLiability,TotalLiability,Inventory,RetainedEarnings,MarketCap,EnterpriseValue,bookValuePerShare,currentRatio,debtToAssets,debtToEquity,roic,shareholdersEquityPerShare,roe,priceToSalesRatio,peRatio,pbRatio,payoutRatio,inventoryTurnover,dividendYield,assetTurnover,quickRatio,returnOnAssets,priceToFreeCashFlowsRatio,grossProfitMargin,epsdilutedGrowth,fiveYNetIncomeGrowthPerShare,fiveYRevenueGrowthPerShare,fiveYShareholdersEquityGrowthPerShare,grossProfitGrowth,netIncomeGrowth,operatingIncomeGrowth,threeYNetIncomeGrowthPerShare,threeYRevenueGrowthPerShare,threeYShareholdersEquityGrowthPerShare,Industry,Sector,Symbol
2023Q1,2023,Q1,2023-05-01,2023-03-31,-6325000.0,42000.0,-4463000.0,-1.28,42000.0,1.0,20285000.0,2667000.0,2583000.0,4215000.0,17618000.0,0.0,-217545000.0,16798356.2,29086356.2,0.5398028171351671,0.6128113879003558,0.7070248952427902,5.3775778027746535,-0.17242628445311228,0.5398028171351671,-2.3715785526809148,399.9608619047619,-0.6639666482213438,6.298596250468691,0.0,0.0,0.0,0.002070495439980281,0.48730723606168447,-0.3118067537589352,-7.072992084210526,1.0,-30.295843520782398,-7.158955103751852,20.523458422459434,-0.7208663997755679,0.0,-2.189611699445285,-0.34711741623905823,-2.817311412263173,-0.8820249739541199,-0.6610497288744459,Packaged Foods,Consumer Defensive,CLXT
2022Q4,2022,Q4,2023-03-02,2022-12-31,-1983000.0,42000.0,-3313000.0,-0.0409,42000.0,1.0,22421000.0,7233000.0,4132000.0,1662000.0,15188000.0,0.0,-212151000.0,71453219.97500001,81570219.97500001,0.14930992618293126,2.4861612515042117,0.6040765353909281,1.8725286879579703,-0.06747220155820748,0.14930992618293126,-0.27416009954375775,1701.267142261905,-9.008222387165912,9.878780585510855,0.0,0.0,0.0,0.0018732438339057135,2.061973525872443,-0.08844386958654833,-18.93302066110228,1.0,0.6591666666666667,0.833540309397414,-0.8701775259616453,-0.927648845738589,0.0,0.6519220642443391,0.46590359503466067,0.8889959923262991,-0.9923994830841956,-0.9212027756827585,Packaged Foods,Consumer Defensive,CLXT
2022Q3,2022,Q3,2022-11-03,2022-09-30,-5697000.0,42000.0,-6203000.0,-0.12,42000.0,1.0,26702000.0,8844000.0,7944000.0,4228000.0,17858000.0,0.0,-209314000.0,80469245.4,87108245.4,0.1890371896043653,1.878902554399243,0.5119466706613737,1.5456806874717322,-0.1641400117420393,0.1890371896043653,-0.6441655359565808,1915.9344142857144,-3.53121140073723,9.098738738127544,0.0,0.0,0.0,0.0015729158864504532,1.662961210974456,-0.21335480488352931,-17.705004488448846,1.0,-4.116883116883117,0.7590660844018001,-0.4790780140707024,-0.9222949411214981,0.024390243902439025,-4.173816155988858,0.08307464892830746,0.6248766964986481,-0.9900554923979852,-0.913862876874702,Packaged Foods,Consumer Defensive,CLXT
2022Q2,2022,Q2,2022-08-04,2022-06-30,1795000.0,41000.0,-6765000.0,0.0385,41000.0,1.0,32017000.0,13759000.0,12863000.0,4501000.0,18258000.0,0.0,-203364000.0,112692292.125,115311292.125,0.29485588032181487,2.85780937569429,0.4352375300621545,1.0127916272984956,0.11738426426825867,0.29485588032181487,0.13046006250454248,2748.5924908536585,15.69530530988858,8.190442047023767,0.0,0.0,0.0,0.0012805696973482838,2.514107976005332,0.056063966018052906,-20.066291332799146,1.0,1.3208333333333333,1.2907465067179407,-0.8988958866742353,-0.0023496081591185707,0.28125,1.3486113808506506,-0.11101987190014781,1.1339080207060905,-0.9295092278842726,-0.8796419255230901,Packaged Foods,Consumer Defensive,CLXT
2022Q1,2022,Q1,2022-05-05,2022-03-31,-5149000.0,32000.0,-6089000.0,-0.12,32000.0,1.0,38345000.0,14921000.0,18973000.0,9520000.0,23424000.0,0.0,-200879000.0,437008936.0,433844936.0,0.3550920523968416,1.9929621848739496,0.36826183335506585,0.946384290597145,-0.12927013773310925,0.3550920523968416,-0.3450841096441257,13656.52925,-21.21814604777627,29.288180148783596,0.0,0.0,0.0,0.0008345286217238232,1.8156512605042017,-0.13428087103924893,-62.88803223485394,1.0,0.3333333333333333,-0.1509442860754393,-0.6316913258309623,-0.09361399157892847,1.5245901639344261,0.2703698455434321,0.13716876859855462,0.45705153067077503,-0.8414931366777085,-0.8676934859346995,Packaged Foods,Consumer Defensive,CLXT
2021Q4,2021,Q4,2022-03-03,2021-12-31,-7057000.0,1943000.0,-7057000.0,-0.18,-61000.0,-0.0313947504,37194000.0,14132000.0,15181000.0,4854000.0,23062000.0,0.0,-196092000.0,815306042.7,801870548.7,0.36920074700189637,3.127523691800577,0.010418508361563694,0.02742046419473535,-0.48603581967595866,0.36920074700189637,-0.49936314746674215,419.61196227483276,-28.882883757262295,57.692190963770166,0.0,0.0,0.0,0.05223960853901167,2.8477544293366295,-0.18973490347905575,-196.1284682944431,-0.03139475038600103,0.10000000000000009,-0.0771174109511061,17.753437399653084,-0.251410940601384,0.882466281310212,0.034213767620090325,-0.014374011786689666,0.2885359920527113,828.3855630647101,-0.870823245550862,Packaged Foods,Consumer Defensive,CLXT
2021Q3,2021,Q3,2021-11-04,2021-09-30,-7307000.0,7762000.0,-6957000.0,-0.2,-519000.0,-0.06686421025508889,39521000.0,15825000.0,17252000.0,5143000.0,23696000.0,1674000.0,-189035000.0,1256325991.1000001,1260372991.1000001,0.4244937251780144,3.35446237604511,0.45466966928974467,1.135481832543444,-0.13440102003361473,0.4244937251780144,-0.46173775671406003,161.8559638108735,-42.983645514575066,79.38868822116905,0.0,4.946833930704899,0.0,0.19640191290706208,2.7470348045887616,-0.18488904632979936,-361.6367274323547,-0.06686421025508889,-0.5384615384615385,-1.0796677936645005,51.74648602574256,0.0,-2.4702549575070822,-0.5200748907842729,-0.16260026737967914,0.1518331211714793,248.70533500941963,-0.8628628026984742,Packaged Foods,Consumer Defensive,CLXT
2021Q2,2021,Q2,2021-08-05,2021-06-30,-4807000.0,11880000.0,-5984000.0,-0.13,353000.0,0.029713804713804713,47776000.0,21896000.0,24973000.0,7156000.0,25880000.0,2468000.0,-181728000.0,1495413829.8000002,1495986829.8000002,0.5886124512555314,3.4897987702627167,0.37805592766242463,0.8248995250274023,-0.10313684936228887,0.5886124512555314,-0.21953781512605042,125.87658500000002,-77.77271842105264,68.29621071428572,0.0,4.670583468395462,0.0,0.2486604152712659,3.002096143096702,-0.10061537173476222,-799.6865400000002,0.029713804713804713,0.5185185185185185,-0.3989921017595075,72.23264975824507,0.0,1.1506615450277422,0.5206422018348624,0.38188203697965084,0.49100950611615896,47.62234320502848,-0.834668226094351,Packaged Foods,Consumer Defensive,CLXT
2021Q1,2021,Q1,2021-05-06,2021-03-31,-10028000.0,4402000.0,-9681000.0,-0.27,-2343000.0,-0.532258064516129,52428000.0,25605000.0,29057000.0,6312000.0,26823000.0,4532000.0,-176921000.0,2235607547.6,2221111547.6,0.6894864000860828,4.603453738910012,0.03604943923094529,0.07381370826010544,-0.2120840361907683,0.6894864000860828,-0.3916422573716071,507.861778191731,-55.73413311727165,87.31136682679166,0.0,1.488305383936452,0.0,0.08396276798657205,3.292934093789607,-0.19127183947508963,-230.80813004336153,-0.532258064516129,0.27027027027027023,-1.7959717672904598,28.745873978976583,0.0,0.5253241491085899,0.25136244867487867,0.25456225456225456,-0.7209851853686301,299.12460161355614,-0.6434645854884088,Packaged Foods,Consumer Defensive,CLXT
2020Q4,2020,Q4,2021-03-04,2020-12-31,-13395000.0,13926000.0,-12987000.0,-0.37,-4936000.0,-0.3544449231653023,63327000.0,36875000.0,39590000.0,6945000.0,26452000.0,1383000.0,-166893000.0,1531141502.8000002,1515724502.8000002,1.016316909413214,5.700503959683226,0.02971876134981919,0.05103728813559322,-0.22785409758408337,1.016316909413214,-0.3632542372881356,109.94840606060608,-28.576735774542744,41.522481431864406,0.0,13.638467100506146,0.0,0.21990620114643042,4.8789056875449965,-0.21152115211521152,-115.00236614090433,-0.3544449231653023,-0.2758620689655173,-1.156869288893784,140.79883196270885,1.0606776271355662,-1.713578889499725,-0.41357112705783033,-0.41918915965468256,-0.5012602775387263,56.471679462588135,-0.5075230202622529,Packaged Foods,Consumer Defensive,CLXT
2020Q3,2020,Q3,2020-11-05,2020-09-30,-9476000.0,5241000.0,-9151000.0,-0.29,-1819000.0,-0.34707116962411755,62478000.0,34896000.0,38267000.0,7919000.0,27582000.0,5953000.0,-153498000.0,1822695866.1,1817404866.1,1.0510751879298401,4.8323020583407,0.030074586254361536,0.05384571297569922,-0.16590521773813408,1.0510751879298401,-0.27154974782209995,347.7763530051517,-48.08716404864922,52.23222908356258,0.0,1.1859566605073073,0.0,0.08388552770575243,3.8396262154312413,-0.1516693876244438,-305.41150571380695,-0.34707116962411755,0.12121212121212131,-2.028380845300926,38.99121814873358,0.0,0.3964830789648308,0.1308016877637131,0.170954883131002,0.435275812788655,90.6003587498892,-0.5679481929732701,Packaged Foods,Consumer Defensive,CLXT
2020Q2,2020,Q2,2020-08-05,2020-06-30,-10902000.0,2307000.0,-11038000.0,-0.33,-3014000.0,-1.3064586042479411,67961000.0,43553000.0,43831000.0,4649000.0,24408000.0,5282000.0,-144022000.0,1628839363.3999999,1626843363.3999999,1.318216484846034,9.428049042804904,0.02764821000279572,0.043142837462402134,-0.1727332477856718,1.318216484846034,-0.25031570729915276,706.0422034677069,-37.351847445422855,37.3990164489243,0.0,1.007383566830746,0.0,0.03394593958299613,7.793073779307378,-0.16041553243772164,-119.58295010645325,-1.3064586042479411,0.029411764705882377,-2.5723279451710086,15.011790717999297,0.0,-1.0,0.014553014553014554,-0.035848348348348345,-1.4940317081033891,7.034859797095028,3.4602101582725537,Packaged Foods,Consumer Defensive,CLXT
2020Q1,2020,Q1,2020-05-07,2020-03-31,-11063000.0,2377000.0,-10656000.0,-0.34,-1507000.0,-0.633992427429533,76421000.0,52536000.0,52033000.0,5550000.0,23885000.0,3198000.0,-133120000.0,1098505095.3,1109675095.3,1.5925723125774198,9.375315315315316,0.004723832454430065,0.006871478605146947,-0.14913508369254885,1.5925723125774198,-0.21057941221257803,462.1392912494741,-24.82385192307692,20.90956858725445,0.0,1.2145090681676047,0.0,0.03110401591185669,8.441981981981982,-0.1447638738043208,-87.49542774193549,-0.633992427429533,0.07801332182490742,-2.4724228274021827,17.082026896580462,0.0,0.08777239709443099,0.09058775174681463,0.10940242373589637,-2.1499485323432936,33.84899729159144,3.0651015751424397,Packaged Foods,Consumer Defensive,CLXT
2019Q4,2019,Q4,2020-03-05,2019-12-31,-12165000.0,3763000.0,-11965000.0,-0.3687688857641296,-1652000.0,-0.4390114270528833,88098000.0,62508000.0,63522000.0,7196000.0,25590000.0,2594000.0,-122057000.0,2312468684.1,2272458684.1,1.8948627629547237,8.827404113396332,0.004040954391700152,0.00569527100531132,-0.14687469311597762,1.8948627629547237,-0.19461508926857363,614.5279521923997,-47.522989808877924,36.99476361585717,0.0,2.0875096376252893,0.0,0.04271379599990919,8.300722623679823,-0.1380848600422257,-300.5548068754874,-0.4390114270528833,-0.15240276801290492,-1.1544591173568741,41.14300661696713,2.8420115477243426,-1.9447415329768272,-0.1402193270222139,-0.11895632656878331,-1.1544591173568741,41.14300661696713,2.8420115477243426,Packaged Foods,Consumer Defensive,CLXT
2019Q3,2019,Q3,2019-11-07,2019-09-30,-10669000.0,2967000.0,-10693000.0,-0.32,-561000.0,-0.1890798786653185,96410000.0,72129000.0,71668000.0,5791000.0,24281000.0,2371000.0,-109892000.0,1853668738.8,1805914738.8,2.194607652839595,12.375755482645484,0.003619956436054351,0.0048385531478323555,-0.11730182759604203,2.194607652839595,-0.1479155402126745,624.7619611729019,-43.43585947136564,25.699354473235452,0.0,1.4879797553774778,0.0,0.030774815890467794,11.709031255396305,-0.11066279431594232,-184.68354476437182,-0.1890798786653185,-0.10344827586206906,-2.444276400301308,21.869510130188317,0.0,-6.3428571428571425,-0.13463788152717218,-0.126527602191319,-2.444276400301308,21.869510130188317,0.0,Packaged Foods,Consumer Defensive,CLXT
2019Q2,2019,Q2,2019-08-07,2019-06-30,-9403000.0,408000.0,-9492000.0,-0.29,105000.0,0.25735294117647056,103576000.0,80190000.0,79284000.0,4968000.0,23386000.0,111000.0,-99223000.0,4196369061.5999994,4138502061.5999994,2.44982217938674,15.958937198067632,0.002973661852166525,0.003840877914951989,-0.09581587846363498,2.44982217938674,-0.11725900985160244,10285.218288235294,-111.56995271721789,52.33032873924429,0.0,2.72972972972973,0.0,0.0039391364794933185,15.56400966183575,-0.09078357920753842,-558.9196938732018,0.25735294117647056,-0.2608695652173912,-2.10997762864974,1.8582364888184109,0.0,-0.14634146341463414,-0.2749830508474576,-0.2617306925428685,-2.10997762864974,1.8582364888184109,0.0,Packaged Foods,Consumer Defensive,CLXT
2019Q1,2019,Q1,2019-05-08,2019-03-31,-7375000.0,157000.0,-7523000.0,-0.23,123000.0,0.7834394904458599,110671000.0,87703000.0,87023000.0,4650000.0,22968000.0,379000.0,-89820000.0,5548714891.200001,5482909891.200001,2.6838591803694873,18.71462365591398,0.0023854487625484546,0.0030101592875956353,-0.070709539161411,2.6838591803694873,-0.08409062403794625,35342.133064968155,-188.09203021016953,63.26710478774957,0.0,0.08970976253298153,0.0,0.001418619150454952,18.168817204301074,-0.06663895690831383,-573.1551380229316,0.7834394904458599,0.11243184695323571,-1.3368176963692537,0.20564847064880132,0.0,60.5,0.1290741615493623,0.12807139545665275,-1.3368176963692537,0.20564847064880132,0.0,Packaged Foods,Consumer Defensive,CLXT
2018Q4,2018,Q4,2019-03-12,2018-12-31,-8468000.0,2000.0,-8628000.0,-0.25913503003738547,2000.0,1.0,118791000.0,93397000.0,95522000.0,7004000.0,25394000.0,0.0,-82445000.0,3385434998.3999996,3310125998.3999996,2.8581051488429017,13.638206739006282,0.002171881708210218,0.002762401361928113,-0.07693953986088818,2.8581051488429017,-0.09066672377057079,1692717.4991999997,-99.94789201700519,36.24779166782658,0.0,0.0,0.0,1.6836292311707116e-05,13.441033695031411,-0.07128486164776793,-441.4441254922414,1.0,-0.12667404364080634,-0.5139450470007586,-0.9773887583353197,4.795075612411098,-0.9259259259259259,-0.13163169851663772,-0.12066502143135473,-0.5139450470007586,-0.9773887583353197,4.795075612411098,Packaged Foods,Consumer Defensive,CLXT
2018Q3,2018,Q3,2018-11-13,2018-09-30,-7483000.0,27000.0,-7699000.0,-0.23,27000.0,1.0,124625000.0,100232000.0,102979000.0,6869000.0,24393000.0,0.0,-73977000.0,4802103783.0,4717740783.0,3.0953944920186247,14.991847430484787,0.0,0.0,-0.06543152169294182,3.0953944920186247,-0.07465679623274005,177855.69566666667,-160.4337759922491,47.90988689240961,0.0,0.0,0.0,0.00021664994984954864,14.843790944824574,-0.06004413239719157,-940.8510546630094,1.0,0.07999999999999996,-1.451955912894071,-0.7887650817562516,0.0,-0.8622448979591837,0.012275607180570221,-0.02762947143619861,-1.451955912894071,-0.7887650817562516,0.0,Packaged Foods,Consumer Defensive,CLXT
2018Q2,2018,Q2,2018-08-01,2018-06-30,-7576000.0,196000.0,-7492000.0,-0.25,196000.0,1.0,128841000.0,106239000.0,107197000.0,5042000.0,22602000.0,0.0,-66494000.0,5571282400.9,5483106400.9,3.560189534961615,21.26080920269734,0.0,0.0,-0.06057420987524559,3.560189534961615,-0.071310912188556,28424.910208673467,-183.84643614374338,52.4410282561018,0.0,0.0,0.0,0.001521254880045948,20.968266560888537,-0.058801158016469915,-2048.265588566176,1.0,-0.5625,-1.7485623377453048,0.5061522117402074,0.0,16.818181818181817,-0.7336384439359268,-0.7439478584729982,-1.7485623377453048,0.5061522117402074,0.0,Packaged Foods,Consumer Defensive,CLXT
2018Q1,2018,Q1,2018-05-07,2018-03-31,-4370000.0,11000.0,-4296000.0,-0.16,11000.0,1.0,71867000.0,53860000.0,52830000.0,2972000.0,18007000.0,0.0,-58918000.0,3654072454.3999996,3618126454.3999996,1.9338510903063937,17.77590847913863,0.0,0.0,-0.06260839150647798,1.9338510903063937,-0.0811362792424805,332188.4049454545,-209.043046590389,67.84390000742665,0.0,0.0,0.0,0.00015306051456162077,17.076043068640647,-0.060806768057662074,-553.1444829548894,1.0,0.34936692655862167,-0.624634419320449,-0.9008882516826204,0.0,-0.9408602150537635,0.36195064972988755,0.36944077498899164,-0.624634419320449,-0.9008882516826204,0.0,Packaged Foods,Consumer Defensive,CLXT
2017Q4,2017,Q4,2018-03-14,2017-12-31,-6849000.0,186000.0,-6813000.0,-0.24591433563885054,186000.0,1.0,72167000.0,57476000.0,57457000.0,4254000.0,14691000.0,0.0,-54548000.0,6135610988.6,6089094988.6,2.0636840933243645,13.506582040432534,0.018706611054914297,0.02348806458347832,-0.0987763505088874,2.0636840933243645,-0.11916278098684668,32987.15585268817,-223.96010324864946,106.75083493284154,0.0,0.0,0.0,0.002577355300899303,13.359426422190879,-0.09490487341859853,-1025.6788680374457,1.0,0.5178150281591165,-0.43670576059596417,1.4672818558402223,3.184312591083779,3.227272727272727,0.4692343459392436,0.4737777091218043,-0.43670576059596417,1.4672818558402223,3.184312591083779,Packaged Foods,Consumer Defensive,CLXT
2017Q3,2017,Q3,2017-11-13,2017-09-30,-12904000.0,44000.0,-12947000.0,-0.51,44000.0,1.0,75573000.0,62112000.0,63062000.0,5087000.0,13461000.0,0.0,-47699000.0,6252681982.8,6198070982.8,2.4327526718683834,12.39669746412424,0.0,0.0,-0.184835679410673,2.4327526718683834,-0.2077537351880474,142106.4087,-121.1384451100434,100.66785778593508,0.0,0.0,0.0,0.0005822185171952946,12.32022803223904,-0.17074881240654732,-2147.9498395053247,1.0,-2.8547587374531385,-4.362583919515334,-0.5634163589039224,0.0,-0.8026905829596412,-2.800883652430044,-2.9959876543209876,-4.362583919515334,-0.5634163589039224,0.0,Packaged Foods,Consumer Defensive,CLXT
2017Q2,2017,Q2,2017-09-01,2017-06-30,-3395000.0,223000.0,-3240000.0,-0.132304,223000.0,1.0,16937000.0,7584000.0,5323000.0,8900000.0,9353000.0,0.0,-34795000.0,2886818175.0,2884297175.0,0.2955503077363021,0.5980898876404495,0.0,0.0,-0.4272151898734177,0.2955503077363021,-0.44765295358649787,12945.37298206278,-212.57865795287185,380.64585640822787,0.0,0.0,0.0,0.013166440337722147,0.29280898876404493,-0.2004487217334829,-1088.543806561086,1.0,-0.2027636363636364,-0.4323506527860548,0.9927903065325788,0.0,3.0545454545454547,-0.1987994350282486,-0.16170670491215489,-0.4323506527860548,0.9927903065325788,0.0,Packaged Foods,Consumer Defensive,CLXT
2017Q1,2017,Q1,2017-03-31,2017-03-31,-2832000.0,55000.0,-2789000.0,-0.11,55000.0,1.0,15092000.0,10421000.0,3697000.0,4048000.0,4671000.0,0.0,-31400000.0,2992500000.0,2989493000.0,0.3917669172932331,0.9132905138339921,0.0,0.0,-0.26763266481143844,0.3917669172932331,-0.27175894827751657,54409.09090909091,-264.16843220338984,287.1605412148546,0.0,0.0,0.0,0.0036443148688046646,0.7527173913043478,-0.1876490856082693,-1482.1693907875185,1.0,0.3573468043048539,-0.10237446477228489,-0.4811320754716981,0.0,-0.2361111111111111,0.37799253239622227,0.38984904834828266,-0.10237446477228489,-0.4811320754716981,0.0,Packaged Foods,Consumer Defensive,CLXT
2016Q4,2016,Q4,2016-12-31,2016-12-31,-4553000.0,72000.0,-4571000.0,-0.17116541353383458,72000.0,1.0,16623000.0,13119000.0,5465000.0,2865000.0,3504000.0,0.0,-28568000.0,2992500000.0,2987474000.0,0.4931954887218045,1.9075043630017452,0.0,0.0,-0.3484259470996265,0.4931954887218045,-0.34705389130269076,41562.5,-164.31473753569077,228.10427624056712,0.0,0.0,0.0,0.004331348132106118,1.8090750436300174,-0.27389761174276606,-985.3473822851498,1.0,-0.8161171964798678,0.0,0.0,0.0,-0.3142857142857143,-0.8161148783406462,-0.8394366197183099,0.0,0.0,0.0,Packaged Foods,Consumer Defensive,CLXT
2016Q3,2016,Q3,2016-09-30,2016-09-30,-2507000.0,105000.0,-2485000.0,-0.094248,105000.0,1.0,,,,,,,,2992500000.0,,,0.0,0.0,0.0,0.0,,0.0,28500.0,-298.4144395692062,0.0,0.0,0.0,0.0,0.0,0.0,0.0,-709.2913012562218,1.0,-0.020353369132166906,0.0,0.0,0.0,5.5625,-0.02035002035002035,0.0028089887640449437,0.0,0.0,0.0,Packaged Foods,Consumer Defensive,CLXT
2016Q2,2016,Q2,2016-06-30,2016-06-30,-2457000.0,116000.0,-2492000.0,-0.092368,16000.0,0.13793103448275862,,,,,,,,2992500000.0,,,0.0,0.0,0.0,0.0,,0.0,25797.41379310345,-304.48717948717945,0.0,0.0,0.0,0.0,0.0,0.0,0.0,-748.4992496248124,0.13793103448275862,0.043601611116288144,0.0,0.0,0.0,1.6666666666666667,0.043596730245231606,0.02694260054666146,0.0,0.0,0.0,Packaged Foods,Consumer Defensive,CLXT
2016Q1,2016,Q1,2016-03-31,2016-03-31,-2569000.0,106000.0,-2561000.0,-0.096579,6000.0,0.05660377358490566,,,,,,,,2992500000.0,,,0.0,0.0,0.0,0.0,,0.0,28231.132075471698,-291.2125340599455,0.0,0.0,0.0,0.0,0.0,0.0,0.0,-355.9533721898418,0.05660377358490566,0.0,0.0,0.0,0.0,0.0,0.0,0.0,0.0,0.0,0.0,Packaged Foods,Consumer Defensive,CLXT
