Year,Date,FillingDate,NetIncome,Revenue,OperatingIncome,EPSDiluted,GrossProfit,GrossProfitRatio,TotalAssets,CommonStockEquity,CurrentAssets,CurrentLiability,TotalLiability,Inventory,RetainedEarnings,EnterpriseValue,bookValuePerShare,currentRatio,debtToAssets,debtToEquity,roic,shareholdersEquityPerShare,roe,priceToSalesRatio,peRatio,pbRatio,payoutRatio,inventoryTurnover,dividendYield,assetTurnover,quickRatio,returnOnAssets,priceToFreeCashFlowsRatio,grossProfitMargin,epsdilutedGrowth,fiveYNetIncomeGrowthPerShare,fiveYRevenueGrowthPerShare,fiveYShareholdersEquityGrowthPerShare,grossProfitGrowth,netIncomeGrowth,operatingIncomeGrowth,threeYNetIncomeGrowthPerShare,threeYRevenueGrowthPerShare,threeYShareholdersEquityGrowthPerShare,Industry,Sector,Price,MarketCap,AvgVolume,Symbol
2022,2022-12-31,2023-03-02,-9803000.0,157000.0,-22370000.0,-0.21,157000.0,1.0,22421000.0,7233000.0,4132000.0,1662000.0,15188000.0,0.0,-212151000.0,77963349.375,0.15724759103886568,2.4861612515042117,0.6040765353909281,1.8725286879579703,-0.37827678697664946,0.15724759103886568,-1.3553159131757224,432.14235270700635,-6.920978208201571,9.380111900317987,0.0,0.0,0.0,0.007002363855314215,2.061973525872443,-0.4372240310423264,-3.248723873539552,1.0,0.7000000000000001,0.8100649733070724,-0.84443168550831,-0.9366543006475653,1.0610894941634241,0.6245068372467154,0.23735169780444565,0.996474347365389,-0.9996930561008112,-0.9983494562504114,Packaged Foods,Consumer Defensive,6.3,31334247,22518,CLXT
2021,2021-12-31,2022-03-03,-26107000.0,25987000.0,-29332000.0,-34.83,-2570000.0,-0.0988956016,37194000.0,14132000.0,15181000.0,4854000.0,23062000.0,0.0,-196092000.0,802286751.9,0.3770970587043151,3.127523691800577,0.4806151529816637,1.2649306538352674,-0.5257380340994484,0.3770970587043151,-1.8473676761958675,30.71665647823912,-30.575468337993644,56.484131892159645,0.0,0.0,0.0,0.6986879604237243,2.8477544293366295,-0.7019142872506319,-41.34212512430081,-0.09889560164697733,0.9896373056994818,-0.5332237293756743,45.22898983181921,-0.23540042979382717,0.7720822986874778,0.4296668487165483,0.33080854170469065,0.2337812736263308,89.15658203905265,-0.876113496042847,Packaged Foods,Consumer Defensive,6.3,31334247,22518,CLXT
2020,2020-12-31,2021-03-04,-45775000.0,23851000.0,-43832000.0,-67.55,-11276000.0,-0.4727684374,63327000.0,36875000.0,39590000.0,6945000.0,26452000.0,1383000.0,-166893000.0,31055745.6,54.41615706089297,5.700503959683226,0.31199962101473305,0.5358101694915254,-0.5976783785315489,54.41615706089297,-1.2413559322033898,1.198974701270387,-0.6247240983069362,0.7755049654237288,0.0,25.399132321041215,0.0,0.37663240008211346,4.8789056875449965,-0.7228354414388807,-0.6290805930749264,-0.4727684373820804,-0.1174524400330851,-304.115502696837,735.0324415473601,58.67225039451511,-4.683467741935484,-0.15415647613524622,-0.10483200161318781,-59.20114004718208,1603.199547817058,20.921032318022693,Packaged Foods,Consumer Defensive,6.3,31334247,22518,CLXT
2019,2019-12-31,2020-03-05,-39661000.0,7296000.0,-39673000.0,-60.45,-1984000.0,-0.2719298246,88098000.0,62508000.0,63522000.0,7196000.0,25590000.0,2594000.0,-122057000.0,5983521.299999997,95.2701744973808,8.827404113396332,0.21112851597085064,0.29756191207525434,-0.39838403595430905,95.2701744973808,-0.6344947846675626,6.303936581688596,-1.1596662035753007,0.73580215812376,0.0,3.577486507324595,0.0,0.08281686303888851,8.300722623679823,-0.4501918318236509,-1.3171111483390607,-0.2719298245614035,-65.42857142857143,-272.039260908244,231.5416275941193,103.4723849458024,-9.40677966101695,-0.42169408897014016,-0.4110972790325449,-132.04055994445218,740.3357150368915,192.16919289811182,Packaged Foods,Consumer Defensive,6.3,31334247,22518,CLXT
2018,2018-12-31,2019-03-12,-27897000.0,236000.0,-28115000.0,-0.91,236000.0,1.0,118791000.0,93397000.0,95522000.0,7004000.0,25394000.0,0.0,-82445000.0,3103493415.6,3.0438913574858555,13.638206739006282,0.002171881708210218,0.002762401361928113,-0.25071339397182096,3.0438913574858555,-0.2986926774949945,13469.501761016949,-113.94782290568878,34.035380318425645,0.0,0.0,0.0,0.00198668249278144,13.441033695031411,-0.2348410233098467,-143.84372214127336,1.0,0.18750000000000006,-3.1067078255386664,-0.8391567835351162,2.33790287789602,-0.5354330708661418,-0.07378752886836028,-0.09019349334987785,-3.1067078255386664,-0.8391567835351162,2.33790287789602,Packaged Foods,Consumer Defensive,6.3,31334247,22518,CLXT
2017,2017-12-31,2018-03-14,-25980000.0,508000.0,-25789000.0,-1.12,508000.0,1.0,72167000.0,57476000.0,57457000.0,4254000.0,14691000.0,0.0,-54548000.0,5054235518.3,2.482372010197437,13.506582040432534,0.018706611054914297,0.02348806458347832,-0.37389451097515003,2.482372010197437,-0.4520147539842717,10040.84944547244,-196.33377668591226,88.74576376748557,0.0,0.0,0.0,0.007039228456219602,13.359426422190879,-0.35999833719012847,-376.0506869876143,1.0,-1.4888888888888892,-4.068267851035804,-0.541183986400614,1.7221459979078957,1.5527638190954773,-1.1495945722323349,-1.1297382112478322,-4.068267851035804,-0.541183986400614,1.7221459979078957,Packaged Foods,Consumer Defensive,6.3,31334247,22518,CLXT
2016,2016-12-31,2016-12-31,-12086000.0,399000.0,-12109000.0,-0.45,199000.0,0.49874686716791977,16623000.0,13119000.0,5465000.0,2865000.0,3504000.0,0.0,-28568000.0,2987474000.0,0.4931954887218045,1.9075043630017452,0.0,0.0,-0.9230124247274945,0.4931954887218045,-0.9212592423202988,7500.0,-247.6005295383088,228.10427624056712,0.0,0.0,0.0,0.024002887565421405,1.8090750436300174,-0.7270649100643687,-152.2048725904074,0.49874686716791977,-1.0326029513394854,-1.052300899983019,-0.6863207547169812,-0.45916642618625547,-0.6180422264875239,-1.0523008999830192,-1.082731338149295,-1.052300899983019,-0.6863207547169812,-0.45916642618625547,Packaged Foods,Consumer Defensive,6.3,31334247,22518,CLXT
2015,2015-12-31,2015-12-31,-5889000.0,1272000.0,-5814000.0,-0.221391,521000.0,0.40959119496855345,25995000.0,24257000.0,25032000.0,1036000.0,1738000.0,0.0,-16482000.0,2967813000.0,0.9119172932330827,24.16216216216216,0.0,0.0,-0.23968339036154512,0.9119172932330827,-0.24277528136208104,2352.5943396226417,-508.15078960774326,123.36645092138352,-0.018678892851078283,0.0,3.675856307435254e-05,0.048932487016733986,24.151544401544403,-0.22654356607039816,-406.81076672104405,0.40959119496855345,0.0,0.0,0.0,0.0,0.0,0.0,0.0,0.0,0.0,0.0,Packaged Foods,Consumer Defensive,6.3,31334247,22518,CLXT
TTM,,,,,,,,,,,,,,,,43622247.0,0.5398028171351671,0.6128113879003558,0.7070248952427902,5.3775778027746535,-0.5007302002073163,0.5398028171351671,-1.5026305264129465,187.63022155688623,-2.5492519164619165,11.670928346456693,0.0,0.0,0.0,0.008232684249445402,0.48730723606168447,-0.6019226029085532,-1.9211678111587982,1.0,,,,,,,,,,,Packaged Foods,Consumer Defensive,6.3,31334247,22518,CLXT
