Quarters,Year,Quarter,FillingDate,Date,NetIncome,Revenue,OperatingIncome,EPSDiluted,GrossProfit,GrossProfitRatio,TotalAssets,CommonStockEquity,CurrentAssets,CurrentLiability,TotalLiability,Inventory,RetainedEarnings,MarketCap,EnterpriseValue,bookValuePerShare,currentRatio,debtToAssets,debtToEquity,roic,shareholdersEquityPerShare,roe,priceToSalesRatio,peRatio,pbRatio,payoutRatio,inventoryTurnover,dividendYield,assetTurnover,quickRatio,returnOnAssets,priceToFreeCashFlowsRatio,grossProfitMargin,epsdilutedGrowth,fiveYNetIncomeGrowthPerShare,fiveYRevenueGrowthPerShare,fiveYShareholdersEquityGrowthPerShare,grossProfitGrowth,netIncomeGrowth,operatingIncomeGrowth,threeYNetIncomeGrowthPerShare,threeYRevenueGrowthPerShare,threeYShareholdersEquityGrowthPerShare,Industry,Sector,Symbol
2023Q1,2023,Q1,2023-04-28,2023-03-31,5000000.0,337500000.0,19700000.0,0.05,98600000.0,0.2921481481,4135500000.0,-143400000.0,3388900000.0,144900000.0,4278900000.0,0.0,-1474200000.0,1012824000.0,335424000.0,-1.4753086419753085,23.387853692201517,0.21109902067464636,-6.087866108786611,0.03441264428854915,-1.4753086419753085,-0.03486750348675035,3.00096,50.6412,-7.062928870292888,0.0,0.0,0.0,0.08161044613710555,23.387853692201517,0.0012090436464756377,-37.651449814126394,0.29214814814814816,-0.7727272727272727,-0.5377615487161653,-0.4170321637426901,0.5955105657154075,-0.053742802303262956,-0.7706422018348624,-0.43874643874643876,1.1851851851851851,-0.0761430044688896,0.5734445689619392,Credit Services,Financial Services,MGI
2022Q4,2022,Q4,2023-02-24,2022-12-31,21800000.0,342100000.0,35100000.0,0.22,104200000.0,0.3045893014,4505200000.0,-145800000.0,172100000.0,159700000.0,4651000000.0,0.0,-1479200000.0,1054152000.0,1712852000.0,-1.506198347107438,1.0776455854727613,0.19448637130427063,-6.00960219478738,0.050066543394537553,-1.506198347107438,-0.149519890260631,3.0814147909967846,12.088899082568808,-7.230123456790124,0.0,0.0,0.0,0.0759344757169493,14.278021289918597,0.004838852881115156,22.66993548387097,0.3045893013738673,4.5,1.270676898858717,-0.45369638323459976,0.6125515054933578,0.037848605577689244,4.190476190476191,0.5194805194805194,2.451541773734287,-0.1563499137028549,0.5194450365093989,Credit Services,Financial Services,MGI
2022Q3,2022,Q3,2022-11-08,2022-09-30,4200000.0,330800000.0,23100000.0,0.04,100400000.0,0.3035066505,4389100000.0,-186400000.0,3670200000.0,138000000.0,4575500000.0,0.0,-1501100000.0,1004640000.0,190340000.0,-1.9296066252587991,26.595652173913045,0.19988152468615433,-4.706545064377682,0.013039148356263616,-1.9296066252587991,-0.022532188841201718,3.037001209189843,59.800000000000004,-5.389699570815451,0.0,0.0,0.0,0.07536852657720261,26.595652173913045,0.0009569159964457406,92.16880733944954,0.30350665054413545,0.3333333333333334,-0.6437041219649915,-0.4568085130744977,0.3382707714465749,0.028688524590163935,0.3548387096774194,0.3508771929824561,1.4313946922642575,-0.19400338559705263,0.40794399128605524,Credit Services,Financial Services,MGI
2022Q2,2022,Q2,2022-08-05,2022-06-30,3100000.0,329600000.0,17100000.0,0.03,97600000.0,0.2961165049,4504700000.0,-184900000.0,3771500000.0,134000000.0,4689600000.0,0.0,-1505300000.0,966000000.0,77900000.0,-1.9140786749482401,28.145522388059703,0.19677226008391235,-4.79394267171444,0.0180820908504825,-1.9140786749482401,-0.0167658193618172,2.9308252427184467,77.9032258064516,-5.224445646295295,0.0,0.0,0.0,0.07316802450773637,28.145522388059703,0.0006881701334162097,65.27027027027027,0.2961165048543689,-0.4000000000000001,-0.6739130434782608,-0.4757158006362672,0.37259648011582136,0.08807134894091416,-0.39215686274509803,-0.0446927374301676,1.0779860857386434,-0.30347823529336543,0.4654811980816279,Credit Services,Financial Services,MGI
2022Q1,2022,Q1,2022-05-06,2022-03-31,5100000.0,307600000.0,17900000.0,0.0513,89700000.0,0.2916124837,4429800000.0,-184300000.0,3691100000.0,121100000.0,4614100000.0,0.0,-1508300000.0,1010592000.0,58192000.0,-1.9258098223615465,30.479768786127167,0.18951194184839046,-4.555073250135648,0.021116937731750815,-1.9258098223615465,-0.027672273467173086,3.285409622886866,49.538823529411765,-5.483407487791644,0.0,0.0,0.0,0.06943880084879679,30.479768786127167,0.0011512935121224435,-25.076724565756823,0.29161248374512355,0.18483412322274884,-0.6239313194642347,-0.4830289877311821,0.39993582554615137,-0.11363636363636363,0.21428571428571427,0.15483870967741936,1.2557993730407522,-0.3396294301111391,0.5579437602230669,Credit Services,Financial Services,MGI
2021Q4,2021,Q4,2022-02-25,2021-12-31,4200000.0,324600000.0,15500000.0,0.0422,101200000.0,0.3117683303,4476500000.0,-185000000.0,3746600000.0,160000000.0,4661500000.0,0.0,-1513400000.0,754284000.0,1498384000.0,-1.9351464435146444,23.41625,0.20089355523288283,-4.861081081081081,0.022231480596117858,-1.9351464435146444,-0.022702702702702703,2.3237338262476896,44.89785714285714,-4.0772108108108105,0.0,0.0,0.0,0.07251200714844186,11.568125,0.0009382329945269742,27.23046931407942,0.31176833025261863,1.26375,-0.6222977684797769,-0.5839764358620142,0.4252132204723777,0.06190975865687303,1.2692307692307692,-0.4216417910447761,1.2266945606694561,-0.3666768708059173,0.5356512440227137,Credit Services,Financial Services,MGI
2021Q3,2021,Q3,2021-10-29,2021-09-30,-15600000.0,319600000.0,26800000.0,-0.16,95300000.0,0.2981852315394243,4483900000.0,-185900000.0,3758600000.0,134300000.0,4669800000.0,0.0,-1517500000.0,769920000.0,-323780000.0,-1.9364583333333334,27.986597170513775,0.1914627890898548,-4.618074233458849,0.027564454196379595,-1.9364583333333334,0.08391608391608392,2.4090112640801,-12.338461538461537,-4.141581495427649,0.0,0.0,0.0,0.071277236334441,27.986597170513775,-0.00347911416400901,22.71150442477876,0.2981852315394243,-0.23076923076923075,-1.9909313725490196,-0.4594775080483773,0.42231314948041565,0.029157667386609073,-0.40540540540540543,0.2237442922374429,0.49850478468899523,-0.381534418202765,0.5124841432474629,Credit Services,Financial Services,MGI
2021Q2,2021,Q2,2021-07-30,2021-06-30,-11100000.0,329300000.0,21900000.0,-0.13,92600000.0,0.2812025508654722,4473000000.0,-168200000.0,3724200000.0,135400000.0,4641200000.0,0.0,-1501900000.0,878976000.0,-168224000.0,-1.9288990825688073,27.505169867060562,0.18430583501006037,-4.901307966706302,0.029078968617107175,-1.9288990825688073,0.06599286563614744,2.6692256301245063,-19.79675675675676,-5.225778834720571,0.0,0.0,0.0,0.07361949474625532,27.505169867060562,-0.002481556002682763,-31.617841726618703,0.2812025508654722,0.3157894736842105,-3.5664027818881325,-0.3848748783572793,0.4549900874296996,0.12106537530266344,0.2792207792207792,1.6071428571428572,-4.5697546868767445,-0.34976972379100396,0.47415895678069286,Credit Services,Financial Services,MGI
2021Q1,2021,Q1,2021-05-07,2021-03-31,-15400000.0,310100000.0,8400000.0,-0.19,82600000.0,0.26636568848758463,4587600000.0,-259200000.0,3819800000.0,188000000.0,4846800000.0,0.0,-1490800000.0,522972000.0,-559428000.0,-3.2562814070351758,20.318085106382977,0.1998430551922574,-3.537037037037037,0.012132307426817876,-3.2562814070351758,0.05941358024691358,1.6864624314737182,-8.489805194805195,-2.017638888888889,0.0,0.0,0.0,0.06759525677914378,20.318085106382977,-0.0033568750544947248,-13.726299212598425,0.26636568848758463,-3.375,-1.8743718592964829,-0.32172581658291455,0.09410628711995107,-0.09429824561403509,-3.1095890410958904,-0.731629392971246,-2.73848113808479,-0.34592766463898444,0.10721635681631193,Credit Services,Financial Services,MGI
2020Q4,2020,Q4,2021-02-22,2020-12-31,7300000.0,323300000.0,31300000.0,0.08,91200000.0,0.28209093721002165,4674100000.0,-237000000.0,3899000000.0,216800000.0,4911100000.0,0.0,-1475300000.0,425723500.0,1146523500.0,-3.042362002567394,17.98431734317343,0.19616610684409833,-3.8687763713080168,0.04235453315290934,-3.042362002567394,-0.03080168776371308,1.3168063717909062,14.57957191780822,-1.796301687763713,0.0,0.0,0.0,0.06916839605485547,9.297970479704796,0.0015617979931965512,12.198381088825215,0.28209093721002165,-0.3333333333333333,1.238224548237385,-0.31582968505973613,0.15201669497560513,-0.012987012987012988,-0.3302752293577982,-0.1448087431693989,1.1126303563787516,-0.3584587207433745,0.21739485380349546,Credit Services,Financial Services,MGI
2020Q3,2020,Q3,2020-10-30,2020-09-30,10900000.0,323200000.0,36600000.0,0.12,92400000.0,0.28589108910891087,4494000000.0,-249100000.0,3718100000.0,257400000.0,4743100000.0,0.0,-1483100000.0,220067500.0,-834832500.0,-3.197689345314506,14.444832944832944,0.19063195371606587,-3.439181051786431,0.05252666227781435,-3.197689345314506,-0.04375752709755119,0.6809019183168317,5.047419724770643,-0.8834504215174629,0.0,0.0,0.0,0.07191811303960836,14.444832944832944,0.002425456163773921,6.491666666666666,0.28589108910891087,3.0,0.773309580571638,-0.3010112858075207,0.186828385159579,0.2537313432835821,3.369565217391304,0.6636363636363637,0.14664154843872423,-0.34189002285355086,-0.09659890048557233,Credit Services,Financial Services,MGI
2020Q2,2020,Q2,2020-07-31,2020-06-30,-4600000.0,279800000.0,22000000.0,-0.06,73700000.0,0.2634024303073624,4417800000.0,-268500000.0,3632100000.0,252900000.0,4686300000.0,0.0,-1494100000.0,249738000.0,-1066062000.0,-3.4511568123393315,14.361803084223013,0.19367105799266604,-3.1865921787709497,0.09072246277420686,-3.4511568123393315,0.01713221601489758,0.8925589706933524,-13.572717391304348,-0.930122905027933,0.0,0.0,0.0,0.063334691475395,14.361803084223013,-0.001041242247272398,10.319752066115703,0.2634024303073624,0.7857142857142857,0.7038933576581806,-0.3775459758750247,0.1382515559056193,-0.11311672683513839,0.786046511627907,0.6793893129770993,-1.600796085910938,-0.4473822810207536,-0.13123246190102963,Credit Services,Financial Services,MGI
2020Q1,2020,Q1,2020-05-01,2020-03-31,-21500000.0,290900000.0,13100000.0,-0.28,83100000.0,0.2856651770367824,3895700000.0,-267700000.0,3075500000.0,264600000.0,4163400000.0,0.0,-1488500000.0,101394000.0,-523706000.0,-3.458656330749354,11.623204837490551,0.22524835074569396,-3.2779230481882706,0.03914175806460579,-3.458656330749354,0.08031378408666418,0.3485527672739773,-1.179,-0.3787598057527083,0.0,0.0,0.0,0.07467207433837308,11.623204837490551,-0.005518905459866006,-2.777917808219178,0.2856651770367824,-0.7500000000000001,0.7608024691358025,-0.2951582824119016,0.18091408515485122,-0.062076749435665914,-0.8067226890756303,0.031496062992125984,-2.960227272727273,-0.39550243038615135,-0.07768468710253329,Credit Services,Financial Services,MGI
2019Q4,2019,Q4,2020-02-28,2019-12-31,-11900000.0,321300000.0,12700000.0,-0.16,88600000.0,0.27575474634298164,4185000000.0,-240400000.0,3383800000.0,260600000.0,4425400000.0,0.0,-1460100000.0,161070000.0,864570000.0,-3.134289439374185,12.984650805832693,0.20317801672640382,-3.537021630615641,0.01935896253484178,-3.134289439374185,0.049500831946755405,0.5013071895424837,-3.3838235294117647,-0.6700083194675541,0.0,0.0,0.0,0.07677419354838709,7.109363008442057,-0.002843488649940263,13.4225,0.27575474634298164,-0.6,-1.9249891351586266,-0.24990154514453472,-0.07392730653981369,-0.1819021237303786,-0.5454545454545454,-0.22560975609756098,-2.3338584673330436,-0.48673379641816367,0.06903782966764849,Credit Services,Financial Services,MGI
2019Q3,2019,Q3,2019-11-06,2019-09-30,-7700000.0,324600000.0,16400000.0,-0.1,108300000.0,0.333641404805915,4238000000.0,-249000000.0,3444800000.0,243200000.0,4487000000.0,0.0,-1447700000.0,304072000.0,-437928000.0,-3.2591623036649215,14.164473684210526,0.1997168475696083,-3.399196787148594,0.022019026894319834,-3.2591623036649215,0.030923694779116467,0.9367590881084411,-9.872467532467534,-1.2211726907630522,0.0,0.0,0.0,0.07659273242095328,14.164473684210526,-0.0018168947616800377,-24.52193548387097,0.333641404805915,0.7560975609756097,-1.1265706806282723,-0.2487649536400597,-0.3123726070101116,0.05658536585365854,0.7169117647058824,0.14685314685314685,-1.614592957601889,-0.3101837995629482,0.02772232475799467,Credit Services,Financial Services,MGI
2019Q2,2019,Q2,2019-08-02,2019-06-30,-27200000.0,323800000.0,14300000.0,-0.41,102500000.0,0.31655342804200126,4383600000.0,-236700000.0,3576600000.0,263000000.0,4620300000.0,0.0,-1439400000.0,154013000.0,-615387000.0,-3.5809379727685324,13.599239543726236,0.19210238160416096,-3.55766793409379,0.018356694511303034,-3.5809379727685324,0.1149133924799324,0.4756423718344657,-1.4155606617647059,-0.650667511618082,0.0,0.0,0.0,0.07386622867049913,13.599239543726236,-0.006204945706725066,7.230657276995305,0.31655342804200126,-0.9523809523809523,-2.0223146747352496,-0.16339042982429056,-0.6038567258315397,0.07781282860147214,-1.0148148148148148,0.6627906976744186,-9.296325215948466,-0.2020721874794234,-0.011793052884418034,Credit Services,Financial Services,MGI
2019Q1,2019,Q1,2019-05-10,2019-03-31,-13500000.0,315400000.0,8600000.0,-0.21,95100000.0,0.30152187698161065,4365300000.0,-282300000.0,3546200000.0,260200000.0,4647600000.0,0.0,-1411500000.0,134135999.99999999,-478064000.0,-4.356481481481482,13.628747117601845,0.2059881336906971,-3.185263903648601,0.027275226060174646,-4.356481481481482,0.04782146652497343,0.42528852251109694,-2.4839999999999995,-0.47515409139213594,0.0,0.0,0.0,0.07225162073626097,13.628747117601845,-0.003092570957322521,-10.817419354838709,0.30152187698161065,-0.1052631578947368,-1.3824786324786327,-0.07042536445932904,-6.896812001875293,-0.13936651583710408,-0.08,-0.3722627737226277,-2.0952380952380953,-0.15257109788359788,-0.2119680982810721,Credit Services,Financial Services,MGI
2018Q4,2018,Q4,2019-03-06,2018-12-31,-12500000.0,345800000.0,13700000.0,-0.19,110500000.0,0.31954887218045114,4296100000.0,-268800000.0,3519300000.0,213500000.0,4564900000.0,0.0,-1403600000.0,129000000.0,-551200000.0,-4.167441860465116,16.48384074941452,0.20972509950885687,-3.3519345238095237,0.18058631234841294,-4.167441860465116,0.04650297619047619,0.373048004626952,-2.58,-0.4799107142857143,0.0,0.0,0.0,0.0804916086683271,16.48384074941452,-0.0029096156979586136,-2.1182266009852215,0.31954887218045114,0.40625,-1.5929901278738487,-0.005016054428329664,-2.8751797040169134,-0.002707581227436823,0.4019138755980861,2.256880733944954,-5.6288014311270125,-0.11618523160123717,-0.16157154189804185,Credit Services,Financial Services,MGI
2018Q3,2018,Q3,2018-11-09,2018-09-30,-20900000.0,347200000.0,-10900000.0,-0.32,110800000.0,0.3191244239631336,4523700000.0,-256200000.0,3731000000.0,268400000.0,4779900000.0,0.0,-1386900000.0,345075000.0,-325125000.0,-3.972093023255814,13.900894187779434,0.1995711475119924,-3.5238095238095237,-0.013447321633063612,-3.972093023255814,0.08157689305230288,0.9938796082949308,-4.127691387559808,-1.3468969555035128,0.0,0.0,0.0,0.07675133187435064,13.900894187779434,-0.0046201118553396555,31.370454545454546,0.3191244239631336,-11.666666666666666,-2.0311386735572783,0.006315704252433811,-1.4454158251514726,-0.06968933669185558,-10.08695652173913,-2.09,-5.1065970574276225,-0.09310653762192576,-0.010102279869721658,Credit Services,Financial Services,MGI
2018Q2,2018,Q2,2018-08-03,2018-06-30,2300000.0,374600000.0,10000000.0,0.03,119100000.0,0.3179391350774159,4526800000.0,-236600000.0,3717000000.0,252700000.0,4763400000.0,0.0,-1365900000.0,431505000.0,-217495000.0,-3.668217054263566,14.709141274238227,0.1998321109834762,-3.823330515638208,-0.006751203475402136,-3.668217054263566,-0.009721048182586645,1.1519087026161239,46.90271739130435,-1.8237743026204565,0.0,0.0,0.0,0.08275161261818503,14.709141274238227,0.0005080851815852257,134.8453125,0.3179391350774159,-0.7272727272727273,-0.8663257437395999,0.13896203440068441,-0.7722290221678225,0.033854166666666664,-0.676056338028169,0.7543859649122807,1.178582145536384,0.005187835420393549,0.08405195388111202,Credit Services,Financial Services,MGI
2018Q1,2018,Q1,2018-05-08,2018-03-31,7100000.0,380000000.0,5700000.0,0.11,115200000.0,0.3031578947368421,4509200000.0,-232700000.0,3683000000.0,258000000.0,4741900000.0,0.0,-1367800000.0,549956000.0,-146844000.0,-3.647335423197492,14.275193798449612,0.20098908897365386,-3.8947142243231627,0.002743386587707025,-3.647335423197492,-0.030511388053287496,1.4472526315789473,19.364647887323944,-2.3633691448216587,0.0,0.0,0.0,0.08427215470593453,14.275193798449612,0.0015745586800319346,30.217362637362637,0.3031578947368421,1.1325301204819278,1.6314997263273128,0.25069623778419164,-0.5188379892756009,-0.18873239436619718,1.1352380952380952,1.1008849557522125,1.0958289794496692,0.11699636075379251,0.13623072483481852,Credit Services,Financial Services,MGI
2017Q4,2017,Q4,2018-03-16,2017-12-31,-52500000.0,408200000.0,-56500000.0,-0.83,142000000.0,0.3478686918177364,4772500000.0,-245300000.0,3946900000.0,255500000.0,5017800000.0,0.0,-1336100000.0,831658000.0,79858000.0,-3.8874801901743266,15.44774951076321,0.19027763226820324,-3.7019975540154912,-0.06562070271504344,-3.8874801901743266,0.21402364451691805,2.0373787359137676,-3.9602761904761903,-3.3903709743171624,0.0,0.0,0.0,0.08553169198533263,15.44774951076321,-0.011000523834468309,37.462072072072075,0.3478686918177364,-7.916666666666667,-3.9381590604841614,0.30508872994041975,-0.7221489070474868,0.04411764705882353,-7.818181818181818,-3.424892703862661,-5.960380348652931,0.15836799675064459,-0.3319992331960198,Credit Services,Financial Services,MGI
2017Q3,2017,Q3,2017-11-02,2017-09-30,7700000.0,397800000.0,23300000.0,0.12,136000000.0,0.3418803418803419,4546100000.0,-184000000.0,3669900000.0,236500000.0,4730100000.0,0.0,-1282900000.0,1016541000.0,338041000.0,-2.9160063391442157,15.51754756871036,0.2001495787598161,-4.9451086956521735,0.021124380815798365,-2.9160063391442157,-0.04184782608695652,2.5554072398190044,33.00457792207792,-5.524679347826086,0.0,0.0,0.0,0.08750357449242208,15.51754756871036,0.0016937594861529664,28.47453781512605,0.3418803418803419,0.3333333333333333,1.1593590935347906,0.3316543916549113,-0.27452858467775265,-0.0742001361470388,0.24193548387096775,0.17676767676767677,3.574801901743265,0.11469512788957854,-0.17419339228898767,Credit Services,Financial Services,MGI
2017Q2,2017,Q2,2017-08-07,2017-06-30,6200000.0,410000000.0,19800000.0,0.09,146900000.0,0.35829268292682925,4410400000.0,-192200000.0,3533800000.0,224900000.0,4602600000.0,0.0,-1282600000.0,1086750000.0,485950000.0,-3.0507936507936506,15.712761227212095,0.20671594413205152,-4.743496357960458,0.019839358727798698,-3.0507936507936506,-0.03225806451612903,2.6506097560975608,43.82056451612903,-5.65426638917794,0.0,0.0,0.0,0.09296208960638491,15.712761227212095,0.0014057681842916743,56.6015625,0.35829268292682925,-0.30769230769230776,1.2808391108678465,0.4094858460616224,-0.878830414537502,0.1539670070699136,-0.29545454545454547,-0.10407239819004525,-0.7555059523809524,0.11145209963684725,-0.36641180415828284,Credit Services,Financial Services,MGI
2017Q1,2017,Q1,2017-05-05,2017-03-31,8800000.0,386100000.0,22100000.0,0.13,127300000.0,0.3297073297073297,4437500000.0,-199300000.0,3620300000.0,150900000.0,4636800000.0,0.0,-1283500000.0,1043900999.9999999,368900999.9999999,-3.209339774557166,23.99138502319417,0.20583661971830985,-4.583040642247868,0.02410113355136052,-3.209339774557166,-0.04415454089312594,2.7037062937062935,29.65627840909091,-5.237837431008529,0.0,0.0,0.0,0.08700845070422535,23.99138502319417,0.0019830985915492956,-37.017765957446805,0.3297073297073297,0.18181818181818185,-0.013474727887460175,0.39732251166420757,-1.4807614177615183,-0.0913633119200571,0.2222222222222222,-0.034934497816593885,-0.7398406210000413,0.18742389274821117,-4.817436148311217,Credit Services,Financial Services,MGI
2016Q4,2016,Q4,2017-03-16,2016-12-31,7200000.0,505200000.0,22900000.0,0.11,140100000.0,0.27731591448931114,4597400000.0,-208400000.0,3791500000.0,168700000.0,4805800000.0,0.0,-1247600000.0,731039000.0,124039000.0,-3.366720516962843,22.47480735032602,0.19906903902205594,-4.391554702495202,0.020462871950674647,-3.366720516962843,-0.0345489443378119,1.447028899445764,25.383298611111112,-3.507864683301344,0.0,0.0,0.0,0.10988819767694784,22.47480735032602,0.0015661025797189716,64.69371681415929,0.27731591448931114,-0.26666666666666666,1.6626566042655024,0.8128890398204152,-1.1841308350212676,0.0014295925661186562,-0.29411764705882354,-0.12595419847328243,-0.6440909655772338,0.5146890710698285,-2.13061284434467,Credit Services,Financial Services,MGI
2016Q3,2016,Q3,2016-10-31,2016-09-30,10200000.0,383100000.0,26200000.0,0.15,139900000.0,0.36517880448968937,4426100000.0,-208500000.0,3613500000.0,170400000.0,4634600000.0,0.0,-1251700000.0,441620000.0,-167480000.0,-3.352090032154341,21.205985915492956,0.21176656650324213,-4.495443645083933,0.02460972896514635,-3.352090032154341,-0.04892086330935252,1.1527538501696686,10.824019607843137,-2.118081534772182,0.0,0.0,0.0,0.08655475475023158,21.205985915492956,0.0023045118727547955,14.479344262295083,0.36517880448968937,1.9999999999999998,-0.25973151612773526,0.3674375402975448,-1.2152314560333388,0.030191458026509573,2.2903225806451615,0.6172839506172839,-0.47815648445873526,0.15142595686448998,-1.0637114901311333,Credit Services,Financial Services,MGI
2016Q2,2016,Q2,2016-08-01,2016-06-30,3100000.0,383700000.0,16200000.0,0.05,135800000.0,0.3539223351576753,4290800000.0,-221200000.0,3469100000.0,161100000.0,4512000000.0,0.0,-1260000000.0,428125000.0,-121875000.0,-3.5392,21.53382991930478,0.21884030949939406,-4.24502712477396,0.013992755642240179,-3.5392,-0.014014466546112115,1.1157805577273912,34.52620967741935,-1.9354656419529837,0.0,0.0,0.0,0.0894238836580591,21.53382991930478,0.0007224759951524191,35.092213114754095,0.3539223351576753,1.7142857142857142,-0.9249375927889714,-0.20854455159330612,-0.127619806085348,0.096045197740113,1.7380952380952381,-0.2987012987012987,-0.8140649214659685,0.20396253081347562,-0.7098968960863696,Credit Services,Financial Services,MGI
2016Q1,2016,Q1,2016-05-03,2016-03-31,-4200000.0,358400000.0,23100000.0,-0.07,123900000.0,0.345703125,4280000000.0,-224300000.0,3452700000.0,158300000.0,4504300000.0,0.0,-1260100000.0,381888000.0,-66612000.0,-3.594551282051282,21.81111813013266,0.21981308411214953,-4.194382523406152,-0.01147527410789265,-3.594551282051282,0.018724921979491754,1.0655357142857143,-22.731428571428573,-1.7025769059295588,0.0,0.0,0.0,0.08373831775700935,21.81111813013266,-0.0009813084112149533,-20.531612903225806,0.345703125,-2.7500000000000004,-1.05010217843744,-0.7957724713907882,0.9606803643006344,-0.06701807228915663,-2.6153846153846154,0.6985294117647058,0.6180555555555556,0.20606950562897694,-0.49685740632886805,Credit Services,Financial Services,MGI
2015Q4,2015,Q4,2016-03-02,2015-12-31,2600000.0,376700000.0,13600000.0,0.04,132800000.0,0.3525351738784178,4505200000.0,-222800000.0,3670100000.0,183500000.0,4728000000.0,0.0,-1226800000.0,389367000.0,-393233000.0,-3.5877616747181964,20.000544959128064,0.2092248956761076,-4.230700179533214,0.024562378438455126,-3.5877616747181964,-0.011669658886894075,1.0336262277674542,37.43913461538462,-1.7476077199281865,0.0,0.0,0.0,0.08361448992275593,20.000544959128064,0.0005771108940779544,25.9578,0.3525351738784178,-0.5,-0.9729067218612091,-0.7894813304735369,0.9602017318434092,0.04897314375987362,-0.46938775510204084,-0.18072289156626506,-0.8521480329842707,0.22377173499917918,-0.5893739760988294,Credit Services,Financial Services,MGI
2015Q3,2015,Q3,2015-11-02,2015-09-30,4900000.0,368600000.0,16600000.0,0.08,126600000.0,0.3434617471513836,4511400000.0,-244200000.0,3659700000.0,178700000.0,4755600000.0,0.0,-1229000000.0,498042000.0,-335258000.0,-3.9323671497584543,20.479574706211526,0.21192977789599682,-3.9152334152334154,0.021158818602279764,-3.9323671497584543,-0.020065520065520065,1.3511720021703744,25.410306122448976,-2.0394840294840293,0.0,0.0,0.0,0.08170412732189564,20.479574706211526,0.0010861373409584607,19.379066147859923,0.3434617471513836,1.4000000000000001,-0.9176811916747908,-0.7888912184106309,0.9558386299501784,0.17657992565055763,1.3951612903225807,2.0573248407643314,1.1030433488717861,0.2537756668524071,-0.7187597538919681,Credit Services,Financial Services,MGI
2015Q2,2015,Q2,2015-08-03,2015-06-30,-12400000.0,358800000.0,-15700000.0,-0.2,107600000.0,0.29988851727982163,4464600000.0,-248700000.0,3603000000.0,169000000.0,4713300000.0,0.0,-1233800000.0,570699000.0,-116301000.0,-4.004830917874396,21.319526627218934,0.21468888590243246,-3.854041013268999,-0.010120828173624086,-4.004830917874396,0.049859268194611985,1.590576923076923,-11.506028225806451,-2.2947285886610373,0.0,0.0,0.0,0.08036554226582449,21.319526627218934,-0.002777404470725261,-12.941020408163265,0.29988851727982163,0.8275862068965517,-1.3034897643986938,-0.7879678599691292,0.9545929796763303,0.05078125,0.8277777777777777,-10.235294117647058,0.43018151418118106,0.25134840967422084,-1.4663739980005257,Credit Services,Financial Services,MGI
2015Q1,2015,Q1,2015-05-04,2015-03-31,-72000000.0,330600000.0,1700000.0,-1.16,102400000.0,0.30973986690865096,4578900000.0,-261800000.0,3711100000.0,220600000.0,4840700000.0,0.0,-1219900000.0,535680000.00000006,-377620000.0,-4.22258064516129,16.822756119673617,0.20987573434667714,-3.6707410236822002,0.01862310725936024,-4.22258064516129,0.2750190985485103,1.6203266787658803,-1.86,-2.046142093200917,0.0,0.0,0.0,0.07220074690427832,16.822756119673617,-0.015724300596213065,-7.348148148148149,0.30973986690865096,-7.823529411764705,-2.1094124807561494,-0.8093539074670917,0.9512302452922986,-0.20435120435120435,-7.857142857142857,1.5666666666666667,-9.084589070142208,0.19839396731246345,-2.263978227219045,Credit Services,Financial Services,MGI
2014Q4,2014,Q4,2015-03-03,2014-12-31,10500000.0,349600000.0,-3000000.0,0.17,128700000.0,0.3681350114416476,4642200000.0,-182700000.0,3784200000.0,202100000.0,4824900000.0,0.0,-1144600000.0,569034000.0,-375366000.0,-2.9185303514377,18.724393864423554,0.2075524535780449,-5.273672687465791,-0.004746263259402122,-2.9185303514377,-0.05747126436781609,1.6276716247139589,13.54842857142857,-3.114581280788177,0.0,0.0,0.0,0.07530912067554177,18.724393864423554,0.002261858601525139,-4.343770992366412,0.3681350114416476,4.4,-0.7799720599441199,-0.8053714825561779,0.9658606385183458,0.03042433947157726,4.5,-1.1840490797546013,2.839620296286748,0.24049672274426936,-0.8933713390831155,Credit Services,Financial Services,MGI
2014Q3,2014,Q3,2014-11-13,2014-09-30,-3000000.0,358000000.0,16300000.0,-0.05,124900000.0,0.3488826815642458,4600200000.0,-157200000.0,3818400000.0,203700000.0,4757400000.0,0.0,-1155100000.0,793782000.0,1759682000.0,-2.4834123222748814,18.74521354933726,0.20996913177687926,-6.1444020356234095,-0.012865407838690413,-2.4834123222748814,0.019083969465648856,2.217268156424581,-66.1485,-5.049503816793893,0.0,0.0,0.0,0.07782270336072344,9.21060382916053,-0.000652145558888744,6.9752372583479785,0.3488826815642458,-1.125,0.9732968915711065,-0.8084184776785216,0.9703529716130647,-0.006364359586316627,-1.1171875,-0.22748815165876776,-1.2139424760563837,0.2556397268120593,-0.6411650766636753,Credit Services,Financial Services,MGI
2014Q2,2014,Q2,2014-08-06,2014-06-30,25600000.0,372400000.0,21100000.0,0.4,125700000.0,0.33754027926960256,4784500000.0,-142000000.0,4023300000.0,189700000.0,4926500000.0,0.0,-1152100000.0,936828000.0,1905128000.0,-2.2327044025157234,21.20875065893516,0.2023826941164176,-6.819014084507042,0.020364775904899032,-2.2327044025157234,-0.18028169014084508,2.5156498388829216,9.1487109375,-6.597380281690141,0.0,0.0,0.0,0.07783467446964155,10.420664206642066,0.005350611349148292,13.716368960468522,0.33754027926960256,-0.25925925925925924,2.2514756267977236,-0.7926163369521462,0.9720352002905742,-0.06333830104321908,-0.3435897435897436,-0.4297297297297297,-0.390850824012752,-0.24513854829319126,0.2886410190408333,Credit Services,Financial Services,MGI
2014Q1,2014,Q1,2014-05-02,2014-03-31,39000000.0,374900000.0,37000000.0,0.54,134200000.0,0.3579621232328621,4761400000.0,-39500000.0,4021300000.0,172100000.0,4800900000.0,0.0,-1177200000.0,1263740000.0,2104540000.0,-0.5516759776536313,23.366066240557814,0.17658671819212837,-21.28607594936709,0.0659642366868125,-0.5516759776536313,-0.9873417721518988,3.370872232595359,8.100897435897435,-31.993417721518984,0.0,0.0,0.0,0.07873734615869282,10.8506682161534,0.008190868232032595,-16.940214477211796,0.3579621232328621,0.6363636363636364,-0.5257168834826819,-0.8071196676593316,0.9928544771958271,-0.06545961002785515,0.6666666666666666,-0.13953488372093023,-0.5945442223817697,-0.8138198873610744,0.9939653946311058,Credit Services,Financial Services,MGI
2013Q4,2013,Q4,2014-03-03,2013-12-31,23400000.0,385800000.0,43000000.0,0.33,143600000.0,0.37221358216692585,4786900000.0,-77000000.0,4055900000.0,185500000.0,4863900000.0,0.0,-1214400000.0,1487848000.0,2330748000.0,-1.0754189944134078,21.86469002695418,0.17608473124569138,-10.946753246753246,0.03981056154969198,-1.0754189944134078,-0.3038961038961039,3.8565266977708657,15.895811965811966,-19.3227012987013,0.0,0.0,0.0,0.0805949570703378,9.851212938005391,0.004888341097578809,18.05640776699029,0.37221358216692585,0.06451612903225812,-0.9725739508093786,-0.8258292646203986,0.985816217860601,0.03982621288921072,0.04,-0.10602910602910603,-0.7885135034668961,-0.8130025012169962,0.9880706085295596,Credit Services,Financial Services,MGI
2013Q3,2013,Q3,2013-10-30,2013-09-30,22500000.0,383000000.0,48100000.0,0.31,138100000.0,0.36057441253263706,4923200000.0,-116300000.0,4174600000.0,209800000.0,5039500000.0,0.0,-1237800000.0,1401927999.9999998,2246928000.0,-1.6243016759776536,19.897998093422306,0.17163633409164772,-7.265692175408426,0.03898107837384881,-1.6243016759776536,-0.1934651762682717,3.660386422976501,15.576977777777776,-12.054411006018915,0.0,0.0,0.0,0.07779493012674683,9.305052430886558,0.004570198245043874,35.313047858942056,0.36057441253263706,0.14814814814814806,1.0840227695075706,-0.8192152695216273,0.9801446502210724,0.07054263565891473,0.17801047120418848,0.13176470588235295,-0.6721583772306504,-0.8097483989716475,0.9817587258123137,Credit Services,Financial Services,MGI
2013Q2,2013,Q2,2013-07-30,2013-06-30,19100000.0,365100000.0,42500000.0,0.27,129000000.0,0.3533278553820871,5075800000.0,-148200000.0,4333700000.0,176700000.0,5224000000.0,0.0,-1260200000.0,1659688000.0,2506788000.0,-2.069832402234637,24.525749858517262,0.16688994838252097,-5.7159244264507425,0.035627853410310856,-2.069832402234637,-0.12887989203778677,4.545844973979731,21.72366492146597,-11.198974358974358,0.0,0.0,0.0,0.07192954805153867,12.061686474250141,0.0037629536230741954,4.187958617209185,0.3533278553820871,2.5,-0.8186293927487427,-0.8162727482062401,0.975030974658353,0.06965174129353234,2.515873015873016,-0.040632054176072234,-0.594552797293505,-0.8128716134165669,0.976532112370741,Credit Services,Financial Services,MGI
2013Q1,2013,Q1,2013-05-03,2013-03-31,-12600000.0,340500000.0,44300000.0,-0.18,120600000.0,0.3541850220264317,4892000000.0,-171700000.0,4158700000.0,149400000.0,5063700000.0,0.0,-1278500000.0,1281280000.0000002,2130480000.0000002,-2.4013986013986015,27.836010709504684,0.17358953393295176,-4.9458357600465925,0.04477619124017326,-2.4013986013986015,0.07338380896913221,3.762936857562409,-25.422222222222224,-7.462317996505533,0.0,0.0,0.0,0.0696034341782502,11.569611780455155,-0.0025756336876533114,29.590762124711322,0.3541850220264317,-1.6428571428571428,0.9949681569210188,1.8759176733476348,0.9707878624135524,3.6532902118672035,-1.6223144169506594,0.08818472119872267,-1.1683514044224366,-0.8297340432330186,0.97226444428484,Credit Services,Financial Services,MGI
2012Q4,2012,Q4,2013-03-04,2012-12-31,20247000.0,354413000.0,40710000.0,0.28,-45453000.0,-0.12824868162285244,5150600000.0,-161400000.0,4403300000.0,199900000.0,5312000000.0,0.0,-1265900000.0,950234999.9999999,1760135000.0,-2.257342657342657,22.027513756878438,0.15724381625441697,-5.017967781908302,0.03847257026297633,-2.257342657342657,-0.12544609665427509,2.6811516507577315,11.73303452363313,-5.8874535315985135,0.0,0.0,0.0,0.06881004154855745,8.604802401200601,0.003930998330291617,-10.471716826642274,-0.12824868162285244,1.3636363636363638,1.002497043274675,1.0617316014609282,0.9523883623178019,-1.2442606564777197,1.3697406866325785,2.487177613794111,-0.628535335378363,-0.8272520169013792,0.9735948481985063,Credit Services,Financial Services,MGI
2012Q3,2012,Q3,2012-11-09,2012-09-30,-54760000.0,338550000.0,-27374000.0,-0.77,186084000.0,0.5496499778466991,5246995000.0,-163613000.0,4474197000.0,281513000.0,5410608000.0,0.0,-1286065000.0,1216419120.0,2026531120.0,-2.287909721445352,15.893393910760782,0.1543954206169436,-4.95139139310446,-0.051372419509093055,-2.287909721445352,0.3346922310574343,3.593026495347807,-5.553410883856831,-7.434733914786723,0.0,0.0,0.0,0.06452264581917841,4.724534923786823,-0.010436449815561097,-178.88516470588235,0.5496499778466991,-1.2000000000000002,-1.230246208320435,-0.8570938315927166,-1.0486667790390336,0.014822813389614215,-1.1855044699872286,-9.737312480051068,0.5685516725773738,-0.8396318212415269,0.9726868857619659,Credit Services,Financial Services,MGI
2012Q2,2012,Q2,2012-08-09,2012-06-30,-25056000.0,330142000.0,3133000.0,-0.35,183366000.0,0.5554155484609653,5185062000.0,-116103000.0,4424475000.0,218567000.0,5301165000.0,0.0,-1231304000.0,1043929200.0,1854294200.0,-1.6237727616010742,20.243106232871384,0.15628839153707322,-6.979707673359,0.007613652344125304,-1.6237727616010742,0.21580837704452083,3.1620611736767814,-10.415960249042145,-8.991405906824113,0.0,0.0,0.0,0.06367175551613462,8.584177849355118,-0.004832343374100444,-114.91955085865257,0.5554155484609653,-3.4999999999999996,-1.1122479039413609,-0.8563913886597164,-1.027216265288701,0.0412429089794041,-3.4399649430324275,-0.9128050986613231,-0.08951470664761993,-0.8364673129787212,0.9796621173852523,Credit Services,Financial Services,MGI
2012Q1,2012,Q1,2012-05-04,2012-03-31,10269000.0,318095000.0,35931000.0,0.14,176103000.0,0.5536176299533159,5136178000.0,-92486000.0,4376239000.0,146747000.0,5228664000.0,0.0,-1206285000.0,1286820000.0,2097443000.0,-1.2936914253741782,29.8216590458408,0.157826111166708,-8.764818459010012,0.028468269776370826,-1.2936914253741782,-0.11103302121402159,4.045395243559314,31.327782646801055,-13.913673420842073,0.0,0.0,0.0,0.06193223832974636,12.463552917606492,0.00199934659585396,-143.04357492218764,0.5536176299533159,2.2048030739673394,-0.9497733959000025,-0.8502683423240593,-1.0210214455328206,-0.02068156287884686,2.288184438040346,-0.00833494328374686,-0.8749254534563666,-0.8360931616354265,0.9832436032090959,Credit Services,Financial Services,MGI
2011Q4,2011,Q4,2012-03-09,2011-12-31,3123000.0,321845000.0,36233000.0,0.043684431389005456,179822000.0,0.558722366356476,5175578000.0,-110198000.0,4417034000.0,149261000.0,5285776000.0,0.0,-1216543000.0,1268947500.0,2079835500.0,-1.541446356133725,29.59268663616082,0.1566758340807539,-7.358463855968348,-0.008979746257616224,-1.541446356133725,-0.02833989727581263,3.942728642669608,101.58081171950047,-11.515159077297229,0.0,0.0,0.0,0.062185325001381485,8.174037424377433,0.0006034108654144523,28.377929600143126,0.558722366356476,-0.8179815358791439,-0.9827189772340812,-0.8467694749735161,-1.0240379056045779,-0.005618288191641138,-0.8027661993179235,-0.10147551146931184,-0.9963340452276767,-0.8544784023815319,0.9796697478763646,Credit Services,Financial Services,MGI
2011Q3,2011,Q3,2011-11-03,2011-09-30,15834000.0,321947000.0,40325000.0,0.24,180838000.0,0.5617011495680966,5000319000.0,-108160000.0,4307594000.0,96683000.0,5108479000.0,0.0,-1219666000.0,1332342930.0,2171541930.0,-1.5132008093441829,44.55378918734421,0.16782909250389824,-7.75886649408284,0.05042565037648592,-1.5132008093441829,-0.14639423076923078,4.138392126654387,21.03610790071997,-12.318259338017752,0.0,0.0,0.0,0.06438529221835647,17.83270068160897,0.003166597971049447,-59.82411791118495,0.5617011495680966,-0.6367948038176034,-0.9222900198689709,-0.8398901931026382,-1.0236920331469992,0.037623148822878,-0.4003181336161188,0.1770973203339366,1.0592308579665402,-0.8477734995981937,0.9815027394235734,Credit Services,Financial Services,MGI
2011Q2,2011,Q2,2011-08-09,2011-06-30,26404000.0,309953000.0,34258000.0,0.660783497930672,174281000.0,0.5622820234035483,5081770000.0,-125416000.0,4376096000.0,107297000.0,5207186000.0,0.0,-1231986000.0,1061301080.0,1900467080.0,-3.138646537512239,40.78488680951005,0.1651326211142968,-6.69106015181476,0.04318684659430848,-3.138646537512239,-0.21053135166166997,3.424071004313557,10.04867709437964,-8.46224628436563,0.7755264353885775,0.0,0.019294242120247346,0.060993118539406546,15.754680932365304,0.0051958274380776775,7.927315561066336,0.5622820234035483,-0.5081291367041159,-0.8093424663911484,-0.7195351085366933,-1.052583310761968,0.05737635295830704,0.8799572801708793,0.08065991609097505,-0.5507317263591209,-0.7205139878759738,0.9621375407743125,Credit Services,Financial Services,MGI
2011Q1,2011,Q1,2011-05-09,2011-03-31,14045000.0,294024000.0,31701000.0,1.3434084985293766,164824000.0,0.5605800887002421,4976054000.0,-955760000.0,4289421000.0,91944000.0,5931814000.0,0.0,-790314000.0,286878340.0,926968340.0,-91.41873311174346,46.65253850169668,0.12863405421243418,-0.6697183393320499,-0.12720617039110244,-91.41873311174346,-0.014695111743533941,0.9756970179305091,5.106414026343895,-0.3001572989034904,0.0,0.0,0.0,0.05908778321135583,14.881275559035934,0.0028225176012961276,-22.581733312342568,0.5605800887002421,-0.13066353057687544,-0.5420153886680743,0.12485885266501555,-2.547945980370509,-0.030538302277432712,-0.13066353057687546,-0.310383084252431,1.038359300319303,15.983785830171227,-0.11207552468950358,Credit Services,Financial Services,MGI
2010Q4,2010,Q4,2011-03-16,2010-12-31,16156000.0,301250000.0,45969000.0,1.545326287094383,170016000.0,0.5643684647302905,5115736000.0,-942482000.0,4414965000.0,113647000.0,6058218000.0,0.0,-771544000.0,226658980.0,866604980.0,-90.14868839522705,38.848055821975066,0.1250936326659546,-0.6790007660623757,-0.10916673472458541,-90.14868839522705,-0.017141971942169716,0.7523949543568464,3.5073499009655857,-0.2404915743748952,0.0,0.0,0.0,0.058886932398388034,8.643598159212297,0.003158098854202015,4.3021539337572365,0.5643684647302905,0.6121846702716262,-0.44858047066542894,0.18272301934383023,-2.5232737725728396,0.026028496768314393,0.6180270405608412,0.1948068825700473,1.0136267290356236,1.3588536313384867,-0.9014068047832948,Credit Services,Financial Services,MGI
2010Q3,2010,Q3,2010-11-05,2010-09-30,9985000.0,292887000.0,38474000.0,0.958529327061534,165703000.0,0.5657574422900299,5263969000.0,-927586000.0,4563172000.0,128083000.0,6191555000.0,0.0,-753253000.0,203339840.0,915500840.0,-89.04540654699049,35.62667957496311,0.13528974049809184,-0.7677573831429108,-0.1293637325378817,-89.04540654699049,-0.010764500542267779,0.6942603802831809,5.091132699048573,-0.21921400279866235,0.0,0.0,0.0,0.055639955326484636,8.443907466252352,0.0018968576752636651,-24.267793292755698,0.5657574422900299,0.45686519690248417,-0.6556857062556529,0.21080414913501586,-2.5461715859644523,0.015610826448307141,0.458089953271028,3.246109700916014,-0.711787125529818,-0.15127985087482104,-2.8941101933539746,Credit Services,Financial Services,MGI
2010Q2,2010,Q2,2010-08-09,2010-06-30,6848000.0,283620000.0,9061000.0,0.657939615209089,163156000.0,0.5752626754107609,5461203000.0,-917992000.0,4756809000.0,120394000.0,6379195000.0,0.0,-735328000.0,204001700.0,944585700.0,-88.19849638507914,39.51034935295779,0.13560821672441034,-0.8067434138859598,-0.03860028860028859,-88.19849638507914,-0.007459759997908479,0.7192782596431846,7.447491968457944,-0.22222601068418898,0.0,0.0,0.0,0.05193361242934936,8.70282572221207,0.001253936174868431,10.050335008375209,0.5752626754107609,-0.3714522488443692,-0.7324619559534234,0.20329416568587422,-2.5414247321329286,-0.018799388989788432,-0.366629670736219,-0.7580765739306883,-0.7892484750287089,-0.15246619031424594,-2.478306406195633,Credit Services,Financial Services,MGI
2010Q1,2010,Q1,2010-05-07,2010-03-31,10812000.0,288896000.0,37454000.0,1.046761545164101,166282000.0,0.5755773704031901,5666683000.0,-894305000.0,4897085000.0,176126000.0,6560988000.0,0.0,-710328000.0,314827920.0,6482735920.0,-86.58195372252881,27.804441138730226,1.0884512156406136,-6.896872990758187,0.0031522013085992554,-86.58195372252881,-0.012089835123363953,1.0897621289322108,7.2795948945615985,-0.3520364081605269,0.0,0.0,0.0,0.050981500112146735,6.9188308370144105,0.0019079945004864397,-7.145760588315403,0.5755773704031901,0.3731267462534925,-0.6017718141899717,0.2973808910587371,-2.625524837649993,-0.00846148800543825,0.3731267462534925,1.3912405030964694,-0.6339851393591343,-0.058792588452508475,-2.406887135992966,Credit Services,Financial Services,MGI
2009Q4,2009,Q4,2010-03-15,2009-12-31,7874000.0,296380000.0,15663000.0,0.7623196824474779,167701000.0,0.565831027734665,5929663000.0,-883013000.0,5156789000.0,188933000.0,6812676000.0,0.0,-694914000.0,237980160.0,1034771160.0,-85.4887210765805,27.29427363139314,0.13437374096976507,-0.9023547784687201,0.11505652800362966,-85.4887210765805,-0.008917196009571773,0.8029562048721236,7.5558851917703835,-0.26950923712334923,0.0,0.0,0.0,0.04998260440770411,5.580713798013052,0.0013279000847097044,4.106079574864557,0.565831027734665,1.4295180384091535,-0.6331872157464505,0.38368075649312017,-2.599082008067377,-0.0456513945243366,1.4301791958041958,1.110063316718308,-0.6984357271364525,-0.023360160082385752,-2.3331439004139183,Credit Services,Financial Services,MGI
2009Q3,2009,Q3,2009-11-09,2009-09-30,-18304000.0,304450000.0,7423000.0,-1.7748257681352646,175723000.0,0.5771818032517655,5907139000.0,-863889000.0,5185788000.0,140183000.0,6771028000.0,0.0,-678241000.0,259065700.0,6792697700.0,-83.76597781952609,36.99298773745747,1.1060569253576054,-7.563045715363895,0.0006954744142857159,-83.76597781952609,0.021187907242712894,0.850930202003613,-3.5383754916958043,-0.29988308683175735,0.0,0.0,0.0,0.051539332323143235,6.8406083476598445,-0.0030986235468642266,-41.1607403876708,0.5771818032517655,-4.518172489230926,-1.789694300321331,0.4897026997269598,-2.632869660703001,0.0393935988359369,-4.518239372927344,-0.6780866472960666,-1.6226041289461122,0.04937173353902385,-2.3115155046415374,Credit Services,Financial Services,MGI
2009Q2,2009,Q2,2009-08-10,2009-06-30,-3317000.0,291181000.0,23059000.0,-0.32163289052651994,169063000.0,0.5806113723079459,6221272000.0,-823388000.0,5442765000.0,110415000.0,7044660000.0,0.0,-640730000.0,146857120.0,1055903120.0,-79.83981382720837,49.29371009373726,0.1461189930290783,-1.1040311493487882,0.24872736114356692,-79.83981382720837,0.004028477461415518,0.5043499404150683,-11.068519746759119,-0.17835712932420683,0.0,0.0,0.0,0.04680409408236772,9.947815061359417,-0.0005331707084981978,12.292384699087638,0.5806113723079459,-1.280057065590944,-2.2754481654849874,2.0022618168852047,-2.7400370191065737,0.050420011432263837,-1.2801283675365256,-0.41539904674982253,-1.0928015512301819,0.020871808373506082,-2.3375962190955684,Credit Services,Financial Services,MGI
2009Q1,2009,Q1,2009-05-11,2009-03-31,11841000.0,279891000.0,39444000.0,1.1484548331171271,160948000.0,0.5750381398472977,6253027000.0,-796021000.0,5457634000.0,88599000.0,7049048000.0,0.0,-637413000.0,97329940.0,1076281940.0,-77.20582423044749,61.59927312949356,0.15655649655758722,-1.2298067513294246,0.20583549360021383,-77.20582423044749,-0.014875235703580684,0.3477422996809472,2.0549349717084704,-0.1222705682387776,0.0,0.0,0.0,0.04476088140991555,12.609442544498245,0.001893642870884773,-5.115896977660973,0.5750381398472977,-0.9036227932378867,-0.6963429165357923,0.5379103846190799,-1.9141518760954364,-0.1684809282957651,-0.9036227932378867,0.8811522319725296,-0.6084775100401694,0.08578383991050524,-2.3072861678430012,Credit Services,Financial Services,MGI
2008Q4,2008,Q4,2009-03-03,2008-12-31,122861000.0,318969000.0,20968000.0,11.91624940896912,193559000.0,0.6068269957268575,6642296000.0,-781736000.0,5802525000.0,121586000.0,7424032000.0,0.0,-649254000.0,84132660.0,1063013660.0,-75.82032661275657,47.72362772029675,0.14737087898521836,-1.2521887184420315,0.6232011970884375,-75.82032661275657,-0.157164311225273,0.2637643783565174,0.17119480551191998,-0.10762285477450187,0.0,0.0,0.0,0.048020895184436224,10.40321254091754,0.01849676678064332,-3.1121054967818305,0.6068269957268575,4.186156331906352,3.9358829167066935,-0.29222713567288156,0.0,0.18287764156593372,4.186890433699938,1.5451331114808653,3.2520810623638794,0.26982438173870765,-2.281162455195893,Credit Services,Financial Services,MGI
2008Q3,2008,Q3,2008-11-10,2008-09-30,-38552000.0,304999000.0,-38464000.0,-3.740007760962359,163634000.0,0.5365066770710724,7261049000.0,-843264000.0,6470313000.0,200393000.0,8104313000.0,0.0,-772115000.0,117098880.0,1095967880.0,-81.80675203725262,32.288118846466695,0.13481096188718739,-1.1608096634031573,-0.2842963017587848,-81.80675203725262,0.045717592592592594,0.38393201289184553,-0.7593567130109982,-0.13886384335154825,0.0,0.0,0.0,0.042004812252334336,6.972194637537239,-0.005309425676648098,-7.313195103672246,0.5365066770710724,-3.542840182046039,-2.623961636140611,2.515101555866865,0.0,0.007753656658968437,-3.542840182046039,-2.6423569598633647,-2.3434519888523595,0.274208431736255,-2.420480633925687,Credit Services,Financial Services,MGI
2008Q2,2008,Q2,2008-08-13,2008-06-30,15161000.0,286088000.0,23420000.0,1.4707993791230112,162375000.0,0.5675701182852828,7778468000.0,-854492000.0,6985116000.0,203375000.0,8632960000.0,0.0,-733563000.0,74382528.0,1053186528.0,-82.89600310438495,34.3459913952059,0.1258350616085327,-1.1454805896368836,0.12195926378788856,-82.89600310438495,-0.01774270560754226,0.259998769609351,1.2265438955214036,-0.08704882901185734,0.0,0.0,0.0,0.0367794789410974,9.63460602335587,0.0019490984600052349,-2.930060978492082,0.5675701182852828,1.04178407327054,-0.612110313492517,2.253843813055392,0.0,1.823991799410329,1.042014105388591,1.0682569983824666,-0.4019287181082119,0.22556938947096114,-2.448754282864211,Credit Services,Financial Services,MGI
2008Q1,2008,Q1,2008-05-12,2008-03-31,-360855000.0,17062000.0,-343115000.0,-35.2,-197059000.0,-11.549583870589615,7827355000.0,-847025000.0,7035048000.0,156729000.0,8674380000.0,0.0,-748724000.0,153319800.0,1132108800.0,-82.205507703506,44.88670252474016,0.12504722220980138,-1.1555609338567339,-2.7386463677483985,-82.205507703506,0.42602638647029306,8.986039151330441,-0.10621981128153969,-0.1810097694873233,0.0,0.0,0.0,0.002179791257710938,11.377862424950074,-0.04610178023099757,-0.03325939695246169,-11.549583870589615,0.6896054470439124,-10.259913100682093,-0.906189558083389,-1.9733503895798292,0.8035403982449546,0.6911775655184867,0.697562003249017,-14.32360197037233,-0.9231898045084921,-2.54335965889514,Credit Services,Financial Services,MGI
2007Q4,2007,Q4,2008-03-25,2007-12-31,-1168487000.0,-827354000.0,-1134497000.0,-113.40405192284362,-1003051000.0,-1.212360126378793,7935011000.0,-488517000.0,7210658000.0,188778000.0,8423528000.0,0.0,-387479000.0,1266949100.0,1611949100.0,-47.41157345626592,38.196495354331546,0.04347820059732747,-0.7062190261546681,8.140067030386644,-47.41157345626592,2.3919065252591003,-1.5313264938587352,-0.27106615221221975,-2.5934595930131397,-0.0035361968083513122,0.0,0.00326137806167588,-0.10426627007826454,7.459661613111697,-0.1472571367575924,-6.9369793634367625,1.212360126378793,-35.57440607403769,-47.97359910493069,-2.8370287388882374,0.0,-6.857950463998505,-35.07462381896652,-24.03126332243854,-55.56773187057043,-4.8720534423175135,-1.8868420668051036,Credit Services,Financial Services,MGI
2007Q3,2007,Q3,2007-11-07,2007-09-30,34292000.0,341581000.0,49259000.0,3.28,171229000.0,0.5012837365075926,9043478000.0,484738000.0,8193053000.0,187730000.0,8558740000.0,0.0,785140000.0,1900523520.0,2247523520.0,47.011735040248276,43.6427475629894,0.03837019341452481,0.7158506244610491,0.04122932942825746,47.011735040248276,0.07074337064558586,5.563902910290678,13.855443835296862,3.920723194798015,0.12113612504374198,0.0,0.002185713544865785,0.037770977051085876,9.14858573483194,0.003791903955535691,-6.023254513819562,0.5012837365075926,0.07894736842105256,0.44409342354998244,2.935562285616071,0.0,0.02128712871287129,0.05973608578757069,0.028801169590643275,0.4797737063042023,0.6717326586346085,-0.08358933015003028,Credit Services,Financial Services,MGI
2007Q2,2007,Q2,2007-08-09,2007-06-30,32359000.0,333259000.0,47880000.0,3.04,167660000.0,0.5030921895582715,9262527000.0,618410000.0,8508603000.0,177264000.0,8644117000.0,0.0,755002000.0,2317669900.0,2467669900.0,59.66185089602277,47.999610750067696,0.01619428477779336,0.24255752656004917,0.04211163311253107,59.66185089602277,0.05232612667971087,6.9545605670064425,17.905914119719398,3.747788522177843,0.12710528755523964,0.0,0.0017746271805143608,0.035979274338417584,10.015744877696543,0.0034935390741641023,10.10864591147787,0.5030921895582715,0.0857142857142858,-0.17667727035422218,2.7694117183432962,0.0,0.06254475857304916,0.08445323234692852,0.08593590528679322,32.792566469857164,2.418791794408937,0.3002764436822612,Credit Services,Financial Services,MGI
2007Q1,2007,Q1,2007-05-10,2007-03-31,29839000.0,310051000.0,44091000.0,2.8,157791000.0,0.5089195003402666,9191766000.0,642101000.0,8471563000.0,159535000.0,8549665000.0,0.0,726756000.0,2317099440.0,2467099440.0,61.54150642753597,53.10159526122794,0.016318953289280864,0.23360810838170318,0.03767070108483641,61.54150642753597,0.04647088230667761,7.4732848466865125,19.41334696202956,3.608621447404692,0.14162673011830154,0.0,0.0018238319543161254,0.03373138524196547,10.026978405992416,0.003246274981325678,-14.723989095692291,0.5089195003402666,0.10764549763033161,-0.24383157691821808,0.6835052302467266,-0.27132073105587123,0.021459644216577332,0.13133649289099525,0.12162299669295344,-0.24383157691821808,0.6835052302467266,-0.27132073105587123,Credit Services,Financial Services,MGI
