Quarters,Year,Quarter,FillingDate,Date,NetIncome,Revenue,OperatingIncome,EPSDiluted,GrossProfit,GrossProfitRatio,TotalAssets,CommonStockEquity,CurrentAssets,CurrentLiability,TotalLiability,Inventory,RetainedEarnings,MarketCap,EnterpriseValue,bookValuePerShare,currentRatio,debtToAssets,debtToEquity,roic,shareholdersEquityPerShare,roe,priceToSalesRatio,peRatio,pbRatio,payoutRatio,inventoryTurnover,dividendYield,assetTurnover,quickRatio,returnOnAssets,priceToFreeCashFlowsRatio,grossProfitMargin,epsdilutedGrowth,fiveYNetIncomeGrowthPerShare,fiveYRevenueGrowthPerShare,fiveYShareholdersEquityGrowthPerShare,grossProfitGrowth,netIncomeGrowth,operatingIncomeGrowth,threeYNetIncomeGrowthPerShare,threeYRevenueGrowthPerShare,threeYShareholdersEquityGrowthPerShare,Industry,Sector,Symbol
2023Q1,2023,Q1,2023-03-31,2023-03-31,3375000000.0,9198000000.0,2241000000.0,5.02,7561000000.0,0.8220265275,209133000000.0,116150000000.0,72386000000.0,74547000000.0,92246000000.0,0.0,0.0,168703836254.96103,191309836254.96103,178.18531072268974,0.9710115765892658,0.254297504458885,0.45787343951786486,0.012026192451470671,178.18531072268974,0.029057253551442102,18.34136075831279,12.496580463330448,1.4524652281959625,,0.0,,0.04398158109910918,0.7675560384723731,0.016138055687050824,0.0,0.8220265275059796,0.6089743589743588,1.6769469471995124,0.14890909397917138,0.12454348235668755,0.9751828631138976,0.6407389402041809,10.3375,1.5764230815037032,0.777482305872297,0.0878238756283873,Travel Services,Consumer Cyclical,TCOM
2022Q4,2022,Q4,2022-12-31,2022-12-31,2057000000.0,5027000000.0,-240000000.0,3.12,3828000000.0,0.761487965,191691000000.0,112283000000.0,61435000000.0,57035000000.0,78672000000.0,0.0,20135000000.0,156274020198.3727,184172020198.3727,170.47165929501958,1.0771456123432979,0.24197797497013424,0.4131079504466393,-0.0013612846754576463,170.47165929501958,0.01831978126697719,31.08693459287303,18.992953354201838,1.3917870042515135,,0.0,,0.02622449671606909,0.8682037345489612,0.010730811566531554,0.0,0.7614879649890591,13.181818181818182,3.8182594015910882,-0.33236893173350696,0.08689164250545436,-0.31898238747553814,13.384615384615385,-1.2810304449648713,-0.07601596309780818,-0.45600217152236866,-0.020936221028628577,Travel Services,Consumer Cyclical,TCOM
2022Q3,2022,Q3,2022-09-30,2022-09-30,143000000.0,6892000000.0,854000000.0,0.22,5621000000.0,0.815583285,194298000000.0,110230000000.0,67045000000.0,61708000000.0,83355000000.0,0.0,0.0,126053228422.69748,158993228422.69748,170.13174205388648,1.0864879756271473,0.26688900554817857,0.47043454594937856,0.0017878040732337674,170.13174205388648,0.001297287489794067,18.28978938228344,220.37277696275783,1.1435473865798556,,0.0,,0.03547128637453808,0.8710539962403578,0.0007359828716713502,0.0,0.815583284968079,-0.5510204081632654,-0.9037678283480383,-0.2783713969628168,0.11556358192957612,0.8520593080724876,-0.5559006211180124,6.11377245508982,-0.8419580991797776,-0.42342053171204064,-0.04028198564394677,Travel Services,Consumer Cyclical,TCOM
2022Q2,2022,Q2,2022-06-30,2022-06-30,322000000.0,4011000000.0,-167000000.0,0.49,3035000000.0,0.7566691598,194628000000.0,109542000000.0,69903000000.0,62696000000.0,84350000000.0,0.0,0.0,119152275573.915,150389275573.91498,169.08126037007457,1.1149515120581854,0.27845942002178514,0.49475087181172517,-0.0006610783454797597,169.08126037007457,0.0029395117854338973,29.706376358492893,92.50953072508928,1.087731423325437,,0.0,,0.02060854553301683,0.9430426183488579,0.001654438210329449,0.0,0.7566691598105211,1.3951612903225807,-0.20028933002681837,-0.4924734567562569,0.135595511385388,-0.0023011176857330702,1.401496259351621,0.5348189415041783,1.685554656091121,-0.6040191611764655,0.020753233316202723,Travel Services,Consumer Cyclical,TCOM
2022Q1,2022,Q1,2022-03-31,2022-03-31,-802000000.0,4109000000.0,-359000000.0,-1.24,3042000000.0,0.7403261134,187818000000.0,108913000000.0,64483000000.0,53816000000.0,78143000000.0,0.0,0.0,95286427124.9624,125964427124.9624,168.12417740997677,1.198212427530846,0.2744092685472106,0.47321256415671226,-0.002194023630755755,168.12417740997677,-0.007363675594281674,23.189687788990607,-29.70275159755686,0.8748857080877617,,0.0,,0.021877562320970302,1.0258844953173778,-0.004270091258558818,0.0,0.7403261134095888,-0.03333333333333337,-8.800955163068718,-0.458467432355156,0.17735990360522197,-0.14622509121526803,-0.03483870967741935,0.4900568181818182,-1.1488854400819315,-0.5689829397113725,0.01481696896835901,Travel Services,Consumer Cyclical,TCOM
2021Q4,2021,Q4,2021-12-31,2021-12-31,-775000000.0,4681000000.0,-704000000.0,-1.2,3563000000.0,0.7611621448,191859000000.0,109677000000.0,66108000000.0,66218000000.0,81403000000.0,0.0,18823000000.0,101378688674.25574,133282688674.25574,169.7225407929683,0.9983388202603521,0.26958339197014475,0.47158474429461056,-0.0045589928155420475,169.7225407929683,-0.0070662034884251025,21.6574852967861,-32.70280279814701,0.9243386368541784,,0.0,,0.024398125706899337,0.9060678365399136,-0.004039424785910487,0.0,0.761162144840846,0.09090909090909098,-1.9395581624298126,-0.2773001347405755,0.19944471468221925,-0.13540402814850763,0.08716136631330977,-1.8617886178861789,0.44563953014996593,-0.4729469162573935,0.07661108554829354,Travel Services,Consumer Cyclical,TCOM
2021Q3,2021,Q3,2021-09-30,2021-09-30,-849000000.0,5344000000.0,-246000000.0,-1.32,4121000000.0,0.7711452095808383,200864000000.0,110005000000.0,76596000000.0,73517000000.0,89935000000.0,0.0,0.0,127615740372.2577,164928740372.2577,170.8533070667736,1.041881469592067,0.28796100844352396,0.5258033725739739,-0.0016012094689159203,170.8533070667736,-0.007717831007681469,23.880190937922475,-37.578250993008744,1.1600903629131194,,0.0,,0.02660506611438585,0.8518301889358924,-0.004226740481121555,0.0,0.7711452095808383,-0.2941176470588236,-27.075324291204527,-0.2954651286632321,0.19575181949276207,-0.116991643454039,-0.312210200927357,-1.7546012269938651,0.36541066283557655,-0.5136695504464577,0.0671965441549782,Travel Services,Consumer Cyclical,TCOM
2021Q2,2021,Q2,2021-06-30,2021-06-30,-647000000.0,5890000000.0,326000000.0,-1.02,4667000000.0,0.7923599320882853,207005000000.0,110395000000.0,78698000000.0,68570000000.0,95675000000.0,0.0,0.0,145740775164.79736,182332775164.79736,173.72015665685444,1.1477030771474406,0.3105625467983865,0.5823452149100956,0.002245228654456738,173.72015665685444,-0.005860772679922098,24.743764883666785,-56.31405531870068,1.3201755076298507,,0.0,,0.028453418999541073,0.9963686743473822,-0.003125528368879979,0.0,0.7923599320882853,-1.3541666666666667,0.07618990578385133,-0.006250779223966036,0.46514877810902,0.5182173064411191,-1.3634831460674157,1.4142312579415501,-1.2338208636750192,-0.30752846995884003,0.06657268966366674,Travel Services,Consumer Cyclical,TCOM
2021Q1,2021,Q1,2021-03-31,2021-03-31,1780000000.0,4108000000.0,-787000000.0,2.88,3074000000.0,0.7482960077896786,197442000000.0,102837000000.0,67878000000.0,65638000000.0,93659000000.0,0.0,0.0,157284145639.07224,199111145639.07224,170.09187174119177,1.0341265730217253,0.3286382836478561,0.630969398173809,-0.004561169734942941,170.09187174119177,0.017308945223995256,38.287279853717685,22.090469893128123,1.529450933409884,,0.0,,0.02080611014880319,0.8850361071330631,0.009015305760679085,0.0,0.7482960077896786,0.7454545454545455,1.8443011414228934,-0.2637353924280942,0.37863929264836493,-0.24173655648741985,0.7729083665338645,-48.1875,0.5221850993951822,-0.4467719730765807,0.07346506281929001,Travel Services,Consumer Cyclical,TCOM
2020Q4,2020,Q4,2020-12-31,2020-12-31,1004000000.0,4964000000.0,-16000000.0,1.65,4054000000.0,0.8166800966962128,187249000000.0,100354000000.0,58011000000.0,58369000000.0,85682000000.0,0.0,19470000000.0,132649408251.05458,171963408251.05457,166.43314658094965,0.9938666072744093,0.30659709798183166,0.5720748550132531,-8.035876370326384e-05,166.43314658094965,0.010004583773442014,26.722282081195523,33.0302311382108,1.3218148579135318,0.0,0.0,0.0,0.02651015492739614,0.8877143689287121,0.005361844389022105,0.0,0.8166800966962128,-0.36720997123681687,6.868586064896829,0.025074340443649444,0.33689884429908656,-0.08549515001127904,-0.3637515842839037,-1.0202531645569621,1.5689553393982771,-0.27984433452476076,0.06114293016683481,Travel Services,Consumer Cyclical,TCOM
2020Q3,2020,Q3,2020-09-30,2020-09-30,1578000000.0,5462000000.0,790000000.0,2.6075,4433000000.0,0.8116074697912853,198199000000.0,98715000000.0,65782000000.0,61360000000.0,97918000000.0,0.0,0.0,127002348761.7332,168866348761.73322,164.3389814201509,1.0720664928292047,0.3383922219587384,0.6794205541204478,0.004175421186059243,164.3389814201509,0.015985412551284,23.25198622514339,20.12077768722009,1.2865557287315323,0.0,0.0,0.0,0.027558161241984066,0.8672262059973924,0.007961695064051786,0.0,0.8116074697912853,4.279874213836478,-0.6916899803219648,-0.18991920192180872,2.9402029939951473,0.9383471797114123,4.315126050420168,2.1482558139534884,0.1454157416832852,-0.38313225057741,0.07758011850401553,Travel Services,Consumer Cyclical,TCOM
2020Q2,2020,Q2,2020-09-25,2020-06-30,-476000000.0,3159000000.0,-688000000.0,-0.795,2287000000.0,0.7239632795188351,198495000000.0,97529000000.0,63494000000.0,66557000000.0,98933000000.0,0.0,0.0,109866374341.59055,161670374341.59055,162.6161399272526,0.9539792959418243,0.35618025642963297,0.7249125901014057,-0.003405025807056374,162.6161399272526,-0.004880599616524316,34.77884594542277,-57.7029277004152,1.1264995472279071,,0.0,,0.01591475855815008,0.7198491518548011,-0.0023980452908133705,0.0,0.7239632795188351,0.9114945727804064,-2.5851805869323403,-0.40563210982977965,3.781108548512703,-0.34861862717174597,0.9110779002428545,0.5440689198144466,-2.277023936103246,-0.5682117793775505,0.0921740125193081,Travel Services,Consumer Cyclical,TCOM
2020Q1,2020,Q1,2020-04-03,2020-03-31,-5353000000.0,4731000000.0,-1509000000.0,-8.9825,3511000000.0,0.7421264003381949,196701000000.0,97617000000.0,64648000000.0,67800000000.0,96856000000.0,0.0,0.0,99252573084.62607,139608573084.62607,163.79977927930662,0.9535103244837758,0.3276495798191163,0.6602231168751345,-0.008820162040455558,163.79977927930662,-0.05483675999057541,20.979195325433537,-4.635371431189337,1.0167550025571988,,0.0,,0.024051733341467506,0.800353982300885,-0.02721389316780291,0.0,0.7421264003381949,-3.783113865220759,-19.06455563808181,-0.03483654495439589,3.8376933274419125,-0.4685939155441199,-3.6658366533864544,-3.6017241379310345,-57.59890912645619,-0.32223554174372104,0.14707649615775584,Travel Services,Consumer Cyclical,TCOM
2019Q4,2019,Q4,2020-03-19,2019-12-31,2008000000.0,8335000000.0,580000000.0,3.2275,6607000000.0,0.7926814637072586,200169000000.0,103442000000.0,67955000000.0,69182000000.0,94466000000.0,0.0,22803000000.0,138799098760.57367,169678098760.57367,174.11701153332555,0.982264172761701,0.2537955427663624,0.4911157943581911,0.0031981244376098695,174.11701153332555,0.019411844318555325,16.65256133900104,17.28076428792003,1.3418060242510168,0.0,0.0,0.0,0.04163981435686845,0.8152120493770055,0.01003152336275847,44.629935292788964,0.7926814637072586,1.3841181902123731,5.220853626296021,1.055086276144678,4.120927867573665,-0.20579396562086788,1.532156368221942,-0.7413024085637824,1.6479270093537832,0.3997332219791748,0.23050084122098458,Travel Services,Consumer Cyclical,TCOM
2019Q3,2019,Q3,2019-10-02,2019-09-30,793000000.0,10476000000.0,2242000000.0,1.35375,8319000000.0,0.7941008018327605,203083000000.0,100662000000.0,75578000000.0,74118000000.0,100374000000.0,0.0,0.0,118875214129.62872,158549214129.62872,177.2726358252644,1.0196983188968942,0.28561721069710416,0.5762253879318909,0.00882579256304898,177.2726358252644,0.007877848641990025,11.347385846661773,37.476423117789636,1.180934355860491,,0.0,,0.05158481999970455,0.7244394074313932,0.003904807394021164,0.0,0.7941008018327605,2.8640275387263343,0.7596949693687975,1.3679709884817004,4.140245793059439,0.2068765414188307,2.967741935483871,0.68192048012003,26.615976122117928,0.5660178826214116,0.24067880495572205,Travel Services,Consumer Cyclical,TCOM
2019Q2,2019,Q2,2019-07-08,2019-06-30,-403000000.0,8691000000.0,1333000000.0,-0.72625,6893000000.0,0.7931193188355771,195272000000.0,92077000000.0,80165000000.0,74629000000.0,101210000000.0,0.0,20153000000.0,147486509425.16095,184543509425.16095,165.64361968344372,1.0741802784440364,0.3075658568560777,0.6522692963497942,-0.042691872189896854,165.64361968344372,-0.004376771615061307,16.97002754863203,-91.49287185183682,1.6017736180062443,0.0,0.0,0.0,0.04450714900241714,0.8880730011121681,-0.0020637879470687044,97.3508313037366,0.7931193188355771,-1.0974995804665213,-2.4616835095956118,1.4688402915519816,4.24489306992575,0.06455598455598456,-1.087361803598526,0.5062146892655367,0.3421813053074571,0.6763087002715088,0.3970315917924134,Travel Services,Consumer Cyclical,TCOM
2019Q1,2019,Q1,2019-04-26,2019-03-31,4613000000.0,8164000000.0,885000000.0,7.44875,6475000000.0,0.7931161195492406,193227000000.0,91908000000.0,79349000000.0,69505000000.0,99329000000.0,0.0,0.0,168429850157.03473,208709850157.03473,165.66945818898571,1.1416300985540608,0.3259792886087348,0.685337511424468,0.004996865242250229,165.66945818898571,0.050191495843669755,20.630799872248254,9.127999683342441,1.8325918326700044,,0.0,,0.042250824160184657,0.8994892453780303,0.02387347523896764,0.0,0.7931161195492406,4.440531177829099,18.60410576601157,1.5301278507817555,4.33169593889618,0.09006734006734007,4.876470588235295,5.682539682539683,3.3846014490231187,0.5946356177902321,0.3427944693243625,Travel Services,Consumer Cyclical,TCOM
2018Q4,2018,Q4,2019-03-05,2018-12-31,-1190000000.0,7560000000.0,-189000000.0,-2.165,5940000000.0,0.7857142857142857,185830000000.0,86715000000.0,79394000000.0,68784000000.0,97097000000.0,0.0,15943000000.0,102374286072.27147,141001286072.27148,157.64517296097918,1.1542509886020005,0.32372060485389875,0.693732341578735,-0.0013263428807325248,157.64517296097918,-0.0137231159545638,13.54157223178194,-21.507202956359553,1.180583360113838,,0.0,,0.04068234407792068,0.9761572458711328,-0.0064037023085615884,0.0,0.7857142857142857,-0.04211793020457276,-3.2243324722055764,1.5652344739133572,3.9683854556647713,-0.19337316675719718,-0.04477611940298507,-1.1277027027027027,-11.223303656020894,0.711302156697243,0.2663081475681617,Travel Services,Consumer Cyclical,TCOM
2018Q3,2018,Q3,2018-11-08,2018-09-30,-1139000000.0,9355000000.0,1480000000.0,-2.0775,7364000000.0,0.7871726349545698,189370000000.0,87756000000.0,84464000000.0,69065000000.0,99383000000.0,0.0,0.0,139893491165.9613,180491491165.9613,160.09544633791683,1.2229638746108737,0.3278660822727993,0.707507178996308,0.012372880906598452,160.09544633791683,-0.012979169515474726,14.953873988878813,-30.705331686997653,1.5941188199776801,,0.0,,0.04940064424143212,0.9567798450734815,-0.006014680255584306,0.0,0.7871726349545698,-1.534577034416211,-2.465714029927628,1.9138559373818318,4.427856657460127,0.2588034188034188,-1.4783704325913483,1.0441988950276244,-1.2438647804454976,0.520425527685484,2.8384596979636685,Travel Services,Consumer Cyclical,TCOM
2018Q2,2018,Q2,2018-09-06,2018-06-30,2381000000.0,7319000000.0,724000000.0,3.88625,5850000000.0,0.7992895204262878,180640000000.0,89063000000.0,74293000000.0,55233000000.0,89674000000.0,0.0,0.0,172608163385.8113,204941163385.8113,162.87699688957477,1.3450835551210327,0.30100752878653675,0.6105116602854159,0.004493370003043089,162.87699688957477,0.02673388500275086,23.5835719887705,18.123494685616475,1.9380456910929489,0.0,0.0,0.0,0.04051705048715678,1.1131026741259755,0.013180912311780337,92.10681077151084,0.7992895204262878,1.145617667356798,19.130475133366843,40.750290380913775,5.009927567118562,0.0661563696008748,1.2462264150943396,0.2271186440677966,7.696885344282866,0.5103931848886252,3.788778054461224,Travel Services,Consumer Cyclical,TCOM
2018Q1,2018,Q1,2018-04-23,2018-03-31,1060000000.0,6731000000.0,590000000.0,1.81125,5487000000.0,0.8151834794235626,169181000000.0,86839000000.0,66315000000.0,47269000000.0,80467000000.0,0.0,16197000000.0,160681592008.59695,193076592008.59695,158.45124134219307,1.4029279231631724,0.29346084962259356,0.5717246859130114,0.0036469714488540157,158.45124134219307,0.012206497080804707,23.871875205555927,37.89660188882004,1.8503390413132,,0.0,,0.03978579154869637,1.1964289492056104,0.006265478984046672,0.0,0.8151834794235626,1.0495049504950495,2.270518836619273,1.7464383374557277,5.094443817803987,0.0733568075117371,2.0285714285714285,0.9471947194719472,5.32047149907287,0.4932086207764276,3.679728607319649,Travel Services,Consumer Cyclical,TCOM
2017Q4,2017,Q4,2018-01-02,2017-12-31,350000000.0,6173000000.0,303000000.0,0.88375,5112000000.0,0.8281224688158108,162048477313.0,84693813552.0,59226820149.0,42159932401.0,75575447910.0,0.0,8695442393.0,155208454313.4846,182501999866.4846,156.8432883539852,1.4048129770624391,0.28100564716844106,0.5376607255031873,0.0014773492073960625,156.8432883539852,0.004132533243235154,25.14311587777168,110.86318165248899,1.8325831345189134,,0.0,,0.03809353905915896,1.2325768470104905,0.002159847508619089,0.0,0.8281224688158108,-0.5781622911694511,-0.13066203735784107,1.6806340976633598,5.241662852095132,-0.22500744508680606,-0.7152429134930418,-0.7770416586159757,1.8094212137085006,0.6745213407453926,3.6128931291707116,Travel Services,Consumer Cyclical,TCOM
2017Q3,2017,Q3,2017-11-02,2017-09-30,1229117787.0,7899676057.0,1358998269.0,2.095,6596192399.0,0.8349953025168713,163227455707.0,81730326140.0,63241354944.0,41972480475.0,79562069116.0,0.0,8338018450.0,188379001364.2272,218491495726.2272,152.5074364292278,1.5067337986295173,0.2967391362758516,0.592631603354079,0.008322964496278494,152.5074364292278,0.015038699159166233,23.84642104372144,38.3158968482626,2.3048849828586677,,0.0,,0.04839673584804412,1.2208341579078428,0.007530092175217857,0.0,0.8349953025168713,2.5508474576271194,18.804685197515813,20.031787202991197,5.972775845832111,0.24652257185886484,2.760241096035648,1.1061177227949242,1.8899434882197037,0.8920029606832834,3.422147303593571,Travel Services,Consumer Cyclical,TCOM
2017Q2,2017,Q2,2017-08-31,2017-06-30,326872069.0,6415769201.0,645262254.0,0.59,5291675055.0,0.8247919912978179,154681632783.0,78309027307.0,54785951495.0,34767263530.0,74378035070.0,0.0,7108900663.0,192221085153.23645,222207889101.23645,148.89215277348285,1.5757913028653021,0.29856854784297093,0.5897541071088201,0.0021634471238699254,148.89215277348285,0.004174130112975891,29.960723201089547,147.0155325149825,2.454647845383899,,0.0,,0.04147725289401725,1.3150974201793901,0.0021131925175535402,0.0,0.8247919912978179,2.9008264462809916,4.351384573149312,50.713090364603254,4.7899479242918686,0.08087004925570522,2.9645854881516143,0.5579504927914487,0.253033094792254,0.9262311746729425,3.714479324590735,Travel Services,Consumer Cyclical,TCOM
2017Q1,2017,Q1,2017-04-13,2017-03-31,82447981.0,6085061889.0,414173786.0,0.15125,4895755099.0,0.804553049468582,145941586825.0,74186335287.0,46617016511.0,31729035540.0,69935349857.0,0.0,6782028594.0,175906826548.7636,201983588060.7636,142.79760750740678,1.4692226132190842,0.30832086079039384,0.606538057189691,0.0008403840631615543,142.79760750740678,0.001111363442890644,28.907976575678113,533.3873080189909,2.3711486201366325,,0.0,,0.04169518792677414,1.2176551190247744,0.0005649382248999676,0.0,0.804553049468582,-0.8720930232558138,-0.7302982996490168,2.694575286150481,4.601486260528656,0.24228678438313694,-0.8722362648172913,0.9971115753427673,-0.6258450595635539,1.0137815037442808,3.5956172752302082,Travel Services,Consumer Cyclical,TCOM
2016Q4,2016,Q4,2017-02-23,2016-12-31,645315988.0,5067281835.0,207386403.0,1.1825,3940921823.0,0.7777190910874212,144413901668.0,71536834710.0,45911441840.0,30295026186.0,68893149166.0,0.0,6699580613.0,140449899073.824,163553200964.824,141.50092848417324,1.5154778727742673,0.28763147219367874,0.5806516784030071,0.003005634438976205,141.50092848417324,0.009020751206228481,27.717009561956605,54.41128907603634,1.9633228062604058,,0.0,,0.03508860141906155,1.2625553823642435,0.0044685170925133485,0.0,0.7777190910874212,23.894736842105264,-0.24765457200408877,0.7035541894395987,4.7726418741104455,-0.09144468111403148,25.98097848423757,-0.5364877126413747,0.3124062391259206,0.8707831632340913,3.4595793314765415,Travel Services,Consumer Cyclical,TCOM
2016Q3,2016,Q3,2016-11-17,2016-09-30,23917442.0,5571866642.0,447423744.0,0.0475,4337569481.0,0.7784769018525982,135558251264.0,67578435388.0,52222056629.0,33173778699.0,64301604297.0,0.0,6122819476.0,146883567436.92395,157701260093.92395,142.88358527378162,1.5741968107653108,0.3068056104161695,0.6154334853598165,0.0013298349231028151,142.88358527378162,0.00035392121558717023,26.361644467535328,1535.3185285964523,2.1735271998174475,,0.0,,0.04110311685231744,1.2467471764151712,0.00017643663721672484,0.0,0.7784769018525982,1.046226910874516,-0.9551649843902974,2.4856978694630376,5.009851571408639,0.36481545994891734,1.0458845577525768,2.130106214597115,-0.9643292453686526,1.011393510263585,3.8443078008171088,Travel Services,Consumer Cyclical,TCOM
2016Q2,2016,Q2,2016-09-07,2016-06-30,-521252534.0,4411284781.0,-395913002.0,-1.02754,3178136245.0,0.7204559222040396,112212800709.0,56078227546.0,29145769816.0,29651523933.0,52527535667.0,0.0,6098902034.0,129788544613.94688,150738344038.9469,118.56827050769866,0.9829434022297541,0.27685540523638585,0.5539889859663718,-0.005092179921582699,118.56827050769866,-0.009295096453831846,29.42193738499126,-62.24839983892859,2.3144195223981283,,0.0,,0.03931177863067269,0.6737238828648234,-0.004645214545101297,0.0,0.7204559222040396,0.7053648745519713,-2.2024020189995226,2.221226048683592,4.157650076149706,0.044730899217256044,0.669818339861892,0.783343394054487,-6.095121942639249,28.092739752950074,3.374999116621111,Travel Services,Consumer Cyclical,TCOM
2016Q1,2016,Q1,2016-04-22,2016-03-31,-1578684091.0,4178006556.0,-1827375631.0,-3.4875,3042062073.0,0.7281132837456467,109968542810.0,55856195703.0,30129583154.0,27523018655.0,49805702218.0,0.0,6620154568.0,129794794825.7544,148043658087.7544,123.37663132641855,1.094704891628102,0.27875715362495856,0.5488114182533481,-0.02246111278413983,123.37663132641855,-0.028263365793728946,31.06620180845748,-20.554269781666278,2.323731381848893,,0.0,,0.037992742735698706,0.7720876237585067,-0.014355778940597566,0.0,0.7281132837456467,-19.116883116883116,-5.2622133092205425,2.46590717824692,4.662595424822795,0.4411763396800148,-21.846806569027393,-20.196597207022787,-6.896397382577476,1.0636692934463492,3.74538376398665,Travel Services,Consumer Cyclical,TCOM
2015Q4,2015,Q4,2016-01-08,2015-12-31,75727862.0,2874055118.0,95192685.0,0.1925,2110818773.0,0.7344392109184317,118842591960.0,44550729734.0,40600868431.0,33666094068.0,55157663979.0,0.0,8198838659.0,107965144123.04463,119814291107.04463,124.49195187105404,1.2059869003215191,0.2613946830481094,0.6972909724145799,0.0008418987929504802,124.49195187105404,0.00169981193242288,37.56543966288841,356.42477310083257,2.423420329311651,,0.0,,0.02418371284738849,0.9462577000662589,0.0006372114639294341,0.0,0.7344392109184317,-0.9709653092006033,-0.7989895879561857,1.9296370011513573,4.856328467236278,-0.09640470919026653,-0.9686444766716665,-0.7650922468991435,-0.7161764029201761,0.8832525177275147,3.954224050854194,Travel Services,Consumer Cyclical,TCOM
2015Q3,2015,Q3,2015-10-26,2015-09-30,2415136281.0,3181600455.0,405234326.0,6.63,2336022326.0,0.7342286874295786,49250974526.0,11821887859.0,25750457901.0,18873778740.0,36365780356.0,0.0,8157953019.0,56913071065.85693,70628783106.85693,41.70825251150837,1.3643509471914048,0.46012730196915574,1.916928860964253,0.010249654784498068,41.70825251150837,0.2042936212731334,17.888189252807024,5.891289811841568,4.814211718522522,,0.0,,0.06459974621051218,1.025628076532172,0.04903732980400275,0.0,0.7342286874295786,13.692520775623269,6.62608318549241,2.9598509456733244,1.0498259140318393,0.29987198748190724,15.915275061661628,5.6559200839534105,72.57723309805446,15.015478047403041,0.9069384581719746,Travel Services,Consumer Cyclical,TCOM
2015Q2,2015,Q2,2015-08-04,2015-06-30,142778422.0,2527136246.0,60883292.0,0.45125,1797117215.0,0.7111279488173666,45741806303.0,9699280910.0,26695907511.0,17686793025.0,34329995945.0,0.0,5742816738.0,64259229769.18093,73690468975.18094,34.0122250472307,1.5093695885549043,0.48871935340546097,2.304800346276392,0.001503633364466672,34.0122250472307,0.014720516224331109,25.427687118528603,112.51565339680832,6.625154005275731,0.0,0.0,0.0,0.05524784546679033,1.2457645768713348,0.003121398858939154,124.15682745830152,0.7111279488173666,2.008379888268156,-0.39109626011794857,2.646494799586857,0.8866669948573578,0.1161040730851359,2.13328187445465,1.3377388600769309,3.699880603055546,36.56781555784443,0.3226285478749128,Travel Services,Consumer Cyclical,TCOM
2015Q1,2015,Q1,2015-04-27,2015-03-31,-125986681.0,2314776242.0,-180267358.0,-0.4475,1610169928.0,0.6956050000793123,31943854079.0,9528928326.0,16802161112.0,13091838826.0,21352200640.0,0.0,5600038316.0,51108873605.96351,57972007953.96351,33.859066334393106,1.2834072688575582,0.34981700524816,1.17269256181831,-0.009001217468508365,33.859066334393106,-0.013221495291998484,22.079401316908587,-101.41721569354524,5.363548959279213,0.0,0.0,0.0,0.07246389982484117,1.0218166938041404,-0.00394400377263256,99.71734320726176,0.6956050000793123,0.4414976599063963,-1.6481606698325968,2.8654969489140476,0.9316548095499432,0.21094008977403056,0.43862383404436767,0.5503506004692167,-1.7607854519560815,1.594432895500069,0.32818118018254466,Travel Services,Consumer Cyclical,TCOM
2014Q4,2014,Q4,2014-12-31,2014-12-31,-224424706.0,1913298774.0,-400906480.0,-0.80125,1329685871.0,0.6949703251103426,31290917013.0,9529179295.0,17076682924.0,12714702781.0,20913189425.0,0.0,5726024997.0,39711916754.1824,46037497596.1824,34.00106700112992,1.343065836310248,0.3715604958515506,1.2200912881448727,-0.018223304890960912,34.00106700112992,-0.023551315286695948,20.755732086295897,-44.23746104203697,4.167401569935766,,0.0,,0.061145500248685855,1.0760632720762613,-0.007172199712356189,0.0,0.6949703251103426,-2.163339382940109,-1.70861542387082,0.7099798187431915,2.205215545555849,-0.13689846042800607,-2.0345749333660033,-5.543233374068786,-1.4719793566739738,0.16030232992152046,0.38710031967819025,Travel Services,Consumer Cyclical,TCOM
2014Q3,2014,Q3,2014-11-24,2014-09-30,216924554.0,2129570543.0,88242546.0,0.68875,1540590313.0,0.7234276967551011,28267486269.0,9426589320.0,16194112928.0,10253664153.0,18304855428.0,0.0,5966099220.0,47621132703.07271,51007993499.07271,34.487190488949935,1.5793488733743979,0.36638620588481446,1.0986812613154129,0.0034499928519174613,34.487190488949935,0.0230119873303232,22.361847960193497,54.88213738942701,5.0517882010662065,,0.0,,0.07533639612431432,1.1910721549648946,0.0076739952019679175,0.0,0.7234276967551011,0.5698005698005698,0.13508206443102994,2.8514310152686533,2.50117723358952,0.23875567803409206,0.6081805981813974,-0.029444820069111786,-0.29637650725542475,1.305207801762161,0.45057177531166337,Travel Services,Consumer Cyclical,TCOM
2014Q2,2014,Q2,2014-07-31,2014-06-30,134888180.0,1722260930.0,90919659.0,0.43875,1243659537.0,0.7221086627100111,23773445204.0,8588883631.0,14692164213.0,8889368812.0,14758637787.0,0.0,5749174666.0,54094289317.44,54883904760.44,31.581886889790997,1.6527792381801787,0.30867371270888855,0.8543878238743365,0.0038643897516867504,31.581886889790997,0.015704972356726996,31.408881415802657,100.257652889675,6.298174668730705,,0.0,,0.0724447346701866,1.3003848568410596,0.005673901230659846,0.0,0.7221086627100111,0.16999999999999993,-0.16138300468868888,2.5713412845844337,2.5416326174006865,0.09827414119124463,0.16936393675785752,0.2815128352406526,-0.4588688170582352,1.187168311140562,0.37379351680351613,Travel Services,Consumer Cyclical,TCOM
2014Q1,2014,Q1,2014-04-03,2014-03-31,115351753.0,1581788122.0,70947131.0,0.375,1132376235.0,0.7158836377960865,21389664455.0,8450369955.0,14686496027.0,6795409522.0,12676853597.0,0.0,5614286486.0,42531262749.66,42357526624.66,31.072563043286415,2.1612378149473948,0.3158998577661418,0.7996090106092876,0.0027846762080374035,31.072563043286415,0.013650497388193935,26.888090862563704,92.17732206822207,5.033065176571906,0.0,0.0,0.0,0.07395104889690052,1.822315716500831,0.0053928734245775245,343.41526710523635,0.7158836377960865,-0.5548961424332345,-0.0638710741492517,2.8901323704415787,2.9285045309659665,0.08253265979906434,-0.5588495592431008,-0.6121896822147741,-0.48155349932695685,1.1844188753859597,0.42613192980537473,Travel Services,Consumer Cyclical,TCOM
2013Q4,2013,Q4,2013-12-31,2013-12-31,261479401.0,1440406093.0,182942866.0,0.8425,1046043484.0,0.7262142871260404,20818474462.0,8530395531.0,14365719868.0,6368008698.0,12088388503.0,0.0,5498934733.0,40380617324.0088,39674054501.0088,31.72965833020019,2.255920264762176,0.30894588375050935,0.7539840289499468,0.009082328050173265,31.72965833020019,0.030652670213211945,28.0341894693782,38.60783791149269,4.733733292584508,,0.0,,0.06918883973122891,1.946857443504076,0.012559969342483707,0.0,0.7262142871260404,-0.3080082135523614,0.18627758852414053,0.8241948096683902,3.402146234576547,-0.09967726467240692,-0.2989597518005124,-0.3892568218925892,-0.07613160081769102,0.9543999464353432,0.4926209971171432,Travel Services,Consumer Cyclical,TCOM
2013Q3,2013,Q3,2013-10-11,2013-09-30,372987716.0,1540975612.0,299541399.0,1.2175,1161853903.0,0.7539729337390707,14729392817.0,7760121112.0,10195191117.0,5599671769.0,6764478341.0,0.0,5252682050.0,46999853353.19168,45564132732.19168,29.49515000877543,1.8206765570512495,0.11124668921238941,0.21115600663321193,0.024876056951278973,29.49515000877543,0.048064677163765376,30.500063068611162,31.50227965764406,6.056587606669261,,0.0,,0.10461908587443439,1.3459911592900367,0.025322681025216086,0.0,0.7539729337390707,5.763888888888889,2.5953445324414,2.909288973233082,3.5989808243882457,13.631410745848218,5.5540361971484575,7.338214221401797,0.26882397501580596,1.0662169280204463,0.4495913682684709,Travel Services,Consumer Cyclical,TCOM
2013Q2,2013,Q2,2013-08-01,2013-06-30,56909621.0,84347569.0,35923927.0,0.18,79408194.0,0.941440220997952,13471475671.0,7130309896.0,9317847446.0,5002274927.0,6160021582.0,0.0,4879694334.0,26637867168.528675,25438707119.528675,27.101324445356923,1.8627219778957982,0.11515916384272702,0.21757313449592036,0.0036239794635233307,27.101324445356923,0.007981367125701713,315.81072797164643,117.01829453638724,3.735863876473606,,0.0,,0.006261197441166355,1.5036199812613777,0.0042244533850518805,0.0,0.941440220997952,-0.6719817767653758,-0.5162128534994032,-0.7871193718564033,3.212307470440061,-0.9072698653920542,-0.6291843696580667,-0.7754989530908222,-0.7369378528636075,-0.8680813751526474,0.5033175358852017,Travel Services,Consumer Cyclical,TCOM
2013Q1,2013,Q1,2013-04-02,2013-03-31,153471473.0,1160508134.0,160016746.0,0.54875,856336447.0,0.7378978413950522,12403793562.0,6747131691.0,8237728492.0,4282108909.0,5453200863.0,0.0,4669313240.0,16998423905.524725,14628805988.524725,25.99929478048546,1.9237550158255445,0.12658594511039475,0.23271309986351948,0.013032695648016786,25.99929478048546,0.022746180159002323,14.647397469705908,27.689875475302056,2.5193555845662425,,0.0,,0.09356074238088807,1.5604068632996089,0.012372946408119203,0.0,0.7378978413950522,-0.2032667876588022,0.5897262002297918,2.24079175693799,3.3934835655795887,0.04859597346487944,-0.20296100649701812,0.3345079944592356,-0.143756742974017,1.1016286034845222,0.48325598560931654,Travel Services,Consumer Cyclical,TCOM
2012Q4,2012,Q4,2013-02-01,2012-12-31,192552026.0,1101355266.0,119906922.0,0.68875,816650520.0,0.7414959960794341,11669751008.0,6489632075.0,7643219513.0,3910144242.0,5084871395.0,0.0,4515841767.0,18241690515.71451,16395054181.714512,25.12844606807588,1.95471548872851,0.1349554610822764,0.2426788776003145,0.011103043622589539,25.12844606807588,0.029670715346370388,16.56294846799644,23.684106179846832,2.8108974907817887,0.0,0.0,0.0,0.09437692931451447,1.5690011353294726,0.016500097205844343,16.414730959879883,0.7414959960794341,5.122222222222222,0.42275978213318444,1.856125638228989,3.598849482490409,4.786068977068434,5.243787926032304,2.9643317362307764,-0.34022396226796603,0.0681792420775976,1.3688105426333241,Travel Services,Consumer Cyclical,TCOM
2012Q3,2012,Q3,2012-10-29,2012-09-30,30838976.0,186641189.0,30246440.0,0.1125,141140820.0,0.7562147495749183,11231964230.0,5824409704.0,7436396169.0,4163273976.0,5348008328.0,0.0,4328462585.0,14016829405.345,13245183252.345,21.871839824076257,1.7861894777688299,0.18503840605624863,0.3568335442770562,0.00291912194454231,21.871839824076257,0.0052947813713758625,75.10040779554292,113.62917339850227,2.4065665222209103,,0.0,,0.016616967894314598,1.2372711358163089,0.002745644071553458,0.0,0.7562147495749183,1.6248264371008052,-0.7207764334545456,-0.46405904877045767,3.081352951693301,1.9648623628307487,1.6244818542105588,4.555762565133954,-0.8343663134262342,-0.6535283086774789,1.2204530599066499,Travel Services,Consumer Cyclical,TCOM
2012Q2,2012,Q2,2012-07-25,2012-06-30,-49383302.0,62816657.0,-8506316.0,-0.18005,47604510.0,0.7578325920782445,10473000000.0,6848000000.0,7045000000.0,3505000000.0,3625000000.0,0.0,4233000000.0,14186986525.5664,11717986525.5664,25.715629003985022,2.0099857346647645,0.0,0.0,0.0013805457147556361,25.715629003985022,-0.007211346670560748,225.84752521240347,-71.82076709636793,2.071697798710047,,0.0,,0.00599796209300105,1.5791726105563482,-0.004715296667621503,0.0,0.7578325920782445,-1.3244144144144143,-1.5520863957020585,-0.799599613634001,4.314921822227978,-0.9304893111807655,-1.2921172751023804,-1.0481790873282788,-1.313546483861999,-0.8669731615484392,1.8837830613258586,Travel Services,Consumer Cyclical,TCOM
2012Q1,2012,Q1,2012-03-31,2012-03-31,169053001.0,910808391.0,176556188.0,0.555,684851651.0,0.7519162732439078,9975699853.0,7323980631.0,6586876311.0,2540217453.0,2588310203.0,0.0,3975661748.0,19602468208.93056,16637591530.930561,25.49280688478023,2.5930363966363945,0.0,0.0,0.01736686718524295,25.49280688478023,0.023082120163515216,21.522054915862718,28.988642752533213,2.6764773415647443,,0.0,,0.09130270601777296,2.2734756586211047,0.016946480296233107,0.0,0.7519162732439078,-0.653125,1.3695647598294554,2.3262243727695244,4.969724935161446,-0.4736429625810652,-0.6531763973825226,-0.6421084519292258,0.29868392389334164,1.1203727107898676,2.2230558906384705,Travel Services,Consumer Cyclical,TCOM
2011Q4,2011,Q4,2012-02-21,2011-12-31,487432227.0,1690356109.0,493323156.0,1.6,1301116167.0,0.7697290293284585,9761434778.0,7042294864.0,6398542515.0,2568060253.0,2616368945.0,0.0,3806608747.0,21206838066.7104,17703409648.7104,24.5123344856688,2.4915858214484037,0.0,0.0,0.05437924466779531,24.5123344856688,0.06921496989450682,12.545781302412177,10.876813684043913,3.0113533267570376,0.0,0.0,0.0,0.17316676773886447,2.1751556889969903,0.04993448587072043,12.985633498689854,0.7697290293284585,0.4988290398126466,5.500045666250644,5.248336608073864,5.23909595053174,0.7381245743836866,0.49849907909270297,0.6212149279734722,1.069366079171275,1.003266439977043,2.4008207662943004,Travel Services,Consumer Cyclical,TCOM
2011Q3,2011,Q3,2011-11-14,2011-09-30,325280298.0,974700811.0,304292261.0,1.0675,748574749.0,0.7680046436321268,9169913324.0,6856535697.0,5877992574.0,2164029366.0,2212553999.0,0.0,3558749613.0,29616625912.951,26716525408.951,23.774894200971318,2.716225882306257,0.0,0.0,0.03503942756428366,23.774894200971318,0.0474409107418959,30.385350641665774,22.76238838860677,4.319473743265045,,0.0,,0.10629335049972169,2.257118260381315,0.035472559718602636,0.0,0.7680046436321268,0.23768115942028967,3.533622125922174,2.948823379530695,5.144368360381607,0.16371323871280405,0.2335129772742431,0.13381650968472902,1.860457410081057,1.25582329994576,2.7070597199741435,Travel Services,Consumer Cyclical,TCOM
2011Q2,2011,Q2,2011-08-02,2011-06-30,263702372.0,833027708.0,268378753.0,0.8625,643263928.0,0.7721999182288904,8759459296.0,6613905091.0,5345316920.0,1994886265.0,2043626840.0,0.0,3233469315.0,40051722839.61168,36719504324.61168,22.988816371236325,2.6795096110404066,0.0,0.0,0.034279484780995545,22.988816371236325,0.039870903554216124,48.07970065698184,37.97057506142918,6.055684544689466,,0.0,,0.0951003572081671,2.3553532241097463,0.03010486870124729,0.0,0.7721999182288904,0.11831442463533233,18.49983134596732,21.004538261817547,5.426755981030267,0.07243522840285962,0.12257563889825909,0.021454841773253235,1.0500252550748579,0.9226470354532198,2.573108138400364,Travel Services,Consumer Cyclical,TCOM
2011Q1,2011,Q1,2011-05-17,2011-03-31,234908333.0,764523010.0,262741672.0,0.77125,599816111.0,0.7845625352728102,8021964364.0,6255963278.0,4655069577.0,1632824570.0,1678051962.0,0.0,2969766943.0,39006655914.08989,36956851698.08989,21.788000390347413,2.8509306281445776,0.0,0.0,0.033041149346856584,21.788000390347413,0.03754950637675402,51.02090506614038,41.51263539264259,6.235115869567591,,0.0,,0.09530371556260381,2.471169573348593,0.02928314342235091,0.0,0.7845625352728102,-0.22095959595959597,3.333761418942481,3.081984673227169,5.687295192272446,-0.028790893866763718,-0.22286224107430305,-0.10107319626920586,1.199246430433581,0.9296311445448957,2.6818391594868345,Travel Services,Consumer Cyclical,TCOM
2010Q4,2010,Q4,2010-12-31,2010-12-31,302273735.0,787126531.0,292283722.0,0.99,617597289.0,0.7846226301321305,8116204013.0,6103692771.0,4570908450.0,1880898515.0,1926281225.0,0.0,2734858610.0,38399402249.1836,36245467138.1836,21.257679204220654,2.430172820887149,0.0,0.0,0.03868206105160759,21.257679204220654,0.04952309140397263,48.78428148063987,31.758798237286147,6.291175471941788,0.0,0.0,0.0,0.09698210268485521,2.1037704158110837,0.03724324012997183,27.74122399160786,0.7846226301321305,-0.05938242280285036,3.1672466407726434,4.179425958724824,6.1285169877854715,-0.02894265321452839,-0.05580518779456663,-0.051093574270164366,1.0089148369962428,0.8359973597503579,2.8904461796973733,Travel Services,Consumer Cyclical,TCOM
2010Q3,2010,Q3,2010-11-03,2010-09-30,320139161.0,812204703.0,308021649.0,1.0525,636004960.0,0.7830599326140568,7680000000.0,5830000000.0,4189000000.0,1719000000.0,1850000000.0,0.0,2526000000.0,45685601518.249596,44037601518.249596,20.347216915348515,2.4368819080860966,0.0,0.0,0.043761136626002,20.347216915348515,0.054912377530017153,56.2488758677498,35.67636131701613,7.836295286149159,,0.0,,0.105755820703125,2.089586969168121,0.04168478658854167,0.0,0.7830599326140568,0.35806451612903223,3.339381496816189,3.7994208743333,5.766922831560076,0.16907187635148183,0.36106984315425206,0.19676673993770483,1.693977621601105,1.1675943506155244,2.7968536018989814,Travel Services,Consumer Cyclical,TCOM
2010Q2,2010,Q2,2010-08-10,2010-06-30,235211413.0,695180390.0,257378183.0,0.775,544025541.0,0.7825674441133186,6995452226.0,5156900359.0,3822624962.0,1706291695.0,1755472575.0,0.0,2133341440.0,36379898704.96128,34840419326.96128,18.027677984477705,2.240311532431153,0.0,0.0,0.040647601773053946,18.027677984477705,0.04561100595816263,52.33159512016914,38.66723370366522,7.054605707374165,,0.0,,0.0993760471147559,1.8903021197673942,0.033623474995053165,0.0,0.7825674441133186,0.1900191938579655,2.6911863669084535,3.4882968402216847,5.50948284796343,0.1869362482508103,0.23505936459037444,0.3102011424425786,1.447952366420953,1.0646141476937225,2.7259714358513794,Travel Services,Consumer Cyclical,TCOM
2010Q1,2010,Q1,2010-05-12,2010-03-31,190445431.0,586721873.0,196441733.0,0.65125,458344365.0,0.7811952921686968,6495972354.0,4833293164.0,4016873140.0,1606455513.0,1617459385.0,0.0,1898130027.0,36836381403.902084,33742750794.902084,17.528528475686574,2.500457129060878,0.0,0.0,0.03576000682682157,17.528528475686574,0.03940283043836486,62.7833784609937,48.35555939893103,7.621383630993438,,0.0,,0.09032086976766712,2.3238483062804867,0.02931746328672876,0.0,0.7811952921686968,-0.3913551401869159,3.403882322164736,4.202676956931586,5.902889846354636,-0.48072217857687033,-0.38881066579569856,-0.3946151001292829,1.7813017368234556,1.232485510809085,3.1047066331666398,Travel Services,Consumer Cyclical,TCOM
2009Q4,2009,Q4,2010-01-08,2009-12-31,311598093.0,1100845916.0,324490639.0,1.07,882657310.0,0.8017991411615502,4156759697.0,2925047919.0,2306295816.0,1158541462.0,1170051399.0,0.0,1707684596.0,33833397006.1384,32398778624.1384,10.608043832894067,1.9906890617610025,0.0,0.0,0.08965146555400644,10.608043832894067,0.10652751737022056,30.73399874986537,27.145061030699573,11.566783841854182,0.0,0.0,0.0,0.26483270533884795,1.7588229129774555,0.07496177689195874,39.827424374500765,0.8017991411615502,0.6150943396226417,5.861880662322315,10.943900417904993,3.455848173634143,1.0961926368003847,0.6528936602923409,0.6289891147204828,3.329410945008875,3.23979244960367,1.7000530430737872,Travel Services,Consumer Cyclical,TCOM
2009Q3,2009,Q3,2009-11-12,2009-09-30,188516721.0,545429135.0,199197549.0,0.6625,421076429.0,0.7720094178687392,3772668114.0,2655882862.0,2012439413.0,950816041.0,950816041.0,0.0,1529388067.0,27012434891.048992,25820451441.048992,9.850169868033946,2.1165391897295516,0.0,0.0,0.06524904187549872,9.850169868033946,0.07098081157767568,49.525104468519075,35.82233282511978,10.170793026130454,,0.0,,0.1445738449602726,1.8707788618387433,0.04996907104031574,0.0,0.7720094178687392,0.16740088105726866,3.4593519607375476,4.14408053303496,3.0801323244006396,0.14352881635584008,0.1866935385792395,0.2170084410960117,1.8103369218722034,1.3635003265507062,1.5456715630330502,Travel Services,Consumer Cyclical,TCOM
2009Q2,2009,Q2,2009-08-05,2009-06-30,158858808.0,476286925.0,163678034.0,0.5675,368225464.0,0.7731168853732443,3411899400.0,2395158587.0,1737893193.0,854748199.0,854748199.0,0.0,1340871346.0,21204933843.8679,20129580746.8679,8.917324381592667,2.033222409866698,0.0,0.0,0.05613101523288441,8.917324381592667,0.06632496439368338,44.521343607884894,33.37072415252527,8.853248364830677,,0.0,,0.13959582893915337,1.8498866810715562,0.04656022624817133,0.0,0.7731168853732443,0.27170868347338945,3.603869372441318,4.094411074734662,2.9731219324088776,0.1855028933478029,0.3086401211016055,0.21028807501805785,11.582581634290758,12.476065419809792,1.4929281646659058,Travel Services,Consumer Cyclical,TCOM
2009Q1,2009,Q1,2009-05-08,2009-03-31,121392280.0,400577420.0,135238905.0,0.44625,310606972.0,0.7753981040668743,2772098528.0,2119097791.0,1796984814.0,650281889.0,650281889.0,0.0,1182012538.0,12527866632.8218,11263352862.8218,7.909514370763902,2.7633936057536426,0.0,0.0,0.05228017166358574,7.909514370763902,0.05728488818003775,31.274520248349994,25.8003775710074,5.911886976631651,,0.0,,0.1445033125460395,2.6217743117861922,0.04379075230330341,0.0,0.7753981040668743,-0.4490740740740741,4.081385702946564,4.3586700781116265,2.737004916411778,-0.5045459674067896,-0.4473597574373847,-0.40328043216904674,1.4001217998478919,1.2921493461214666,1.4276324801358182,Travel Services,Consumer Cyclical,TCOM
2008Q4,2008,Q4,2009-02-09,2008-12-31,219658777.35776,786884771.06752,226637288.75456,0.81,626913803.4345601,0.7967034392901812,2560566316.0,1931088198.0,1631307004.0,626037525.0,629478118.0,0.0,1060620258.0,10861146133.7106,9979707685.7106,7.207770173780323,2.605765531387276,0.07357314466836093,0.09755583209255365,0.090594516449326,7.207770173780323,0.1137487027186316,13.802714873965504,12.361384170891752,5.624365652982258,0.511247496461733,0.0,0.01033960860276482,0.3073088816917484,2.433923987224248,0.08578523273745979,25.51961027657566,0.7967034392901812,1.1393707608764554,13.8486013734122,15.532016059089425,2.564237168405928,1.0015594726606702,1.0848395086855347,1.1079831510439926,2.245435571111382,4.5491166637722005,1.4170424077923316,Travel Services,Consumer Cyclical,TCOM
2008Q3,2008,Q3,2008-11-18,2008-09-30,105360041.5968,400331634.23104,107513804.67264,0.378616,313212678.4128,0.7823830335427309,2303951242.43072,1713676412.5088,1702196748.10496,588027405.6256,588838364.87808,0.0,848142804.93312,17628870668.856876,16512811664.529837,6.413410086940047,2.8947575092932953,0.0,0.0,0.05198863743809587,6.413410086940047,0.06148187652449173,44.03566733545438,41.830067646329354,10.287164216171032,0.0,0.0,0.0,0.17375872668584827,2.746501775415499,0.045730152468696696,0.0,0.7823830335427309,-0.11963484759351443,1.4863861279142057,1.9362300287629541,0.0,-0.027405378334315868,-0.11648249606313676,-0.15495299762614959,0.531400184382773,1.5366875467998051,1.1329232064526273,Travel Services,Consumer Cyclical,TCOM
2008Q2,2008,Q2,2008-06-30,2008-06-30,119250655.62066,401666706.13591,127228194.8467,0.430067,322038258.73146,0.8017549222078005,2307077660.32858,1716001838.71945,1704506596.62994,588825347.6009,589637407.30962,0.0,910130458.78771,20892888057.5641,19775314582.45229,6.433842884343302,2.894757509293295,0.0,0.0,0.05500449072537592,6.433842884343302,0.06949331459321144,52.01548382876094,43.800363085686115,12.17532964484188,,0.0,,0.17410194422267675,2.7465017754154983,0.051689051335912124,0.0,0.8017549222078005,0.22642214288158602,1.8193300926111187,1.9514029844319993,0.0,0.07804982920796645,0.20615282023654954,0.1530654833872372,1.0071046082625095,1.7813237504606294,1.3231494337864753,Travel Services,Consumer Cyclical,TCOM
2008Q1,2008,Q1,2008-03-31,2008-03-31,98868612.35152,366733153.084,110339088.872,0.350668,298722981.07784,0.8145513394842099,2267267589.0232,1572763022.4648,1659677047.09512,692503949.51152,693316608.5748,0.0,730581942.64088,24557822912.51404,23561987741.522923,5.917694784196975,2.3966318867435,0.0,0.0,0.05077205040885339,5.917694784196975,0.06286300665727458,66.96373836397902,62.097116386140144,15.614445763117928,,0.0,,0.1617511558227666,2.272990245297273,0.04360694468980402,0.0,0.8145513394842099,-0.29866400000000004,1.345741547102263,1.704266071740764,0.0,-0.08866956098854303,-0.29011885494430434,1.4729980671943401,1.3719773521656888,2.3738961116428343,1.3304406468757535,Travel Services,Consumer Cyclical,TCOM
2007Q4,2007,Q4,2007-12-31,2007-12-31,139274881.49268,396831748.20084,-233275982.55632,0.5,327787779.59164,0.826011983864113,2127996869.3214,1452202450.20032,1549864970.55024,673006654.49148,674633985.24784,0.0,632498232.67228,27727846086.889977,26661898580.18194,5.464072299767485,2.3028969479080548,0.0,0.0,-0.14870124287492187,5.464072299767485,0.09590596784454408,69.87305378816785,49.77179982082285,19.093650532723682,0.5183992922930233,0.0,0.0026038805817714394,0.18648135902915414,2.199792147021129,0.0654488187931844,77.2793926613433,0.826011983864113,0.27051887991055545,8.49074348138868,7.404493386839992,1.7019798234596282,0.16261688507933106,0.26930559469421006,-3.1010371154415286,2.1820582023967288,3.466969633646477,1.2951523354406744,Travel Services,Consumer Cyclical,TCOM
2007Q3,2007,Q3,2007-11-08,2007-09-30,109725256.136,345978629.6,111028967.952,0.39354,281939634.45600003,0.8149047667538366,2091840978.648,1417772301.28,1540043372.744,671252752.496,672878447.496,0.0,622940717.664,26524368991.7892,25334924213.3492,5.358967990014662,2.2942823951447067,0.0,0.0,0.0664842031489135,5.358967990014662,0.07739272098695772,76.66476112254419,60.43360007953255,18.708482996770595,,0.0,,0.16539432640028554,2.1185125191787932,0.05245391846512047,0.0,0.8149047667538366,0.2178283083035998,1.615253115168141,1.5629133579867585,0.0,0.12026056748160968,0.245049476970574,0.16755406197414913,1.645259904545601,2.3255124067138744,1.219788979725623,Travel Services,Consumer Cyclical,TCOM
2007Q2,2007,Q2,2007-07-12,2007-06-30,88129233.549,308832629.2845,95095354.9545,0.323149,251673264.81,0.8149179877562608,1819031389.8135,1269444691.9815,1290368565.9405,547297253.568,548920441.1445,0.0,512423527.092,19519911305.304295,18549985905.544796,4.838383303482949,2.357710654545018,0.0,0.0,0.0635700370473519,4.838383303482949,0.06942345271572047,63.205469417295085,55.37297477587614,15.376732384327276,0.0,0.0,0.0,0.16977861460442623,2.2265783239173382,0.04844844022072408,0.0,0.8149179877562608,0.3393389286084345,1.1180632704861329,1.3068515119844561,0.0,0.25485750612802277,0.35787754602923355,0.33832367686276327,1.6146760092743602,2.3816970682225795,1.155746050928747,Travel Services,Consumer Cyclical,TCOM
2007Q1,2007,Q1,2007-04-06,2007-03-31,64902195.1992,249103922.0832,71055572.4288,0.241275,200559237.6672,0.8051227615766474,1572840610.176,1116086744.9136,1122484925.5488,454450048.0296,456074542.9536,0.0,424636618.9152,16763715379.674788,15904994276.092388,4.2703486612303685,2.4699852721232154,0.0,0.0,0.0535604042044341,4.2703486612303685,0.058151568858766704,67.29607161333956,64.57299066781574,15.020082852943949,,0.0,,0.15837836362536786,2.3265948683027373,0.04126431806204284,0.0,0.8051227615766474,-0.03490000000000004,0.5658754689398643,0.8679099065894431,0.0,0.004924019012695266,-0.048614626042369574,-0.07009969842788888,1.784947698155812,2.415998599725673,1.0176098295993214,Travel Services,Consumer Cyclical,TCOM
