Quarters,Year,Quarter,FillingDate,Date,NetIncome,Revenue,OperatingIncome,EPSDiluted,GrossProfit,GrossProfitRatio,TotalAssets,CommonStockEquity,CurrentAssets,CurrentLiability,TotalLiability,Inventory,RetainedEarnings,MarketCap,EnterpriseValue,bookValuePerShare,currentRatio,debtToAssets,debtToEquity,roic,shareholdersEquityPerShare,roe,priceToSalesRatio,peRatio,pbRatio,payoutRatio,inventoryTurnover,dividendYield,assetTurnover,quickRatio,returnOnAssets,priceToFreeCashFlowsRatio,grossProfitMargin,epsdilutedGrowth,fiveYNetIncomeGrowthPerShare,fiveYRevenueGrowthPerShare,fiveYShareholdersEquityGrowthPerShare,grossProfitGrowth,netIncomeGrowth,operatingIncomeGrowth,threeYNetIncomeGrowthPerShare,threeYRevenueGrowthPerShare,threeYShareholdersEquityGrowthPerShare,Industry,Sector,Symbol
2023Q1,2023,Q1,2023-05-23,2023-03-31,-1421427.0,0.0,-1303645.0,-0.0379,0.0,0.0,66416427.0,42814556.0,50416.0,6994201.0,23601871.0,0.0,-23452318.0,384012083.2,384166667.2,1.1416855682941176,0.00720825724053398,0.0024843251504631527,0.003853829524706504,-0.03164273349283388,1.1416855682941176,-0.033199620241302984,0.0,-67.53988829535389,8.969194570183095,0.0,0.0,0.0,0.0,0.001489233723766303,-0.021401738458469016,-18038.89906050357,0.0,-1.000000002750521,0.0,0.0,0.0,0.0,-1.3034040415963437,0.23686109958220816,0.0,0.0,0.0,Shell Companies,Financial Services,ROSS
2022Q4,2022,Q4,2023-04-06,2022-12-31,4684931.0,0.0,-1708267.0,13779208.82,0.0,0.0,350404066.0,331910548.0,71704.0,5546848.0,18493518.0,0.0,-18322677.0,349140000.0,349108296.0,9.620595594202898,0.012926981233305834,0.0,0.0,-0.01620086027725018,9.620595594202898,0.014115041020028083,0.0,18.631010787565494,1.0519099260442906,0.0,0.0,0.0,0.0,0.0057156785258943455,0.013370081727305071,-9158.01070192005,0.0,86120054.125,8.408017474640015,0.0,0.30861240897452824,0.0,-0.2991317033953492,-448.8991308928101,8.408017474640015,0.0,0.30861240897452824,Shell Companies,Financial Services,ROSS
2022Q3,2022,Q3,2022-11-14,2022-09-30,6684467.0,0.0,-3797.0,0.16,0.0,0.0,347749849.0,330422216.0,91078.0,3857963.0,17327633.0,0.0,-17137418.0,427373062.5,427303234.5,7.661964428985507,0.023607795098086738,0.0,0.0,-2.2995778518532785e-05,7.661964428985507,0.020230077386806218,0.0,15.983812265809677,1.2934150362940489,0.0,0.0,0.0,0.0,0.018099707021555157,0.019222055794480015,85474612.5,0.0,0.06666666666666674,13.3465048397828,0.0,0.040669856067524386,0.0,0.03033987896664315,0.9988350505880126,13.3465048397828,0.0,0.040669856067524386,Shell Companies,Financial Services,ROSS
2022Q2,2022,Q2,2022-08-15,2022-06-30,6487633.0,0.0,-3259369.0,0.15,0.0,0.0,345836978.0,327081881.0,127673.0,3890767.0,18755097.0,0.0,-18528286.0,423487500.0,423417677.0,7.584507385507246,0.03281435254282768,0.0,0.0,-0.040052080275307524,7.584507385507246,0.01983488960062572,0.0,16.31902960602118,1.2947446024990912,0.0,0.0,0.0,0.0,0.017945818909227924,0.018759223023282375,-1268.838386864813,0.0,-0.625,-0.2854815694919496,0.0,0.031663337751595064,0.0,-0.6241802590904659,-6.838582913871927,-0.2854815694919496,0.0,0.031663337751595064,Shell Companies,Financial Services,ROSS
2022Q1,2022,Q1,2022-05-17,2022-03-31,17262619.0,0.0,-415811.0,0.4,0.0,0.0,345676835.0,325467752.0,482683.0,986413.0,20209083.0,0.0,-19627263.0,423487500.0,423083917.0,7.547078307246377,0.48933154773913157,0.0,0.0,-0.0026182296389471366,7.547078307246377,0.05303941448552482,0.0,6.133013478429896,1.3011657757110142,0.0,0.0,0.0,0.0,0.4091420125241658,0.04993860522936112,-580.0253109424629,0.0,22.85792349726776,0.0,0.0,0.0,0.0,22.83712557731206,-1.9903918762450648,0.0,0.0,0.0,Shell Companies,Financial Services,ROSS
2021Q4,2021,Q4,2022-03-31,2021-12-31,-790517.0,0.0,-139049.0,-0.0183,0.0,0.0,346222354.0,317044361.0,1150719.0,1238663.0,29177993.0,0.0,-27956502.0,420900000.0,419766298.0,7.351753298550725,0.9290008662566008,0.0,0.0,-0.0007459163523633607,7.351753298550725,-0.0024933955535641904,0.0,-133.10909189808694,1.3275744715106286,0.0,0.0,0.0,0.0,0.9152626662780756,-0.0022832638934688777,-2763.279695901365,0.0,-2.8299999999999996,0.0,0.0,0.0,0.0,-2.6966432725945957,0.8251655312717681,0.0,0.0,0.0,Shell Companies,Financial Services,ROSS
2021Q3,2021,Q3,2022-01-12,2021-09-30,465930.0,0.0,-795318.0,0.01,0.0,0.0,346674807.0,317509164.0,1626037.0,1574973.0,29165643.0,0.0,-27491699.0,417881250.0,416274729.0,7.362531339130435,1.0324221431097549,0.0,0.0,-0.0025048662847413122,7.362531339130435,0.00146745370788731,0.0,224.2189009078617,1.3161234300626359,0.0,0.0,0.0,0.0,1.0200308195759547,0.0013439972867714037,-1744.887030302018,0.0,-0.9525039896648682,0.0,0.0,0.0,0.0,-0.9486845861461929,-3.8156145173595553,0.0,0.0,0.0,Shell Companies,Financial Services,ROSS
2021Q2,2021,Q2,2021-08-16,2021-06-30,9079728.0,0.0,-165154.0,0.210544,0.0,0.0,346838219.0,317043234.0,1830321.0,983985.0,29794985.0,0.0,4998811.0,418312499.99999994,416504194.99999994,7.351727165217391,1.8601106724187868,0.0,0.0,-0.0005209194907468046,7.351727165217391,0.02863876918439458,0.0,11.517759672976986,1.3194178431828638,,0.0,,0.0,1.8377363476069248,0.026178568285175053,0.0,0.0,0.0,0.0,0.0,0.0,0.0,0.0,0.0,0.0,0.0,0.0,Shell Companies,Financial Services,ROSS
2021Q1,2021,Q1,2021-03-31,2021-03-31,,,,,,,346937354.0,307963505.0,1934627.0,923179.0,38973849.0,0.0,-900645.0,0.0,-1910110.0,0.0,2.0956141766656304,0.0,0.0,,0.0,,0.0,0.0,0.0,0.0,0.0,,,2.069057030110087,,0.0,0.0,0.0,0.0,0.0,0.0,0.0,0.0,0.0,0.0,0.0,0.0,Shell Companies,Financial Services,ROSS
