Quarters,Year,Quarter,FillingDate,Date,NetIncome,Revenue,OperatingIncome,EPSDiluted,GrossProfit,GrossProfitRatio,TotalAssets,CommonStockEquity,CurrentAssets,CurrentLiability,TotalLiability,Inventory,RetainedEarnings,MarketCap,EnterpriseValue,bookValuePerShare,currentRatio,debtToAssets,debtToEquity,roic,shareholdersEquityPerShare,roe,priceToSalesRatio,peRatio,pbRatio,payoutRatio,inventoryTurnover,dividendYield,assetTurnover,quickRatio,returnOnAssets,priceToFreeCashFlowsRatio,grossProfitMargin,epsdilutedGrowth,fiveYNetIncomeGrowthPerShare,fiveYRevenueGrowthPerShare,fiveYShareholdersEquityGrowthPerShare,grossProfitGrowth,netIncomeGrowth,operatingIncomeGrowth,threeYNetIncomeGrowthPerShare,threeYRevenueGrowthPerShare,threeYShareholdersEquityGrowthPerShare,Industry,Sector,Symbol
2023Q1,2023,Q1,2023-05-10,2023-03-31,1000000.0,420700000.0,12100000.0,0.01,121300000.0,0.2883289755,1376800000.0,138100000.0,729500000.0,525800000.0,1238700000.0,469100000.0,-76400000.0,510738052.84999996,1528738052.85,4.285729226137883,1.387409661468239,0.7406304474142941,7.383779869659667,0.010227008599984502,4.285729226137883,0.00724112961622013,1.2140196169479438,127.6845132125,3.6983204406227372,2.7,0.6382434448944788,0.005286467270127159,0.3055636257989541,0.4374286801065044,0.000726321905868681,-13.511588699735448,0.2883289755169955,1.4608294930875576,715.9832259164905,0.0,0.0,0.09476534296028881,2.4285714285714284,0.2736842105263158,1.0342609723079186,0.35751273046539084,-0.3755086592600893,Rental & Leasing Services,Industrials,ALTG
2022Q4,2022,Q4,2023-03-09,2022-12-31,-700000.0,428600000.0,9500000.0,-0.0217,110800000.0,0.2585160989,1290600000.0,139800000.0,663300000.0,471200000.0,1150800000.0,399700000.0,-74200000.0,423389067.93,1342489067.93,4.35524235194676,1.4076825127334465,0.7142414380908104,6.593705293276109,0.027854569824914133,4.35524235194676,-0.005007153075822604,0.9878419690387308,-151.21038140357143,3.028534105364807,-3.857142857142857,0.7950963222416813,0.00637711316733005,0.33209359987602666,0.49978777589134127,-0.0005423833875716721,-19.071579636486486,0.2585160989267382,-1.155,-1174.254382190161,0.0,9312.281823375331,-0.007168458781362007,-1.1372549019607843,-0.30656934306569344,0.6080701288849057,0.0,-0.4357392067997489,Rental & Leasing Services,Industrials,ALTG
2022Q3,2022,Q3,2022-11-09,2022-09-30,5100000.0,405000000.0,13700000.0,0.14,111600000.0,0.2755555556,1142600000.0,140700000.0,581900000.0,415200000.0,1001900000.0,338500000.0,-70800000.0,352120091.43,1151520091.43,4.399371230732387,1.4014932562620424,0.7014703308244356,5.696517412935323,0.012174340316982394,4.399371230732387,0.03624733475479744,0.8694323245185185,17.260788795588233,2.502630358422175,0.49019607843137253,0.8667651403249631,0.007099850479554331,0.3544547523192718,0.5190269749518305,0.004463504288464905,135.43080439615386,0.27555555555555555,-0.1764705882352941,0.0,0.0,0.0,0.054820415879017016,-0.16393442622950818,0.05384615384615385,0.5178437374668283,0.0,-0.8660288185474639,Rental & Leasing Services,Industrials,ALTG
2022Q2,2022,Q2,2022-08-09,2022-06-30,6100000.0,406500000.0,13000000.0,0.17,105800000.0,0.2602706027,1071100000.0,139200000.0,538700000.0,506600000.0,931900000.0,296600000.0,-73400000.0,286439297.04,1034739297.04,4.359122553724307,1.0633636004737466,0.6990943889459434,5.379310344827586,0.013969482054588436,4.359122553724307,0.04382183908045977,0.704647717195572,11.739315452459017,2.0577535706896555,0.11475409836065574,1.0138233310856373,0.0024437987637647637,0.37951638502474094,0.41788393209632846,0.005695079824479507,-38.191906272000004,0.2602706027060271,1.7083333333333335,0.0,0.0,0.0,0.1575492341356674,1.7820512820512822,1.826086956521739,0.38987410752356444,0.0,-0.8719894319931049,Rental & Leasing Services,Industrials,ALTG
2022Q1,2022,Q1,2022-05-10,2022-03-31,-7800000.0,331700000.0,4600000.0,-0.24,91400000.0,0.275550196,1030600000.0,133000000.0,504700000.0,470700000.0,897600000.0,291000000.0,-78800000.0,400011327.35999995,1126611327.36,4.109583623167126,1.0722328446993838,0.7065786920240636,5.475187969924812,0.030647806478064782,4.109583623167126,-0.058646616541353384,1.2059431032861017,-12.820875876923077,3.0076039651127817,-0.10256410256410256,0.8257731958762886,0.0019999433648038183,0.3218513487288958,0.4055661780327172,-0.007568406753347565,-16.949632515254237,0.275550195960205,-10.111111111111109,-5551.717599671925,0.0,0.0,0.025813692480359147,-10.142857142857142,0.7037037037037037,-4349.807130007385,0.0,7856.710760682336,Rental & Leasing Services,Industrials,ALTG
2021Q4,2021,Q4,2022-03-31,2021-12-31,-700000.0,356300000.0,2700000.0,-0.0216,89100000.0,0.2500701656,982600000.0,134700000.0,448600000.0,420600000.0,847900000.0,239200000.0,-76800000.0,473799824.64000005,996099824.6400001,4.162112135643698,1.0665715644317642,0.5338896804396499,3.894580549368968,-0.001194448657667223,4.162112135643698,-0.005196733481811433,1.32977778456357,-169.2142230857143,3.5174448748329628,-4.714285714285714,1.117056856187291,0.006964966697713296,0.3626094036230409,0.439847836424156,-0.0007123956849175657,9.80952017888199,0.25007016559079426,-4.495244608,-1164.6627139812108,0.0,8899.37945714916,0.09864364981504316,-4.5,-0.55,-1164.6627139812108,0.0,8899.37945714916,Rental & Leasing Services,Industrials,ALTG
2021Q3,2021,Q3,2021-11-12,2021-09-30,200000.0,295000000.0,6000000.0,0.006179824997243798,81100000.0,0.27491525423728813,787400000.0,135900000.0,395900000.0,324500000.0,651500000.0,204900000.0,-75300000.0,444349152.48,950449152.48,4.19919108562716,1.2200308166409861,0.6442722885445771,3.7328918322295808,0.009298000929800094,4.19919108562716,0.0014716703458425313,1.5062683134915256,555.4364406,3.2696773545253865,3.5,1.0439238653001464,0.0015753377633177927,0.3746507493014986,0.5220338983050847,0.000254000508001016,-27.260684201226994,0.27491525423728813,1.0128746354109246,0.0,0.0,0.0,0.054616384915474644,1.0136986301369864,0.875,0.0,0.0,0.0,Rental & Leasing Services,Industrials,ALTG
2021Q2,2021,Q2,2021-08-12,2021-06-30,-14600000.0,292700000.0,3200000.0,-0.48,76900000.0,0.26272634096344377,783100000.0,136000000.0,403400000.0,320200000.0,647100000.0,224900000.0,-74800000.0,430637876.78999996,929237876.79,4.197122681062715,1.259837601499063,0.6389988507214915,3.679411764705882,0.005010961478233636,4.197122681062715,-0.10735294117647058,1.4712602555175947,-7.373936246404109,3.1664549763970586,0.0,0.9595375722543352,0.0,0.37377091048397393,0.48938163647720173,-0.01864385135997957,-45.33030281999999,0.26272634096344377,-1.526315789473684,0.0,0.0,0.0,0.1426448736998514,-1.5614035087719298,7.0,0.0,0.0,0.0,Rental & Leasing Services,Industrials,ALTG
2021Q1,2021,Q1,2021-05-13,2021-03-31,-5700000.0,268800000.0,400000.0,-0.19,67300000.0,0.25037202380952384,745000000.0,151500000.0,381300000.0,439600000.0,593500000.0,223400000.0,-59100000.0,394625257.0,862025257.0,4.990810813713325,0.8673794358507735,0.6281879194630873,3.089108910891089,0.0007044690527981017,4.990810813713325,-0.03762376237623762,1.4680999144345237,-17.308125307017544,2.604787174917492,0.0,0.9019695613249776,0.0,0.36080536912751676,0.3289353958143767,-0.007651006711409396,-49.328157125,0.25037202380952384,-0.8023145513185354,-4325.1157287000515,0.0,0.0,0.04503105590062112,-0.78125,1.8,-4325.1157287000515,0.0,0.0,Rental & Leasing Services,Industrials,ALTG
2020Q4,2020,Q4,2021-03-18,2020-12-31,-3200000.0,280400000.0,-500000.0,-0.10542,64400000.0,0.2296718972895863,746200000.0,156900000.0,381600000.0,434300000.0,589300000.0,229000000.0,-53400000.0,299915195.32000005,759715195.32,5.168701100142711,0.8786553073912042,0.6177968373090325,2.938177182919057,-0.00040257648953301127,5.168701100142711,-0.020395156150414276,1.0695977008559203,-23.430874634375,1.9115053876354369,0.0,0.9432314410480349,0.0,0.37577057089252214,0.3200552613400875,-0.004288394532296971,-272.6501775636364,0.2296718972895863,-11.542,-5680.161519171094,0.0,11051.41435471585,0.13580246913580246,-11.666666666666666,0.8571428571428571,-5680.161519171094,0.0,11051.41435471585,Rental & Leasing Services,Industrials,ALTG
2020Q3,2020,Q3,2020-11-12,2020-09-30,300000.0,220600000.0,-3500000.0,0.01,56700000.0,0.257026291931097,699800000.0,114700000.0,357200000.0,411400000.0,585100000.0,221100000.0,-63000000.0,228804031.8,670304031.8,3.925197440511186,0.8682547399124939,0.6310374392683624,3.850043591979076,0.001172293676312969,3.925197440511186,0.0026155187445510027,1.037189627379873,190.6700265,1.9948041133391456,0.0,0.7412935323383084,0.0,0.31523292369248357,0.2987360233349538,0.00042869391254644185,-63.556675500000004,0.257026291931097,1.0714285714285714,0.0,0.0,0.0,0.22462203023758098,1.0731707317073171,-4.888888888888889,0.0,0.0,0.0,Rental & Leasing Services,Industrials,ALTG
2020Q2,2020,Q2,2020-08-13,2020-06-30,-4100000.0,192100000.0,900000.0,-0.14,46300000.0,0.24102030192608018,664300000.0,114200000.0,343100000.0,375400000.0,550100000.0,206700000.0,-63300000.0,225634405.29,643334405.29,3.9326183383227424,0.9139584443260522,0.6384163781424056,3.713660245183888,0.0015117994100294985,3.9326183383227424,-0.03590192644483362,1.174567440343571,-13.758195444512193,1.9757828834500875,0.0,0.7053701015965167,0.0,0.28917657684780973,0.33670751198721366,-0.006171910281499322,53.72247745,0.24102030192608018,0.8461538461538461,0.0,0.0,0.0,-0.016985138004246284,0.7588235294117647,1.18,0.0,0.0,0.0,Rental & Leasing Services,Industrials,ALTG
2020Q1,2020,Q1,2020-03-31,2020-03-31,-17000000.0,180500000.0,-5000000.0,-0.91,47100000.0,0.26094182825484763,674900000.0,128800000.0,379000000.0,383200000.0,546100000.0,209000000.0,-47100000.0,80139278.86999999,489739278.87,6.86275204562494,0.9890396659707724,0.6608386427618906,3.4627329192546585,-0.008106564123399072,6.86275204562494,-0.13198757763975155,0.44398492448753457,-1.1785188069117645,0.6221993701086955,0.0,0.6382775119617224,0.0,0.2674470291895096,0.41805845511482254,-0.02518891687657431,-0.9563159769689736,0.26094182825484763,-15.355140186915888,-20867.737159314045,0.0,0.0,0.0,-15.279330325806857,-2.0983906339369205,-20867.737159314045,0.0,0.0,Rental & Leasing Services,Industrials,ALTG
2019Q4,2019,Q4,2019-12-31,2019-12-31,-1044269.0,0.0,-1613741.0,-0.05564,0.0,0.0,146831116.0,144860509.0,832525.0,1970607.0,1970607.0,0.0,-127.0,187867489.81,187213001.81,7.718491882531211,0.42247135019818766,0.0,0.0,-0.011458165382337114,7.718491882531211,-0.0072087900781848,0.0,-44.975837119075635,1.2968854735281925,0.0,0.0,0.0,0.0,0.3321250761821104,-0.007112041564813823,-571.279320944857,0.0,-1.5295994132806625,-2997.634370088713,0.0,16502.734544705185,0.0,-3.237084912349855,-6.96382147122398,-2997.634370088713,0.0,16502.734544705185,Rental & Leasing Services,Industrials,ALTG
2019Q3,2019,Q3,2019-09-30,2019-09-30,466799.0,0.0,-202634.0,0.10506053935243588,0.0,0.0,146533949.0,145904778.0,1132424.0,629171.0,629171.0,0.0,1044142.0,44075978.56,43092636.56,32.83819089324832,1.7998668088643628,0.0,0.0,-0.0010975049425347727,32.83819089324832,0.0031993400517699292,0.0,23.605437543782227,0.3020872870935042,0.0,0.0,0.0,0.0,1.5629169176583155,0.0031856030850571015,654.9958176306247,0.0,-0.23559166908311138,0.0,0.0,0.0,0.0,-0.20523747582336757,-0.7259695237770756,0.0,0.0,0.0,Rental & Leasing Services,Industrials,ALTG
2019Q2,2019,Q2,2019-06-30,2019-06-30,587344.0,0.0,-117403.0,0.13744033797540955,0.0,0.0,145776815.0,145522979.0,1166616.0,253836.0,253836.0,0.0,577343.0,41623373.78,40622323.78,34.05283346207406,4.59594383775351,0.0,0.0,-0.0006373704046313769,34.05283346207406,0.004036091097337968,0.0,17.716778319008963,0.28602612498744956,0.0,0.0,0.0,0.0,3.9436880505523253,0.004029063194994348,-215.81722758005643,0.0,2499.9152359165373,0.0,0.0,0.0,0.0,576.2634671890304,-113.98824681684623,0.0,0.0,0.0,Rental & Leasing Services,Industrials,ALTG
2019Q1,2019,Q1,2019-03-31,2019-03-31,-1021.0,0.0,-1021.0,-5.5e-05,0.0,0.0,404087.0,-9642.0,31665.0,413729.0,413729.0,0.0,-10001.0,178783125.0,178819410.0,-0.0005231332655137335,0.07653560664106214,0.16815685731043067,-7.047293092719353,-0.017510461686218014,-0.0005231332655137335,0.10589089400539307,0.0,-43776.47526934378,-18542.120410703174,0.0,0.0,0.0,0.0,0.07653560664106214,-0.002526683610212652,-175105.90107737514,0.0,-1.7499999999999998,-0.27624999999999994,0.0,0.0,0.0,-1.9853801169590644,-1.9853801169590644,-0.27624999999999994,0.0,0.0,Rental & Leasing Services,Industrials,ALTG
2018Q4,2018,Q4,2018-12-31,2018-12-31,-342.0,0.0,-342.0,-2e-05,0.0,0.0,212158.0,-8621.0,49658.0,220779.0,220779.0,0.0,-8980.0,178783125.0,178783467.0,-0.00046773821634452355,0.22492175433351905,0.23567341321090884,-5.799791207516529,-0.00826506198796491,-0.00046773821634452355,0.03967057185941306,0.0,-130689.41885964911,-20738.095928546572,0.0,0.0,0.0,0.0,0.22492175433351905,-0.0016120061463626165,-156552.64886164624,0.0,0.0,0.0,0.0,0.0,0.0,0.0,0.0,0.0,0.0,0.0,Rental & Leasing Services,Industrials,ALTG
2018Q3,2018,Q3,2018-09-30,2018-09-30,0.0,0.0,0.0,0.0,0.0,0.0,,,,,,,,178783125.0,,,0.0,0.0,0.0,0.0,,0.0,0.0,0.0,0.0,0.0,0.0,0.0,0.0,0.0,0.0,0.0,0.0,0.0,0.0,0.0,0.0,0.0,0.0,0.0,0.0,0.0,0.0,Rental & Leasing Services,Industrials,ALTG
2018Q2,2018,Q2,2018-06-30,2018-06-30,0.0,0.0,0.0,0.0,0.0,0.0,,,,,,,,178783125.0,,,0.0,0.0,0.0,0.0,,0.0,0.0,0.0,0.0,0.0,0.0,0.0,0.0,0.0,0.0,223478.90625,0.0,1.0,0.0,0.0,0.0,0.0,1.0,0.0,0.0,0.0,0.0,Rental & Leasing Services,Industrials,ALTG
2018Q1,2018,Q1,2018-03-31,2018-03-31,-800.0,0.0,0.0,-4.3e-05,0.0,0.0,,,,,,,,178783125.0,,,0.0,0.0,0.0,0.0,,0.0,0.0,-55869.72656249999,0.0,0.0,0.0,0.0,0.0,0.0,0.0,0.0,0.0,0.0,0.0,0.0,0.0,0.0,0.0,0.0,0.0,0.0,0.0,Rental & Leasing Services,Industrials,ALTG
