Year,Date,FillingDate,NetIncome,Revenue,OperatingIncome,EPSDiluted,GrossProfit,GrossProfitRatio,TotalAssets,CommonStockEquity,CurrentAssets,CurrentLiability,TotalLiability,Inventory,RetainedEarnings,EnterpriseValue,bookValuePerShare,currentRatio,debtToAssets,debtToEquity,roic,shareholdersEquityPerShare,roe,priceToSalesRatio,peRatio,pbRatio,payoutRatio,inventoryTurnover,dividendYield,assetTurnover,quickRatio,returnOnAssets,priceToFreeCashFlowsRatio,grossProfitMargin,epsdilutedGrowth,fiveYNetIncomeGrowthPerShare,fiveYRevenueGrowthPerShare,fiveYShareholdersEquityGrowthPerShare,grossProfitGrowth,netIncomeGrowth,operatingIncomeGrowth,threeYNetIncomeGrowthPerShare,threeYRevenueGrowthPerShare,threeYShareholdersEquityGrowthPerShare,Industry,Sector,Price,MarketCap,AvgVolume,Symbol
2022,2022-12-31,2023-03-09,9300000.0,1571800000.0,40800000.0,0.2,419600000.0,0.2669550833,1290600000.0,139800000.0,663300000.0,471200000.0,1150800000.0,399700000.0,-74200000.0,1342489067.93,4.35524235194676,1.4076825127334465,0.7142414380908104,6.593705293276109,0.029987623703689653,4.35524235194676,0.06652360515021459,0.26936573859905844,45.52570622903226,3.028534105364807,0.7204301075268817,2.882661996497373,0.015824688230041236,1.217883155121649,0.49978777589134127,0.007205950720595072,-8.350869189940829,0.26695508334393686,1.3030303030303032,6676.0251571321905,0.0,10734.060649728402,0.3346055979643766,1.4471153846153846,1.2666666666666666,95.91484648818687,0.0,-0.9109661830348493,Rental & Leasing Services,Industrials,16.88,546373528,188757,ALTG
2021,2021-12-31,2022-03-31,-20800000.0,1212800000.0,18000000.0,-0.66,314400000.0,0.2592348285,982600000.0,134700000.0,448600000.0,420600000.0,847900000.0,239200000.0,-76800000.0,1141280656.56,4.248363158030688,1.0665715644317642,0.691430897618563,5.043801039346697,0.023463880414428283,4.248363158030688,-0.1544172234595397,0.3827347102242744,-22.31637771923077,3.4460330850779513,-0.125,3.7558528428093645,0.005601267444594439,1.234276409525748,0.439847836424156,-0.02116832892326481,-23.56246987614213,0.25923482849604224,0.26666666666666666,-13160.410139912445,0.0,10208.519264430024,0.46573426573426574,0.13333333333333333,21.5,-10586.80804911365,0.0,9083.779660880771,Rental & Leasing Services,Industrials,16.88,546373528,188757,ALTG
2020,2020-12-31,2021-03-18,-24000000.0,873600000.0,800000.0,-0.9,214500000.0,0.2455357143,746200000.0,156900000.0,381600000.0,434300000.0,589300000.0,229000000.0,-53400000.0,722736262.1600001,5.895618912604382,0.8786553073912042,0.6177968373090325,2.938177182919057,0.0010103880521612832,5.895618912604382,-0.15296367112810708,0.3009801535714286,-10.95567759,1.675820663862333,-28.916666666666668,2.878165938864629,2.6394229320020233,1.170731707317073,0.3200552613400875,-0.032162958992227285,-3.1190541181494664,0.24553571428571427,-2.6071428571428568,-18091.673718413065,0.0,14166.371788518014,0.0,-2711.945442222975,1.413479643105046,-20775.983954672945,0.0,14530.165140117599,Rental & Leasing Services,Industrials,16.88,546373528,188757,ALTG
2019,2019-12-31,2020-03-25,8853.0,0.0,-1934799.0,0.56,0.0,0.0,146831116.0,144860509.0,832525.0,1970607.0,1970607.0,0.0,-127.0,28988825.7,48.91672063943378,0.42247135019818766,0.0,0.0,-0.0003720060447465555,48.91672063943378,6.111396446908798e-05,0.0,3348.391923641703,0.2046335050500202,0.0,0.0,0.0,0.0,0.3321250761821104,6.0293759532550305e-05,-65.08619817454061,0.0,9033.258064516129,60.97673796249709,0.0,117532.94105732218,0.0,8.752189141856393,-5656.30701754386,60.97673796249709,0.0,117532.94105732218,Rental & Leasing Services,Industrials,16.88,546373528,188757,ALTG
2018,2018-12-31,2018-12-31,-1142.0,0.0,-342.0,-6.2e-05,0.0,0.0,212158.0,-8621.0,49658.0,220779.0,220779.0,0.0,-8980.0,178783467.0,-0.00046773821634452355,0.22492175433351905,0.23567341321090884,-5.799791207516529,-0.02759854032238575,-0.00046773821634452355,0.13246723117967754,0.0,-156552.64886164622,-20738.095928546572,0.0,0.0,0.0,0.0,0.22492175433351905,-0.005382780757737158,-522757.6754385965,0.0,-0.4418604651162791,-0.24307222787385552,0.0,-0.12383209166610826,0.0,-0.4275,0.0,-0.24307222787385552,0.0,-0.12383209166610826,Rental & Leasing Services,Industrials,16.88,546373528,188757,ALTG
2017,2017-12-31,2017-12-31,-800.0,0.0,0.0,-4.3e-05,0.0,0.0,0.0,-7479.0,0.0,7479.0,7479.0,0.0,-7838.0,178783125.0,-0.00040577822990844355,0.0,0.0,0.0,,-0.00040577822990844355,0.10696617194812141,0.0,-223478.90624999997,-23904.6831127156,0.0,0.0,0.0,0.0,0.0,0.0,0.0,0.0,0.14,0.12919633774160733,0.0,0.02503883382776661,0.0,0.0,0.0,0.12919633774160733,0.0,0.02503883382776661,Rental & Leasing Services,Industrials,16.88,546373528,188757,ALTG
2016,2016-12-31,2016-12-31,-800.0,0.0,0.0,-5e-05,0.0,0.0,0.0,-6680.0,0.0,6680.0,6680.0,0.0,-7040.0,155685000.0,-0.0004161993769470405,0.0,0.0,0.0,,-0.0004161993769470405,0.11976047904191617,0.0,-194606.24999999997,-23306.137724550896,0.0,0.0,0.0,0.0,0.0,0.0,0.0,0.0,0.0,0.0,0.0,0.0,0.0,0.0,0.0,0.0,0.0,0.0,Rental & Leasing Services,Industrials,16.88,546373528,188757,ALTG
TTM,,,,,,,,,,,,,,,,1564373528.0,4.285729226137883,1.387409661468239,0.7406304474142941,7.383779869659667,0.03684137506058548,4.285729226137883,0.08246683399067767,0.328982133911368,47.29808438956521,3.938652936133237,0.7478260869565218,2.5821786399488382,0.013507109004739337,1.2062754212667055,0.4374286801065044,0.008352701917489831,-8.41869842835131,0.27065269749518306,,,,,,,,,,,Rental & Leasing Services,Industrials,16.88,546373528,188757,ALTG
