Quarters,Year,Quarter,FillingDate,Date,NetIncome,Revenue,OperatingIncome,EPSDiluted,GrossProfit,GrossProfitRatio,TotalAssets,CommonStockEquity,CurrentAssets,CurrentLiability,TotalLiability,Inventory,RetainedEarnings,MarketCap,EnterpriseValue,bookValuePerShare,currentRatio,debtToAssets,debtToEquity,roic,shareholdersEquityPerShare,roe,priceToSalesRatio,peRatio,pbRatio,payoutRatio,inventoryTurnover,dividendYield,assetTurnover,quickRatio,returnOnAssets,priceToFreeCashFlowsRatio,grossProfitMargin,epsdilutedGrowth,fiveYNetIncomeGrowthPerShare,fiveYRevenueGrowthPerShare,fiveYShareholdersEquityGrowthPerShare,grossProfitGrowth,netIncomeGrowth,operatingIncomeGrowth,threeYNetIncomeGrowthPerShare,threeYRevenueGrowthPerShare,threeYShareholdersEquityGrowthPerShare,Industry,Sector,Symbol
2023Q1,2023,Q1,2023-04-26,2023-03-31,1995000000.0,8019000000.0,2731000000.0,1.28,4981000000.0,0.6211497693,62060000000.0,-8924000000.0,19571000000.0,22985000000.0,69113000000.0,10712000000.0,34303000000.0,150932000000.0,195625000000.0,-5.75,0.8514683489232108,0.7592813406380922,-5.280255490811295,0.05915365431643767,-5.75,-0.22355445988346034,18.821798229205637,18.91378446115288,-16.91304347826087,0.9959899749373433,0.2836071695294996,0.013164868947605542,0.1292136641959394,0.30572112247117683,0.03214631002255881,-122.31118314424636,0.6211497692979174,-0.16883116883116883,0.282959793151883,0.16359728559212583,0.2769433198380567,0.008095527221210281,-0.1677096370463079,-0.06600547195622435,0.09607184595928243,0.12467977173444635,0.30834749690976515,Tobacco,Consumer Defensive,PM
2022Q4,2022,Q4,2023-02-10,2022-12-31,2397000000.0,8152000000.0,2924000000.0,1.54,4941000000.0,0.6061089303,61681000000.0,-8957000000.0,19619000000.0,27336000000.0,67992000000.0,9886000000.0,34289000000.0,156875500000.0,196791500000.0,-5.7787096774193545,0.7176982733391865,0.6991293915468296,-4.814446801384392,0.07283521578528447,-5.7787096774193545,-0.2676119236351457,19.243805201177626,16.36164997914059,-17.51429049905102,0.8231122236128494,0.32480275136556747,0.012576852344693723,0.1321638754235502,0.291300848697688,0.038861237658274025,57.12873270211216,0.6061089303238469,0.14925373134328354,2.460575439248861,-0.015218463405337664,0.25746019121030467,-0.030606238964096526,0.14853857211308097,-0.014824797843665768,0.48903385499840296,0.061008184757196764,0.22331586265314712,Tobacco,Consumer Defensive,PM
2022Q3,2022,Q3,2022-10-27,2022-09-30,2087000000.0,8032000000.0,2968000000.0,1.34,5097000000.0,0.6345866534,40717000000.0,-9137000000.0,19035000000.0,20772000000.0,48120000000.0,7153000000.0,33865000000.0,128665500000.00002,150518500000.0,-5.894838709677419,0.9163778162911612,0.668541395485915,-2.9792054284776186,0.12796127615740235,-5.894838709677419,-0.22841195140636972,16.019111055776893,15.412733588883565,-14.081810222173582,0.930522280785817,0.41031734936390324,0.015093401105968577,0.19726404204631973,0.4804063161948777,0.05125623204067097,45.69087357954546,0.6345866533864541,-0.06293706293706285,0.06144129687244146,0.07688288591617985,0.19745029226536057,-0.01678240740740741,-0.06538289296909987,-0.028795811518324606,0.10499931945011563,0.05510227857932819,0.16690562831443564,Tobacco,Consumer Defensive,PM
2022Q2,2022,Q2,2022-07-29,2022-06-30,2233000000.0,7832000000.0,3056000000.0,1.43,5184000000.0,0.6618998979,40960000000.0,-9044000000.0,18376000000.0,20547000000.0,48220000000.0,7551000000.0,33755000000.0,153145740000.0,176161740000.0,-5.831076724693746,0.8943398062977563,0.68486328125,-3.10172490048651,0.12812483812483813,-5.831076724693746,-0.24690402476780185,19.553848314606743,17.145738916256157,-16.933407784166295,0.8710255261979399,0.3506820288703483,0.012700320622695742,0.1912109375,0.46863289044629386,0.0545166015625,46.76205801526717,0.6618998978549541,-0.11728395061728404,0.25540675610562225,0.13374284961401497,0.24586424438296234,0.008952899961074349,-0.11424038080126933,-0.07337780473013948,-0.03398077552381041,0.0205543871866937,0.18982450365001616,Tobacco,Consumer Defensive,PM
2022Q1,2022,Q1,2022-04-28,2022-03-31,2521000000.0,7746000000.0,3298000000.0,1.62,5138000000.0,0.6633100955,41733000000.0,-10098000000.0,18724000000.0,20417000000.0,49936000000.0,8684000000.0,33468000000.0,145607000000.0,170342000000.0,-6.514838709677419,0.9170789048342068,0.7034481106079122,-2.907209348385819,0.1374865188349363,-6.514838709677419,-0.24965339671222025,18.79770203976246,14.439408964696549,-14.419389978213507,0.7742959143197145,0.30032243205895903,0.013405948889819858,0.18560851125008987,0.4427682813341823,0.06040783073347231,163.78740157480314,0.6633100955331784,0.1571428571428573,0.5875804422803815,0.27902289556558,0.18406797309398365,-0.03001699074948084,0.15908045977011495,0.12138728323699421,0.8678967932529661,0.1510868162900598,0.15352822580645165,Tobacco,Consumer Defensive,PM
2021Q4,2021,Q4,2022-02-11,2021-12-31,2175000000.0,8104000000.0,2941000000.0,1.4,5297000000.0,0.6536278381,41290000000.0,-10106000000.0,17717000000.0,19255000000.0,49498000000.0,8720000000.0,33082000000.0,147820000000.0,171130000000.0,-6.494858611825193,0.9201246429498832,0.6734318236861225,-2.7514347912131405,0.1305614406779661,-6.494858611825193,-0.21521868197110627,18.240375123395854,16.99080459770115,-14.626954284583416,0.8974712643678161,0.32190366972477064,0.013205249627925856,0.19627028336158875,0.4381199688392625,0.052676192782756114,39.49238578680203,0.6536278381046396,-0.10256410256410266,0.26710165134416797,0.1587948456311292,0.20605881880983024,-0.0414404632645675,-0.10346248969497114,-0.1487698986975398,0.13801161523035305,0.07998290089064145,0.189380757573788,Tobacco,Consumer Defensive,PM
2021Q3,2021,Q3,2021-10-27,2021-09-30,2426000000.0,8122000000.0,3455000000.0,1.56,5526000000.0,0.6803742920462941,41589000000.0,-10551000000.0,17846000000.0,17877000000.0,50221000000.0,8173000000.0,32935000000.0,147682820000.0,172296820000.0,-6.7721437740693196,0.9982659282877441,0.6998244728173315,-2.758506302720121,0.14440908799680557,-6.7721437740693196,-0.2299308122452848,18.183060822457524,15.218757213520199,-13.997044829873946,0.7732893652102226,0.31763122476446837,0.01270289936229549,0.19529202433335738,0.48514851485148514,0.05833273221284474,39.72103819257666,0.6803742920462941,0.12230215827338141,0.24618169678519342,0.15805046462772984,0.1349369960812457,0.05437893531768746,0.11694290976058933,0.10418664109939278,0.07758283330848208,0.08027195080894824,0.10147751120496658,Tobacco,Consumer Defensive,PM
2021Q2,2021,Q2,2021-07-27,2021-06-30,2172000000.0,7594000000.0,3129000000.0,1.39,5241000000.0,0.6901501185146168,40686000000.0,-11113000000.0,18743000000.0,15884000000.0,49886000000.0,8690000000.0,32465000000.0,154413380000.0,178656380000.0,-7.132862644415918,1.1799924452279023,0.7166592931229415,-2.6237739584270674,0.1353120089948539,-7.132862644415918,-0.19544677404841176,20.333602844350803,17.773179097605894,-13.894842076846935,0.8623388581952118,0.270771001150748,0.012129777872876044,0.18664897016172638,0.5892722236212541,0.05338445656982746,44.092912621359226,0.6901501185146168,-0.10322580645161299,0.2093072343651731,0.13699512951941403,0.11890172336021905,-0.013180192054227076,-0.10173697270471464,-0.09146341463414634,-0.01373170381289556,-0.01897781427233178,0.06910605018323518,Tobacco,Consumer Defensive,PM
2021Q1,2021,Q1,2021-04-27,2021-03-31,2418000000.0,7585000000.0,3444000000.0,1.55,5311000000.0,0.7001977587343441,39804000000.0,-11548000000.0,17910000000.0,15215000000.0,49378000000.0,9019000000.0,32178000000.0,138256920000.0,163752920000.0,-7.41206675224647,1.177127834373973,0.7385689880414029,-2.5457222029788706,0.15154997917911392,-7.41206675224647,-0.2093869068236924,18.227675675675677,14.29455334987593,-11.972369241427087,0.7770885028949545,0.2521343829692871,0.013590639803056513,0.19055873781529495,0.5250739401906014,0.06074766355140187,540.06609375,0.7001977587343441,0.22047244094488191,0.5722771778801381,0.24051498135442173,0.09913718607527428,0.09010673234811166,0.2236842105263158,0.1855421686746988,0.5489974623058367,0.09638310538527298,0.06794010799686093,Tobacco,Consumer Defensive,PM
2020Q4,2020,Q4,2021-02-09,2020-12-31,1976000000.0,7444000000.0,2905000000.0,1.27,4872000000.0,0.6544868350349274,44815000000.0,-12567000000.0,21492000000.0,19615000000.0,55446000000.0,9591000000.0,31638000000.0,128904030000.00002,153160030000.0,-8.071290944123314,1.0956920723935764,0.7036929599464465,-2.5094294581045595,0.11852895447641558,-8.071290944123314,-0.1572372085621071,17.316500537345515,16.308708248987855,-10.25734304129864,0.9509109311740891,0.26816807423626315,0.014576735886379966,0.1661050987392614,0.562885546775427,0.04409237978355461,42.65520516214428,0.6544868350349274,-0.14189189189189186,0.5739368630421356,0.1585970099104291,0.055992927178570434,-0.03141153081510934,-0.14347637624620718,-0.10422448350292939,1.839947508602037,-0.10478948110999134,-0.037126827422100536,Tobacco,Consumer Defensive,PM
2020Q3,2020,Q3,2020-10-27,2020-09-30,2307000000.0,7446000000.0,3243000000.0,1.48,5030000000.0,0.6755304861670696,39129000000.0,-12092000000.0,17453000000.0,15525000000.0,49374000000.0,8160000000.0,31537000000.0,116834419999.99998,141503420000.0,-7.761232349165597,1.1241867954911433,0.7536609675688108,-2.438802514058882,0.14737670206980127,-7.761232349165597,-0.19078729738670194,15.690897125973676,12.660860424794103,-9.662125372146873,0.7919375812743823,0.296078431372549,0.015637515040516314,0.19029364410028368,0.5496296296296296,0.05895882849037798,33.747666088965914,0.6755304861670696,0.184,0.18108820757024305,0.06871476296080907,0.1148469364705118,0.12477638640429338,0.18489984591679506,0.18747711461003294,0.16730775496373726,-0.006810654427827354,-0.05664888561884561,Tobacco,Consumer Defensive,PM
2020Q2,2020,Q2,2020-07-29,2020-06-30,1947000000.0,6651000000.0,2731000000.0,1.25,4472000000.0,0.6723800932190648,39162000000.0,-11997000000.0,17776000000.0,15792000000.0,49282000000.0,8968000000.0,31103000000.0,109153480000.0,134581480000.0,-7.700256739409499,1.1256332320162108,0.7565497165619733,-2.4696174043510877,0.12278692652323824,-7.700256739409499,-0.1622905726431608,16.411589234701548,14.015598356445816,-9.098397932816537,0.9399075500770416,0.2429750223015165,0.016765383934621233,0.1698330013788877,0.5157041540020263,0.049716561973341504,61.150408963585434,0.6723800932190648,0.06837606837606844,0.025836188827958104,-0.03592657979050223,0.09301971794195771,-0.058724479057040625,0.06626506024096386,-0.020795984223736106,0.08969770051729878,-0.04154180608027375,0.004122358735596863,Tobacco,Consumer Defensive,PM
2020Q1,2020,Q1,2020-04-28,2020-03-31,1826000000.0,7153000000.0,2789000000.0,1.17,4751000000.0,0.6641968404865092,37494000000.0,-12944000000.0,16861000000.0,16584000000.0,48557000000.0,9045000000.0,30984000000.0,113598719999.99998,138222720000.0,-8.313423249839435,1.0167028461167391,0.7566543980370193,-2.1917490729295426,0.13993555099391664,-8.313423249839435,-0.14106922126081584,15.881269397455611,15.552946330777656,-8.776168108776266,1.0010952902519168,0.26556108347153123,0.01609173061104914,0.19077719101722942,0.426917510853835,0.04870112551341548,120.72127523910731,0.6641968404865092,0.12499999999999989,0.011390020448580703,0.07491734872895282,0.05484876683670354,-0.037284701114488346,0.12995049504950495,0.11292897047086992,0.14473972281803021,0.17579642875904722,-0.04119051676491305,Tobacco,Consumer Defensive,PM
2019Q4,2019,Q4,2020-02-07,2019-12-31,1616000000.0,7713000000.0,2506000000.0,1.04,4935000000.0,0.6398288603656165,42875000000.0,-11577000000.0,20514000000.0,18833000000.0,52474000000.0,9235000000.0,30987000000.0,132400040000.0,156584040000.0,-7.440231362467866,1.0892582169595921,0.7240816326530612,-2.6816100889695087,0.09448192106444751,-7.440231362467866,-0.13958711237799085,17.165829119668093,20.482679455445545,-11.436472315798566,1.129331683168317,0.3008121277747699,0.01378398375106231,0.17989504373177842,0.5616736579408486,0.03769096209912536,41.79294191919192,0.6398288603656165,-0.14754098360655732,0.008924072030465545,0.07858405012371256,0.07740895449958986,-0.02025014889815366,-0.14767932489451477,-0.10114777618364419,-0.05855803743808019,0.10288556815805776,0.09049504703754255,Tobacco,Consumer Defensive,PM
2019Q3,2019,Q3,2019-10-24,2019-09-30,1896000000.0,7642000000.0,2788000000.0,1.22,5037000000.0,0.6591206490447526,41420000000.0,-11010000000.0,19575000000.0,18045000000.0,50575000000.0,8529000000.0,31197000000.0,118147080000.00002,143456080000.0,-7.0758354755784065,1.084788029925187,0.7681313375181072,-2.8897366030881018,0.10171988440943774,-7.0758354755784065,-0.17220708446866484,15.460230306202567,15.578465189873418,-10.730888283378746,0.9382911392405063,0.30542853792941727,0.015057502902314638,0.18450024142926122,0.5672485453034082,0.04577498792853694,62.54477501323452,0.6591206490447526,-0.18120805369127518,-0.11792388121126805,-0.024739658322818495,-0.09160436529888391,0.0005959475566150178,-0.18240620957309184,-0.125196109193599,-0.024815554688929986,0.09101166495704344,0.09614389535314541,Tobacco,Consumer Defensive,PM
2019Q2,2019,Q2,2019-07-25,2019-06-30,2319000000.0,7699000000.0,3187000000.0,1.49,5034000000.0,0.6538511494999351,39923000000.0,-11199000000.0,17163000000.0,18046000000.0,49332000000.0,8255000000.0,31128000000.0,121336880000.0,147217880000.0,-7.197300771208226,0.9510694890834533,0.7486661824011221,-2.668899008840075,0.13598564794149365,-7.197300771208226,-0.20707206000535763,15.76008312767892,13.080733074601122,-10.834617376551478,0.766278568348426,0.3228346456692913,0.014645176305835455,0.1928462289908073,0.4478554804388784,0.0580868171229617,37.17428921568627,0.6538511494999351,0.7126436781609196,0.26491377550382694,-0.003049999785693077,-0.2168488497167589,0.17452169855342978,0.7127031019202363,0.5546341463414635,0.2928121926812857,0.1541976662319673,0.11094190059382289,Tobacco,Consumer Defensive,PM
2019Q1,2019,Q1,2019-04-25,2019-03-31,1354000000.0,6751000000.0,2050000000.0,0.87,4286000000.0,0.63486890830988,38042000000.0,-11968000000.0,15741000000.0,18486000000.0,48227000000.0,8318000000.0,30588000000.0,137151000000.0,164334000000.0,-7.696463022508039,0.8515092502434275,0.7955417696230482,-2.5287433155080214,0.08673593233534427,-7.696463022508039,-0.11313502673796791,20.315656939712635,25.323301329394386,-11.45980949197861,1.3146233382570163,0.29634527530656407,0.01297839607439975,0.17746175279953735,0.35789245915828194,0.035592240155617474,149.5648854961832,0.63486890830988,-0.2926829268292683,-0.2648636227224009,-0.006424546076189678,-0.4145478886137496,-0.09156422212802034,-0.29109947643979056,-0.24130273871206515,-0.11787823382300398,0.10624570187433956,0.06457165491355299,Tobacco,Consumer Defensive,PM
2018Q4,2018,Q4,2019-02-07,2018-12-31,1910000000.0,7499000000.0,2702000000.0,1.23,4718000000.0,0.629150553407121,39801000000.0,-12459000000.0,19442000000.0,17191000000.0,50540000000.0,8804000000.0,31014000000.0,103811800000.00002,128977800000.00002,-8.012218649517685,1.130940608457914,0.7979447752569031,-2.5490809856328758,0.1098082191780822,-8.012218649517685,-0.1533028332932017,13.843419122549676,13.587931937172776,-8.332273858255077,0.9293193717277487,0.31587914584279875,0.017098248946651535,0.18841235144845606,0.5908324123087663,0.047988744001407,49.7182950191571,0.629150553407121,-0.15172413793103448,0.0026652339887726895,0.004250614788189661,-0.6734250128145357,-0.034383954154727794,-0.14997774810858924,-0.1438529784537389,0.5233228383349766,0.16865847180358068,0.06290194139966071,Tobacco,Consumer Defensive,PM
2018Q3,2018,Q3,2018-10-25,2018-09-30,2247000000.0,7504000000.0,3156000000.0,1.45,4886000000.0,0.6511194029850746,39380000000.0,-11720000000.0,18538000000.0,15599000000.0,49322000000.0,8440000000.0,30877000000.0,127230099999.99998,153116100000.0,-7.536977491961415,1.188409513430348,0.8066531234129,-2.7104095563139934,0.12122298473829765,-7.536977491961415,-0.19172354948805462,16.95497068230277,14.155551846906986,-10.855810580204777,0.7912772585669782,0.31018957345971565,0.013974680519782663,0.19055358049771456,0.6027309442913007,0.057059421025901474,93.89675276752766,0.6511194029850746,0.028368794326241162,-0.003309423695275854,-0.017444470179455197,-0.637458833224623,-0.019269369731031716,0.022292993630573247,0.020368574199806012,0.1525900636132735,0.07911731762147921,0.14042275548164987,Tobacco,Consumer Defensive,PM
2018Q2,2018,Q2,2018-07-26,2018-06-30,2198000000.0,7726000000.0,3093000000.0,1.41,4982000000.0,0.644835619984468,40721000000.0,-11915000000.0,20028000000.0,17441000000.0,50889000000.0,8925000000.0,30406000000.0,125550699999.99998,150628700000.0,-7.662379421221865,1.14832865088011,0.7776086048967363,-2.65757448594209,0.122056279027411,-7.662379421221865,-0.1844733529164918,16.250414185865907,14.280106915377615,-10.53719681074276,0.7611464968152867,0.30745098039215685,0.013325294084381848,0.1897301146828418,0.5939453013015309,0.05397706343164461,35.03088727678571,0.644835619984468,0.4099999999999999,0.08541731005625491,0.02357018374315185,-1.2863777599730812,0.16374678813361365,0.41259640102827766,0.2749381698268755,0.1603174197462074,0.12205701523897304,0.09748112512564304,Tobacco,Consumer Defensive,PM
2018Q1,2018,Q1,2018-04-26,2018-03-31,1556000000.0,6896000000.0,2426000000.0,1.0,4281000000.0,0.6207946635730859,43070000000.0,-12350000000.0,20593000000.0,17688000000.0,53552000000.0,8592000000.0,29985000000.0,154368200000.0,182016200000.0,-7.9523502897617515,1.1642356399819087,0.8091014627350824,-2.8217004048582996,0.08034526816327028,-7.9523502897617515,-0.1259919028340081,22.38517981438515,24.802088688946014,-12.49944939271255,1.0661953727506426,0.30435288640595903,0.010747032095988682,0.1601114464824704,0.6272048846675712,0.036127234734153704,152.08689655172415,0.6207946635730859,1.2222222222222223,-0.22391545774781252,-0.03626572769187716,-2.0342069023986653,-0.1911959191384848,1.2420749279538905,-0.26883664858348405,-0.13593852853763128,0.03896581177282175,0.09589907105235083,Tobacco,Consumer Defensive,PM
2017Q4,2017,Q4,2018-02-13,2017-12-31,694000000.0,8294000000.0,3318000000.0,0.45,5293000000.0,0.6381721726549313,42968000000.0,-12086000000.0,21594000000.0,15962000000.0,53198000000.0,8806000000.0,29859000000.0,164074450000.0,189966450000.0,-7.782356728911783,1.3528379902267886,0.7991761310742879,-2.84122124772464,0.038701592801978414,-7.782356728911783,-0.05742181035909317,19.782306486616832,59.104628962536026,-13.575579182525237,2.400576368876081,0.34079037020213493,0.010153927073959412,0.19302736920498975,0.7633755168525247,0.016151554645317444,69.28819679054054,0.6381721726549313,-0.6456692913385828,-0.6390854870164299,0.14543639423269605,-2.788189754119315,0.11713803292528494,-0.6477157360406092,0.08148631029986962,-0.5658750613157277,0.1620714469191525,0.03498530069872087,Tobacco,Consumer Defensive,PM
2017Q3,2017,Q3,2017-10-26,2017-09-30,1970000000.0,7473000000.0,3068000000.0,1.27,4738000000.0,0.634015790177974,41951000000.0,-11407000000.0,20859000000.0,18514000000.0,51584000000.0,8283000000.0,30831000000.0,172398530000.0,198706530000.0,-7.345138441725692,1.1266609052608836,0.8098734237562871,-2.978434294731305,0.09714431495144688,-7.345138441725692,-0.17270097308670115,23.069520942058077,21.877986040609137,-15.11339791356185,0.8213197969543147,0.3301943740190752,0.009385230836945072,0.1781363972253343,0.6293615642216701,0.046959548044146746,116.0932861952862,0.634015790177974,0.10434782608695663,-0.04135310627546789,0.0225450740502254,-7.346973664702459,0.07730786721236926,0.10612015721504772,0.12752664461595,-0.08172640932974573,-0.04446488827222252,-0.1331503133991376,Tobacco,Consumer Defensive,PM
2017Q2,2017,Q2,2017-07-27,2017-06-30,1781000000.0,6917000000.0,2721000000.0,1.15,4398000000.0,0.6358247795286974,38660000000.0,-12008000000.0,18432000000.0,17243000000.0,48937000000.0,7730000000.0,30528000000.0,182399850000.0,207949850000.0,-7.732131358660657,1.0689555181812909,0.8211846870150026,-2.6438207861425718,0.09997894775625743,-7.732131358660657,-0.14831778814123917,26.36979181726182,25.603572431218414,-15.1898609260493,0.9084783829309376,0.3258732212160414,0.008870621330006576,0.1789187790998448,0.5709563301049702,0.046068287635799274,61.62157094594595,0.6358247795286974,0.12745098039215674,-0.1580801606091318,-0.06697215622710201,-8.628371479562063,0.13146385387188061,0.12012578616352201,0.13564273789649417,-0.026665247340241286,-0.10258159787214868,-0.30727274692809853,Tobacco,Consumer Defensive,PM
2017Q1,2017,Q1,2017-04-27,2017-03-31,1590000000.0,6064000000.0,2396000000.0,1.02,3887000000.0,0.6409960422163589,36627000000.0,-12392000000.0,16884000000.0,13355000000.0,47184000000.0,8007000000.0,30367000000.0,175220800000.0,201490800000.0,-7.984536082474227,1.2642456008985399,0.8558167472083436,-2.5295351839896707,0.09499720063016479,-7.984536082474227,-0.12830858618463525,28.895250659630605,27.55044025157233,-14.139832149774048,1.0176100628930818,0.27188709878856,0.009234063535835928,0.16556092500068256,0.6114563833770124,0.04341059873863543,318.0050816696915,0.6409960422163589,-0.07272727272727278,-0.18505834450450112,-0.09821359363061567,-123.54837076583209,-0.1308139534883721,-0.07071887784921099,-0.08269525267993874,-0.1350618556701032,-0.10580834012719303,-0.4674933958616859,Tobacco,Consumer Defensive,PM
2016Q4,2016,Q4,2017-02-14,2016-12-31,1711000000.0,6971000000.0,2612000000.0,1.1,4472000000.0,0.6415148472242146,36851000000.0,-12688000000.0,17608000000.0,16467000000.0,47751000000.0,9017000000.0,30397000000.0,141900990000.0,166728990000.0,-8.18052869116699,1.0692900953421995,0.788770996716507,-2.290904791929382,0.1159499312340875,-8.18052869116699,-0.13485182849936947,20.355901592311003,20.73363383985973,-11.183873738965952,0.9462302746931619,0.2771431740046579,0.011409363669696738,0.1891671867791919,0.4699095160017004,0.046430218989986706,82.93453535943893,0.6415148472242146,-0.11999999999999993,0.009518617799346813,0.01122805877579407,-62.654346552605865,-0.017142857142857144,-0.11713106295149639,-0.12260665099093046,-0.09948449577313785,-0.06405046909795833,-0.708578101606085,Tobacco,Consumer Defensive,PM
2016Q3,2016,Q3,2016-10-25,2016-09-30,1938000000.0,6982000000.0,2977000000.0,1.25,4550000000.0,0.6516757376109997,35577000000.0,-12142000000.0,16574000000.0,14258000000.0,45894000000.0,7486000000.0,30305000000.0,150788220000.0,175991220000.0,-7.8284977433913605,1.1624351241408333,0.8456868201366051,-2.4779278537308516,0.11992394445082823,-7.8284977433913605,-0.15961126667764783,21.59670867946147,19.45152476780186,-12.418730028001976,0.8183694530443757,0.3248730964467005,0.01051806301579792,0.19625038648565085,0.5599663346892972,0.05447339573319841,53.131860465116276,0.6516757376109997,0.08695652173913052,-0.08060401543157396,-0.05844066623580841,-7.428188992108682,0.061843640606767794,0.08389261744966443,0.08136578278241918,-0.13815404453702332,-0.08343616155055124,-0.7007935600799108,Tobacco,Consumer Defensive,PM
2016Q2,2016,Q2,2016-07-26,2016-06-30,1788000000.0,6649000000.0,2753000000.0,1.15,4285000000.0,0.6444578132049932,34802000000.0,-12556000000.0,16046000000.0,12672000000.0,45601000000.0,7989000000.0,29985000000.0,157767720000.0,183922720000.0,-8.095422308188265,1.2662563131313131,0.8611286707660479,-2.3868270149729214,0.11335726862557143,-8.095422308188265,-0.14240203886588085,23.72803729884193,22.059244966442954,-12.565125836253584,0.8881431767337807,0.2959068719489298,0.010065430368138678,0.19105223837710478,0.5444286616161617,0.05137635768059307,74.4187358490566,0.6444578132049932,0.16161616161616155,-0.1520258090831208,-0.08178321297645647,-4.909808757184411,0.07474291447203411,0.16862745098039217,0.11322280630812778,-0.1147719532140737,-0.1168431307829695,-1.4155934476134395,Tobacco,Consumer Defensive,PM
2016Q1,2016,Q1,2016-04-26,2016-03-31,1530000000.0,6083000000.0,2473000000.0,0.99,3987000000.0,0.6554331744205162,34621000000.0,-12753000000.0,15928000000.0,14091000000.0,45515000000.0,8699000000.0,29785000000.0,152070500000.0,178919500000.0,-8.227741935483872,1.130366900858704,0.860547066809162,-2.3361561985415196,0.10405483213747896,-8.227741935483872,-0.11997177134791814,24.99926023343745,24.84812091503268,-11.92429232337489,1.0359477124183007,0.24094723531440396,0.010422797320979412,0.1757026082435516,0.4210488964587325,0.0441928309407585,644.3665254237288,0.6554331744205162,0.22222222222222213,-0.07771520785355282,0.0361739683927019,-4.695476275130907,-0.0074682598954443615,0.22497998398718974,0.300894266175697,-0.23540645161290322,-0.14823924731182792,-2.139282157117861,Tobacco,Consumer Defensive,PM
2015Q4,2015,Q4,2016-02-17,2015-12-31,1249000000.0,6392000000.0,1901000000.0,0.81,4017000000.0,0.628441802252816,33956000000.0,-13244000000.0,15804000000.0,15386000000.0,45432000000.0,8473000000.0,29842000000.0,136172590000.0,161235590000.0,-8.550032278889606,1.0271675549200572,0.8387324773235952,-2.1504077318030808,0.09406218310214788,-8.550032278889606,-0.09430685593476291,21.303596683354193,27.256323058446757,-10.281832527937178,1.2690152121697358,0.2803021361973327,0.011639640547337756,0.18824360937684062,0.402638762511374,0.03678289551183885,87.96678940568475,0.628441802252816,-0.352,-0.15363314378697698,0.07839912486916671,-5.484743114911005,-0.11597711267605634,-0.3568486096807415,-0.35755322744170326,-0.34878056672177454,-0.11495826411995803,-3.161868416536598,Tobacco,Consumer Defensive,PM
2015Q3,2015,Q3,2015-10-30,2015-09-30,1942000000.0,6927000000.0,2959000000.0,1.25,4544000000.0,0.6559838313844377,32011000000.0,-13582000000.0,14112000000.0,14102000000.0,44237000000.0,7207000000.0,30178000000.0,122882170000.0,149396170000.0,-8.768237572627502,1.000709119273862,0.9030333322920246,-2.128331615373288,0.1398286871953303,-8.768237572627502,-0.14298336032984832,17.739594340984553,15.81902291452111,-9.047428213812399,0.8007209062821833,0.330650756209241,0.012654398925409604,0.2163943644372247,0.405261665012055,0.060666645840492334,49.749866396761135,0.6559838313844377,0.024590163934426253,0.25784065212569424,0.23596385623312485,-4.53670306327517,0.014059361749609462,0.029146793852676205,0.023167358229598894,-0.052538204899491896,-0.049717559715945804,-8.964175445463935,Tobacco,Consumer Defensive,PM
2015Q2,2015,Q2,2015-07-30,2015-06-30,1887000000.0,6859000000.0,2892000000.0,1.22,4481000000.0,0.6533022306458668,32713000000.0,-13151000000.0,13772000000.0,15386000000.0,44511000000.0,7207000000.0,29822000000.0,124183330000.0,151547330000.0,-8.489993544222079,0.8950994410503055,0.8926726377892581,-2.220515550148278,0.1293323410853124,-8.489993544222079,-0.14348718728613793,18.10516547601691,16.452481452040278,-9.442881149722455,0.8240593534711181,0.32995698626335507,0.012521809489244652,0.20967199584263138,0.3546730794228519,0.057683489744138415,35.83934487734488,0.6533022306458668,0.05172413793103453,0.1346150213118843,0.15764358711583612,-4.855480463132585,0.02142694324139503,0.05125348189415042,0.0073145245559038665,-0.10566801698396198,-0.07240655817991584,-9.572092985887084,Tobacco,Consumer Defensive,PM
2015Q1,2015,Q1,2015-05-01,2015-03-31,1795000000.0,6616000000.0,2871000000.0,1.16,4387000000.0,0.6630894800483675,33255000000.0,-13616000000.0,14275000000.0,14980000000.0,45501000000.0,7552000000.0,29489000000.0,116610840000.0,145671840000.0,-8.795865633074936,0.9529372496662216,0.9197113216057735,-2.2462544065804937,0.11802953741169091,-8.795865633074936,-0.13183019976498236,17.625580411124545,16.241064066852367,-8.564250881316099,0.8662952646239555,0.2951536016949153,0.013334952393791179,0.19894752668771612,0.3514686248331108,0.05397684558712976,-201.74885813148788,0.6630894800483675,0.1262135922330096,0.27599342094282614,0.2329575107241506,-4.380527521817561,-0.038992332968236586,0.11352357320099256,0.1338862559241706,-0.07760995663075886,-0.013582544400869393,-136.00083056478405,Tobacco,Consumer Defensive,PM
2014Q4,2014,Q4,2015-02-20,2014-12-31,1612000000.0,7197000000.0,2532000000.0,1.03,4565000000.0,0.6342920661386688,35187000000.0,-12629000000.0,15484000000.0,15112000000.0,46390000000.0,8592000000.0,29249000000.0,127550700000.0,155323700000.0,-8.06449553001277,1.024616199047115,0.8370989285815784,-2.332330350779951,0.10730669973545633,-8.06449553001277,-0.1276427270567741,17.722759483117965,19.78143610421836,-10.099825797767046,0.9702233250620348,0.3063314711359404,0.012261790801618492,0.20453576604996163,0.3762572789835892,0.045812373888083666,126.91611940298507,0.6342920661386688,-0.253623188405797,0.3141091156859883,0.32940466147254904,-3.7413077002825075,-0.1087465833658727,-0.25197215777262183,-0.2430493273542601,-0.05800325799430896,0.03401198266596951,-61.77983721470438,Tobacco,Consumer Defensive,PM
2014Q3,2014,Q3,2014-10-31,2014-09-30,2155000000.0,7856000000.0,3345000000.0,1.38,5122000000.0,0.6519857433808554,35401000000.0,-10112000000.0,14761000000.0,15117000000.0,44078000000.0,7979000000.0,29192000000.0,130104000000.00002,156904000000.0,-6.482051282051282,0.9764503539061983,0.8147509957345838,-2.8523536392405062,0.125319973362481,-6.482051282051282,-0.21311313291139242,16.561099796334013,15.093271461716938,-12.866297468354432,0.6858468677494199,0.34264945481889963,0.011360142655106683,0.22191463517979718,0.3855262287490904,0.06087398661054772,48.74634694642189,0.6519857433808554,0.16949152542372878,0.48052144833290544,0.4732312674926914,-2.9701755237401923,0.004116839835326407,0.16423554835224202,0.1638830897703549,0.01644364260056304,0.05331076481518965,-6.322585771036476,Tobacco,Consumer Defensive,PM
2014Q2,2014,Q2,2014-07-31,2014-06-30,1851000000.0,7797000000.0,2874000000.0,1.18,5101000000.0,0.6542259843529563,36325000000.0,-9292000000.0,14710000000.0,13580000000.0,44172000000.0,8271000000.0,28601000000.0,132451010000.0,160419010000.0,-5.914704010184596,1.0832106038291605,0.8123606331727461,-3.1757425742574257,0.10135510625741243,-5.914704010184596,-0.1992036160137753,16.987432345774014,17.889115343057806,-14.254305854498494,0.8049702863317126,0.32595816708983194,0.011249442340983282,0.21464556090846523,0.41399116347569953,0.05095664143152099,53.99551977170811,0.6542259843529563,0.0,0.48993562986306616,0.5818100819445705,-2.8132736929450974,0.12282632621615673,-0.0128,-0.026092849881396138,-0.13332323963367804,0.0630459626358104,-3.85659730336525,Tobacco,Consumer Defensive,PM
2014Q1,2014,Q1,2014-05-02,2014-03-31,1875000000.0,6917000000.0,2951000000.0,1.18,4543000000.0,0.6567876246927858,36137000000.0,-8613000000.0,14825000000.0,13971000000.0,43294000000.0,8724000000.0,28228000000.0,129600210000.0,157456210000.0,-5.440934933670246,1.0611266194259537,0.8212911973877189,-3.4458376872169976,0.09956739620918428,-5.440934933670246,-0.21769418321142459,18.736476796298973,17.280028,-15.047046325322189,0.8016,0.27212287941311325,0.011597203430457403,0.19141046572764756,0.3744184381934006,0.05188587873924233,282.35339869281046,0.6567876246927858,-0.040650406504065074,0.5993418383331022,0.5559256938814462,-2.836062194853505,-0.1241565452091768,-0.05636638147961751,-0.07867624102403996,0.1066892006885298,0.15367483606977508,-3.443786657332353,Tobacco,Consumer Defensive,PM
2013Q4,2013,Q4,2014-02-21,2013-12-31,1987000000.0,7789000000.0,3203000000.0,1.23,5187000000.0,0.6659391449480035,38168000000.0,-7766000000.0,16852000000.0,17066000000.0,44442000000.0,9846000000.0,27843000000.0,141324860000.0,166848860000.0,-4.787916152897657,0.9874604476737373,0.7251624397400964,-3.563996909605975,0.11218071816909345,-4.787916152897657,-0.2558588720061808,18.144159712414943,17.78118520382486,-18.19789595673448,0.7639657775541017,0.2642697542149096,0.010741210003675221,0.20407147348564242,0.3519864057189734,0.05205931670509327,72.81033487892839,0.6659391449480035,-0.15172413793103448,1.0250709420133437,0.7382697173448489,-2.3201880805589807,-0.022979845545300432,-0.15085470085470085,-0.10854439187308655,0.2858628363427529,0.2549459813173524,-3.5114026825952056,Tobacco,Consumer Defensive,PM
2013Q3,2013,Q3,2013-11-01,2013-09-30,2340000000.0,7927000000.0,3593000000.0,1.45,5309000000.0,0.66973634414028,36795000000.0,-7429000000.0,16016000000.0,16018000000.0,42703000000.0,8026000000.0,27359000000.0,139756260000.0,163174260000.0,-4.602850061957868,0.9998751404669747,0.728359831498845,-3.607484183604792,0.13283579548782987,-4.602850061957868,-0.3149818279714632,17.630409991169422,14.93122435897436,-18.81225736976713,0.5927350427350427,0.32618988288063794,0.009924421274581903,0.21543688001087105,0.4395679860157323,0.06359559722788423,46.36903118779031,0.66973634414028,0.11538461538461531,0.42960037174721194,0.4487677129731562,-1.8115926304225918,0.017829754601226995,0.1016949152542373,0.0783313325330132,0.45458848685418607,0.3574296421282032,-2.8565776507632354,Tobacco,Consumer Defensive,PM
2013Q2,2013,Q2,2013-08-02,2013-06-30,2124000000.0,7917000000.0,3332000000.0,1.3,5216000000.0,0.6588354174561071,37140000000.0,-5466000000.0,16755000000.0,14706000000.0,41069000000.0,8217000000.0,26537000000.0,142761430000.0,164674430000.0,-3.3513182096873084,1.1393308853529172,0.6865643511039311,-4.665020124405415,0.11824960623137733,-3.3513182096873084,-0.3885839736553238,18.032263483642794,16.80336982109228,-26.118080863519943,0.6596045197740112,0.328708774491907,0.009813574997112315,0.21316639741518578,0.5133958928328574,0.05718901453957997,49.9689989499475,0.6588354174561071,0.007751937984496131,0.6124424383944064,0.5157686459224269,-1.5063107845456774,0.023748773307163885,-0.00047058823529411766,-0.016238559196929438,0.2129100593260868,0.2690308185019205,-2.521902439134753,Tobacco,Consumer Defensive,PM
2013Q1,2013,Q1,2013-05-03,2013-03-31,2125000000.0,7584000000.0,3387000000.0,1.29,5095000000.0,0.6718090717299579,37418000000.0,-4314000000.0,16661000000.0,14509000000.0,40150000000.0,7976000000.0,25800000000.0,152715880000.0,174332880000.0,-2.62089914945322,1.1483217313391687,0.6841092522315463,-5.933704218822439,0.11201471675226111,-2.62089914945322,-0.49258229021789524,20.136587552742615,17.96657411764706,-35.400064904960594,0.6654117647058824,0.31206118355065193,0.00925902401243407,0.20268320059864237,0.5218829691915363,0.05679084932385483,135.9892074799644,0.6718090717299579,0.040322580645161324,0.45765716632358006,0.5343886946957437,-1.3738567740592358,-0.021697388632872502,0.014319809069212411,0.05317164179104478,0.42064001130161977,0.329205298409639,-2.007293889679109,Tobacco,Consumer Defensive,PM
2012Q4,2012,Q4,2013-02-22,2012-12-31,2095000000.0,7889000000.0,3216000000.0,1.24,5208000000.0,0.6601597160603372,37670000000.0,-3476000000.0,16590000000.0,17016000000.0,39523000000.0,8949000000.0,25076000000.0,141518880000.0,161374880000.0,-2.054373522458629,0.9749647390691114,0.6062914786302097,-6.5704833141542,0.12170672715279306,-2.054373522458629,-0.6027042577675489,17.938760299150715,16.887694510739856,-40.713141542002305,0.6830548926014319,0.2995865459827914,0.010111725022131323,0.20942394478364745,0.38622472966619653,0.05561454738518715,107.78284843869002,0.6601597160603372,-0.060606060606060656,0.8946944534840275,0.7817341917585332,-1.2802570463402103,-0.0239880059970015,-0.05927256398742703,-0.11233784156776153,0.5806722056023088,0.3487114660201999,-1.6983288583165004,Tobacco,Consumer Defensive,PM
2012Q3,2012,Q3,2012-11-02,2012-09-30,2227000000.0,7920000000.0,3623000000.0,1.32,5336000000.0,0.6737373737373737,38309000000.0,-1481000000.0,17600000000.0,16726000000.0,38193000000.0,8243000000.0,24394000000.0,152664930000.0,170283930000.0,-0.8799762329174093,1.0522539758459883,0.5856587224934089,-15.149223497636733,0.11776270425964418,-0.8799762329174093,-1.5037137069547604,19.275875,17.137958015267174,-103.08232950708981,0.5882352941176471,0.31347810263253667,0.008580883638436149,0.20673993056461928,0.5009565945234964,0.05813255370800595,71.00694418604651,0.6737373737373737,-0.029411764705882377,0.6177953447518666,0.6776041045221335,0.0,-0.021635496883021636,-0.03884333189469141,0.005271920088790233,0.41816945877012623,0.37668670018485606,-1.2674628077021841,Tobacco,Consumer Defensive,PM
2012Q2,2012,Q2,2012-08-03,2012-06-30,2317000000.0,8120000000.0,3604000000.0,1.36,5454000000.0,0.6716748768472907,35798000000.0,-1366000000.0,15561000000.0,16830000000.0,35652000000.0,7312000000.0,23599000000.0,148429260000.0,165385260000.0,-0.8030570252792475,0.9245989304812834,0.5810939158612213,-15.22840409956076,0.13146622834628724,-0.8030570252792475,-1.6961932650073206,18.27946551724138,16.015241691842903,-108.65978038067351,0.5718601640051791,0.3646061269146608,0.008926811330865625,0.2268283144309738,0.43963161021984554,0.06472428627297615,45.93910863509749,0.6716748768472907,0.07936507936507943,0.9371227824812898,0.7253906291324169,0.0,0.08949260886935677,0.07218880148079593,0.05906553041434029,0.7224990550418176,0.5214395644059086,-1.246193583882849,Tobacco,Consumer Defensive,PM
2012Q1,2012,Q1,2012-05-04,2012-03-31,2161000000.0,7448000000.0,3403000000.0,1.26,5006000000.0,0.6721267454350162,36399000000.0,112000000.0,15338000000.0,15283000000.0,34784000000.0,7311000000.0,22592000000.0,152320590000.0,169585590000.0,0.0651541593949971,1.0035987698750246,0.5725706750185444,186.08035714285714,0.11363686483272682,0.0651541593949971,19.294642857142858,20.45120703544576,17.62153979639056,1360.0052678571428,0.6191577973160574,0.3340172343044727,0.008784104630897242,0.20462100607159536,0.461166001439508,0.05936976290557433,91.1553500897666,0.6721267454350162,0.1559633027522935,0.8347953163402719,0.6467423182391873,0.0,0.0054227756577626025,0.14581124072110285,0.1590599455040872,0.6974611034650194,0.5428218578410297,-0.97801350496542,Tobacco,Consumer Defensive,PM
2011Q4,2011,Q4,2012-02-24,2011-12-31,1886000000.0,7671000000.0,2936000000.0,1.09,4979000000.0,0.6490679181332291,35488000000.0,229000000.0,14859000000.0,14794000000.0,33725000000.0,8120000000.0,21757000000.0,135449312107.68001,151444312107.68,0.13268373032203085,1.0043936731107206,0.5225710099188458,80.9825327510917,0.11070502486294928,0.13268373032203085,8.235807860262009,17.657321354149396,17.954574775673386,591.4817122606114,0.7142099681866384,0.3315270935960591,0.009944679519148512,0.21615757439134356,0.38873867784236854,0.05314472497745717,214.31853181594937,0.6490679181332291,-0.19852941176470587,0.5006302589502811,-0.22295193521825327,-0.9803832956027675,-0.0971894832275612,-0.20656289440471182,-0.20152298069078053,0.8064132233812605,0.6088682591538471,-0.9634146727592053,Tobacco,Consumer Defensive,PM
2011Q3,2011,Q3,2011-11-03,2011-09-30,2377000000.0,8362000000.0,3677000000.0,1.36,5515000000.0,0.6595312126285577,36220000000.0,2130000000.0,15090000000.0,16050000000.0,32566000000.0,7453000000.0,21208000000.0,109102620000.0,123470620000.0,1.2178387650085762,0.9401869158878504,0.4903092214246273,8.337558685446009,0.1305537988346081,1.2178387650085762,1.115962441314554,13.04743123654628,11.474823306689103,51.22188732394367,0.4766512410601599,0.3819938279887294,0.010384718533798729,0.2308669243511872,0.4132710280373832,0.06562672556598564,38.55216254416961,0.6595312126285577,0.0,0.8651189765993247,-0.1641389973385538,0.0,0.015840854669368208,-0.013283520132835201,-0.009428879310344827,0.34011385626951673,0.4103074000824123,-0.7852658780061391,Tobacco,Consumer Defensive,PM
2011Q2,2011,Q2,2011-08-05,2011-06-30,2409000000.0,8273000000.0,3712000000.0,1.36,5429000000.0,0.6562311132600024,36794000000.0,3669000000.0,14333000000.0,14763000000.0,31614000000.0,7904000000.0,20178000000.0,118316440000.0,133059440000.0,2.0705417607223477,0.9708731287678656,0.45988476382018806,4.611883346961025,0.1278538812785388,2.0705417607223477,0.6565821749795585,14.301515774205246,12.278584474885843,32.24759880076315,0.47696139476961397,0.3598178137651822,0.00971124553781368,0.22484644235473175,0.3807491702228544,0.06547263140729467,30.07535332994408,0.6562311132600024,0.2710280373831776,0.8645319147998726,-0.18427722672244676,0.0,0.20751779359430605,0.25534132360604483,0.23445294313269038,0.6832815026495687,0.45789263571355754,-0.687186486715705,Tobacco,Consumer Defensive,PM
2011Q1,2011,Q1,2011-05-06,2011-03-31,1919000000.0,6791000000.0,3007000000.0,1.07,4496000000.0,0.6620527168311,35554000000.0,3992000000.0,13393000000.0,14343000000.0,30042000000.0,8271000000.0,18903000000.0,117674589999.99998,133204589999.99998,2.22643614054657,0.9337655999442237,0.47398323676660853,4.221442885771543,0.10259444086603321,2.22643614054657,0.4807114228456914,17.328020910027977,15.330196717040124,29.47760270541082,0.6039603960396039,0.27747551686615884,0.009849195140599174,0.1910052314788772,0.30070417625322454,0.053974236372841315,52.62727638640429,0.6620527168311,0.12631578947368433,0.4687972601928051,-0.3378335832837514,0.0,-0.008818342151675485,0.09531963470319635,0.09624498724024791,0.2084285403182227,0.2613056391848587,-0.6824111933771708,Tobacco,Consumer Defensive,PM
2010Q4,2010,Q4,2011-02-25,2010-12-31,1752000000.0,7037000000.0,2743000000.0,0.95,4536000000.0,0.6445928662782435,35050000000.0,3506000000.0,13756000000.0,12804000000.0,29929000000.0,8317000000.0,18133000000.0,107636670000.0,122435670000.0,1.9064709081022295,1.0743517650734145,0.4708131241084165,4.706788362806617,0.09819637637624017,1.9064709081022295,0.4997147746719909,15.29581782009379,15.359113869863014,30.700704506560182,0.6672374429223744,0.3007093904051942,0.010860610979510979,0.20077032810271042,0.36800999687597624,0.04998573466476462,79.67185048112509,0.6445928662782435,-0.050000000000000044,0.3082844906283984,-0.33101014541628887,-0.7181366837109849,0.04902867715078631,-0.038419319429198684,-0.032792665726375174,0.457833372344053,0.4622685475028637,-0.7399197858630748,Tobacco,Consumer Defensive,PM
2010Q3,2010,Q3,2010-11-05,2010-09-30,1822000000.0,6614000000.0,2836000000.0,1.0,4324000000.0,0.6537647414575144,36879000000.0,4532000000.0,15482000000.0,13713000000.0,30757000000.0,8248000000.0,17539000000.0,102404560000.0,116344560000.0,2.4792122538293215,1.1290016772405747,0.4730876650668402,3.8497352162400706,0.09310794517851431,2.4792122538293215,0.40203000882612533,15.482999697611127,14.05111964873765,22.595887025595765,0.5878155872667399,0.277643064985451,0.01045851864409163,0.17934325768052278,0.4761175526872311,0.04940481032565959,45.45253439857967,0.6537647414575144,-0.0654205607476636,0.3678527560602157,-0.367440024436291,0.0,-0.04145422301041898,-0.08072653884964683,-0.024088093599449415,0.21859575682618212,0.28984170065823056,0.0,Tobacco,Consumer Defensive,PM
2010Q2,2010,Q2,2010-08-06,2010-06-30,1982000000.0,7061000000.0,2906000000.0,1.07,4511000000.0,0.6388613510834159,33324000000.0,4065000000.0,12924000000.0,9989000000.0,27774000000.0,7502000000.0,16888000000.0,84620640000.0,98267640000.0,2.2020585048754064,1.2938232055260788,0.4570579762333453,3.7468634686346864,0.11462078661234763,2.2020585048754064,0.4875768757687577,11.984228862767313,10.67364278506559,20.81688560885609,0.5474268415741675,0.33990935750466544,0.012821930914254489,0.2118893290121234,0.4821303433777155,0.05947665346296963,25.67373786407767,0.6388613510834159,0.17582417582417587,0.4725453970003899,-0.33169025309368405,0.0,0.09384093113482056,0.1638285378743394,0.0703499079189687,0.5268887039754999,0.3825162165398958,0.0,Tobacco,Consumer Defensive,PM
2010Q1,2010,Q1,2010-05-07,2010-03-31,1703000000.0,6496000000.0,2715000000.0,0.91,4124000000.0,0.6348522167487685,34173000000.0,4876000000.0,13078000000.0,9580000000.0,27808000000.0,8279000000.0,15977000000.0,97747840000.0,112907840000.0,2.601921024546425,1.3651356993736952,0.4684985222251485,3.2834290401968826,0.0914947366188292,2.601921024546425,0.3492616899097621,15.047389162561576,14.349359953024074,20.04672682526661,0.6447445684086905,0.2865080323710593,0.011232984790252143,0.1900915927779241,0.421294363256785,0.04983466479384309,53.58982456140351,0.6348522167487685,0.16666666666666666,0.24713144610077012,-0.39397555917683513,0.0,-0.011268280987772716,0.11892247043363995,0.11224907824662024,0.32633672214569803,0.31746256740905177,0.0,Tobacco,Consumer Defensive,PM
2009Q4,2009,Q4,2010-02-26,2009-12-31,1522000000.0,6717000000.0,2441000000.0,0.78,4171000000.0,0.6209617388715201,34552000000.0,5716000000.0,14682000000.0,11178000000.0,28407000000.0,9207000000.0,15358000000.0,93633170000.0,107509170000.0,2.941842511580031,1.3134728931830382,0.44616809446631167,2.696990902729181,0.08256815847575938,2.941842511580031,0.2662701189643107,13.939730534464791,15.37995565045992,16.380890482855143,0.7325886990801577,0.2765287281416314,0.011908173139924667,0.19440263949988423,0.41492216854535696,0.04404954850659875,75.9393106244931,0.6209617388715201,-0.16129032258064518,0.07570124734155188,-0.3956114090936489,-0.5650615580914549,-0.022498242324818375,-0.15350389321468297,-0.14350877192982456,0.07570124734155188,-0.3956114090936489,-0.5650615580914549,Tobacco,Consumer Defensive,PM
2009Q3,2009,Q3,2009-11-06,2009-09-30,1798000000.0,6587000000.0,2850000000.0,0.93,4267000000.0,0.6477911036890845,33705000000.0,6340000000.0,14277000000.0,9838000000.0,26991000000.0,8877000000.0,14936000000.0,93921980000.0,106570980000.0,3.2900882200311363,1.451209595446229,0.4228156059931761,2.2477917981072557,0.09760825868687918,3.2900882200311363,0.283596214511041,14.2586883254896,13.059229699666297,14.814192429022084,0.5845383759733037,0.2613495550298524,0.01119013887909944,0.19543094496365523,0.4726570441146575,0.05334520100875241,55.70698695136418,0.6477911036890845,0.17721518987341772,0.28048690452458125,-0.4023875195841329,0.0,0.08052671562420866,0.1630012936610608,0.17332235487855085,0.28048690452458125,-0.4023875195841329,0.0,Tobacco,Consumer Defensive,PM
2009Q2,2009,Q2,2009-08-06,2009-06-30,1546000000.0,6134000000.0,2429000000.0,0.79,3949000000.0,0.6437887186175416,33127000000.0,6377000000.0,14731000000.0,9666000000.0,26440000000.0,8229000000.0,14251000000.0,85277100000.0,96749100000.0,3.2618925831202046,1.5240016552865714,0.42484982038820296,2.206993884271601,0.08482933901347511,3.2618925831202046,0.2424337462756782,13.902363873492012,13.789957956015522,13.37260467304375,0.6934023285899095,0.2655243650504314,0.012570783950204686,0.1851661786458176,0.5972480860749018,0.046668880369487124,28.73217654986523,0.6437887186175416,0.06756756756756763,0.08457469378518291,-0.4517984107821763,0.0,0.08907887479316051,0.04742547425474255,0.04698275862068965,0.08457469378518291,-0.4517984107821763,0.0,Tobacco,Consumer Defensive,PM
2009Q1,2009,Q1,2009-05-07,2009-03-31,1476000000.0,5597000000.0,2320000000.0,0.74,3626000000.0,0.6478470609254958,30744000000.0,5906000000.0,13640000000.0,8135000000.0,24592000000.0,7824000000.0,13758000000.0,70910940000.0,82606940000.0,2.963371801304566,1.6767055931161647,0.4572274264897216,2.380121909922113,0.08154401090676401,2.963371801304566,0.2499153403318659,12.669455065213507,12.01066056910569,12.006593294954284,0.7378048780487805,0.25191717791411045,0.015357291836774412,0.18205178246161852,0.610079901659496,0.04800936768149883,55.31274570982839,0.6478470609254958,0.23333333333333336,0.016356870617754295,-0.5090223554633093,0.0,-0.00027570995312930797,0.17985611510791366,0.19896640826873385,0.016356870617754295,-0.5090223554633093,0.0,Tobacco,Consumer Defensive,PM
2008Q4,2008,Q4,2009-02-26,2008-12-31,1251000000.0,5713000000.0,1935000000.0,0.6,3627000000.0,0.6348678452651847,32972000000.0,7500000000.0,14939000000.0,10144000000.0,25472000000.0,9664000000.0,13354000000.0,89978680000.0,100408680000.0,3.6266924564796907,1.4726932176656151,0.36276234380686645,1.5948,0.07121531619406538,3.6266924564796907,0.1668,15.749812707859268,17.98135091926459,11.997157333333332,0.882494004796163,0.21585264900662252,0.012269573192227316,0.17326822758704355,0.4316837539432177,0.037941283513284,189.4288,0.6348678452651847,-0.40594059405940597,-0.1692763098017031,-0.517021943617422,-0.4638095139037361,-0.18895348837209303,-0.39855769230769234,-0.3304498269896194,-0.1692763098017031,-0.517021943617422,-0.4638095139037361,Tobacco,Consumer Defensive,PM
2008Q3,2008,Q3,2008-11-07,2008-09-30,2080000000.0,6953000000.0,2890000000.0,1.01,4472000000.0,0.6431756076513735,35305000000.0,11632000000.0,15306000000.0,11396000000.0,23673000000.0,8855000000.0,13007000000.0,98653100000.0,106997100000.0,5.671379814724524,1.3431028431028431,0.31573431525279705,0.9583046767537826,0.09687368069239316,5.671379814724524,0.17881705639614856,14.188566086581332,11.85734375,8.48118122420908,0.4596153846153846,0.28018068887634107,0.009690521635914127,0.19694094320917718,0.507020007020007,0.0589151678232545,56.276725613234454,0.6431756076513735,0.26249999999999996,0.39176157896857206,-0.40731999093771887,0.0,0.052978573110430895,0.2293144208037825,0.10812883435582822,0.39176157896857206,-0.40731999093771887,0.0,Tobacco,Consumer Defensive,PM
2008Q2,2008,Q2,2008-08-07,2008-06-30,1692000000.0,6709000000.0,2608000000.0,0.8,4247000000.0,0.6330302578625726,34318000000.0,13867000000.0,15750000000.0,11438000000.0,20451000000.0,9003000000.0,12032000000.0,103472050000.0,108767050000.0,6.61909307875895,1.3769889840881273,0.24252578821609652,0.6002019182231196,0.08107614698556724,6.61909307875895,0.1220162976851518,15.42287226114175,15.288423463356976,7.461747313766496,0.0,0.27346440075530376,0.0,0.19549507547059852,0.5351460045462494,0.049303572469258115,31.906275053962382,0.6330302578625726,-0.10112359550561795,0.10767682759241799,-0.4404781577908841,0.0,0.05358471843215083,-0.09373326191751473,-0.07353463587921848,0.10767682759241799,-0.4404781577908841,0.0,Tobacco,Consumer Defensive,PM
2008Q1,2008,Q1,2008-05-08,2008-03-31,1867000000.0,6330000000.0,2815000000.0,0.89,4031000000.0,0.6368088467614534,31532000000.0,14778000000.0,13633000000.0,7393000000.0,16754000000.0,9020000000.0,11296000000.0,106622640000.0,112931640000.0,7.010436432637571,1.8440416610307047,0.2391221616135989,0.5102178914602787,0.08879832847434856,7.010436432637571,0.12633644606848018,16.844018957345973,14.277268344938404,7.214957369062119,1.6170326727370112,0.2548780487804878,0.028314811938627667,0.20074844602308767,0.5433518192885162,0.05920969174172269,78.11182417582418,0.6368088467614534,0.3692307692307692,0.2154605847078206,-0.4750150985258534,0.0,0.19543297746144722,0.359796067006555,0.3866995073891626,0.2154605847078206,-0.4750150985258534,0.0,Tobacco,Consumer Defensive,PM
2007Q4,2007,Q4,2007-12-31,2007-12-31,1373000000.0,5498000000.0,2030000000.0,0.65,3372000000.0,0.6133139323390324,32043000000.0,15401000000.0,15052000000.0,8551000000.0,16642000000.0,9332000000.0,12448000000.0,103768390000.0,108419390000.0,7.330318895763922,1.76026195766577,0.19682926068095996,0.40951886241153174,0.06717980087991705,7.330318895763922,0.08915005519122135,18.873843215714807,18.894462855061906,6.737769625349004,2.9715950473415877,0.22781825975139305,0.039318331912059155,0.171581936772462,0.6026195766577008,0.04284867209686983,-1192.7401149425286,0.6133139323390324,-0.20731707317073164,-0.10258297316598992,-0.5424986362962163,0.08375532227384933,-0.0854353132628153,-0.20405797101449274,-0.18637274549098196,-0.10258297316598992,-0.5424986362962163,0.08375532227384933,Tobacco,Consumer Defensive,PM
2007Q3,2007,Q3,2007-09-30,2007-09-30,1725000000.0,5916000000.0,2495000000.0,0.82,3687000000.0,0.6232251521298174,,,,,,,,104163510000.0,,,0.0,0.0,0.0,0.0,,0.0,17.607084178498987,15.096160869565217,0.0,0.7246376811594203,0.0,0.012000363659020323,0.0,0.0,0.0,123.41648104265403,0.6232251521298174,0.17142857142857143,0.12248278266024136,-0.5095832494476634,0.0,0.026733500417710943,0.1631827376938638,0.12539467749210645,0.12248278266024136,-0.5095832494476634,0.0,Tobacco,Consumer Defensive,PM
2007Q2,2007,Q2,2007-06-30,2007-06-30,1483000000.0,5835000000.0,2217000000.0,0.7,3591000000.0,0.6154241645244216,,,,,,,,104163510000.0,,,0.0,0.0,0.0,0.0,,0.0,17.851501285347045,17.559593728927847,0.0,0.4720161834120027,0.0,0.0067202036490513805,0.0,0.0,0.0,34.96593152064451,0.6154241645244216,0.01449275362318842,-0.03559087629217407,-0.5165989816893911,0.0,0.04754959159859977,0.02629757785467128,0.04035664007508212,-0.03559087629217407,-0.5165989816893911,0.0,Tobacco,Consumer Defensive,PM
2007Q1,2007,Q1,2007-03-31,2007-03-31,1445000000.0,5549000000.0,2131000000.0,0.69,3428000000.0,0.6177689673815102,,,,,,,,104163510000.0,,,0.0,0.0,0.0,0.0,,0.0,18.77158226707515,18.021368512110726,0.0,0.36678200692041524,0.0,0.005088154191424617,0.0,0.0,0.0,133.37197183098593,0.6177689673815102,-0.05479452054794526,-0.05971732119185583,-0.5400063304910555,0.0,-0.7158723580605056,-0.059244791666666664,0.0,-0.05971732119185583,-0.5400063304910555,0.0,Tobacco,Consumer Defensive,PM
