Quarters,Year,Quarter,FillingDate,Date,NetIncome,Revenue,OperatingIncome,EPSDiluted,GrossProfit,GrossProfitRatio,TotalAssets,CommonStockEquity,CurrentAssets,CurrentLiability,TotalLiability,Inventory,RetainedEarnings,MarketCap,EnterpriseValue,bookValuePerShare,currentRatio,debtToAssets,debtToEquity,roic,shareholdersEquityPerShare,roe,priceToSalesRatio,peRatio,pbRatio,payoutRatio,inventoryTurnover,dividendYield,assetTurnover,quickRatio,returnOnAssets,priceToFreeCashFlowsRatio,grossProfitMargin,epsdilutedGrowth,fiveYNetIncomeGrowthPerShare,fiveYRevenueGrowthPerShare,fiveYShareholdersEquityGrowthPerShare,grossProfitGrowth,netIncomeGrowth,operatingIncomeGrowth,threeYNetIncomeGrowthPerShare,threeYRevenueGrowthPerShare,threeYShareholdersEquityGrowthPerShare,Industry,Sector,Symbol
2023Q3,2023,Q3,2023-05-05,2023-03-31,10312000.0,44017000.0,46450000.0,0.16,44017000.0,1.0,8349336000.0,866230000.0,1490428000.0,0.0,1611692000.0,0.0,452605000.0,525924279.99999994,1943048280.0,13.374145038521515,0.0,0.19303235610592268,1.8605820625007214,0.014628732168562883,13.374145038521515,0.011904459554621752,11.948208192289341,12.750297711404189,0.6071416136591897,0.6955973622963537,0.0,0.013638845500724936,0.0052719162338178745,0.0,0.0012350682736926625,24.741227830832194,1.0,4.333333333333334,1.2353040617908113,0.6763387925857146,0.018603650771202053,0.2124225313317725,4.285494618144542,0.5670332636124418,0.39941023570047174,0.26173720818241775,0.016984256190964685,Banks—Regional,Financial Services,KRNY
2023Q2,2023,Q2,2023-02-07,2022-12-31,1951000.0,36305000.0,29642000.0,0.03,36305000.0,1.0,8289318000.0,872640000.0,1389382000.0,51107000.0,7416678000.0,0.0,449489000.0,660054500.0,1967967500.0,13.419037367368906,27.185747549259396,0.16691035378302532,1.5855026127612761,0.0129194197097583,13.419037367368906,0.002235744407774111,18.180815314694946,84.57899794976936,0.7563880867253392,3.642747309072271,0.0,0.010767292700830006,0.004379733049208632,27.185747549259396,0.00023536315050285198,42.39543323270602,1.0,-0.88,0.8245379625358097,0.4314825555193135,0.04683013666533708,-0.33321701439905965,-0.8820078621106743,-0.2133018392207861,-0.7667050907322649,0.1808420725910031,0.01547848394943569,Banks—Regional,Financial Services,KRNY
2023Q1,2023,Q1,2022-11-07,2022-09-30,16535000.0,54448000.0,37679000.0,0.25,54448000.0,1.0,7889590000.0,874974000.0,1383069000.0,54278000.0,7014616000.0,0.0,454710000.0,698126940.0,1453504940.0,13.31022103229536,25.4812078558532,0.10792119742597524,0.9731192012562659,0.016561431251346816,13.31022103229536,0.018897704388930413,12.8219023655598,10.555290898094949,0.7978830685254646,0.43804052010886,0.0,0.010374904025333845,0.006901245818857507,25.4812078558532,0.0020957996549884087,35.22335721493441,1.0,0.47058823529411753,2.8291899547213415,1.2060893330853488,0.04526848860300655,0.01945365013387257,0.4542656112576957,0.6013855242466744,0.8750130998943862,0.7270011924693502,0.015603407859841515,Banks—Regional,Financial Services,KRNY
2022Q4,2022,Q4,2022-08-26,2022-06-30,11370000.0,53409000.0,23529000.0,0.17,53409000.0,1.0,7719883000.0,894000000.0,1466174000.0,0.0,6825883000.0,0.0,445451000.0,747036400.0,1546758400.0,13.29565734681737,0.0,0.11675526688681681,1.0082069351230425,0.00956731113576569,13.29565734681737,0.012718120805369127,13.987088318448201,16.425602462620933,0.8356111856823266,0.6510114335971856,0.0,0.00990848638700872,0.006918369099635318,0.0,0.0014728202487006604,32.36025124539744,1.0,-0.31999999999999995,2.162751427640547,1.199274215527972,0.03595305531601528,0.04892179582858714,-0.35737297236195104,-0.24317282640162116,0.6713824946117121,0.7066150421028584,0.027289671052907995,Banks—Regional,Financial Services,KRNY
2022Q3,2022,Q3,2022-05-06,2022-03-31,17693000.0,50918000.0,31089000.0,0.25,50918000.0,1.0,7389891000.0,955169000.0,1607982000.0,0.0,6434722000.0,0.0,441522000.0,898895200.0,1687736200.0,13.686330419830922,0.0,0.11518708462682332,0.8911721381242481,0.012575129815224927,13.686330419830922,0.018523423603571725,17.65378058839703,12.701282993274177,0.941084980773036,0.4355394788899565,0.0,0.008572745743886494,0.006890223414662003,0.0,0.002394216640001862,30.465860023724794,1.0,-0.03846153846153849,4.268656108795555,1.1672836781602716,0.05764092316646636,-0.03600908746686861,-0.05732857371197187,-0.052020125019057784,0.9871062078237868,0.5429748905458162,0.05755176888038325,Banks—Regional,Financial Services,KRNY
2022Q2,2022,Q2,2022-02-08,2021-12-31,18769000.0,52820000.0,32795000.0,0.26,52820000.0,1.0,7186223000.0,995470000.0,5273709000.0,0.0,6190753000.0,0.0,431549000.0,954145750.0,1579798750.0,13.823860243573899,0.0,0.09547504996713851,0.6892271992124324,0.014315344356192599,13.823860243573899,0.01885441047947201,18.06409977281333,12.709064814321488,0.9584876992777281,0.4384357184719484,0.0,0.00862446853638451,0.007350175467697008,0.0,0.00261180316836814,45.92317225778505,1.0,0.0,3.0629234993848446,1.1497160545998562,0.056323832358586616,-0.010676156583629894,-0.04798376870403246,0.0,1.2373760902634094,0.5893912296111579,0.07989251547588386,Banks—Regional,Financial Services,KRNY
2022Q1,2022,Q1,2021-11-08,2021-09-30,19715000.0,53390000.0,0.0,0.26,53390000.0,1.0,7183688000.0,1014423000.0,5225380000.0,0.0,6169265000.0,0.0,420701000.0,926494910.0,1593414910.0,13.609656948897863,0.0,0.10036488221648825,0.7107390112408729,0.0,13.609656948897863,0.01943469341684879,17.353341637010676,11.748603981739793,0.9133220658443273,0.3731169160537662,0.0,0.007939601092897531,0.007432115648675165,0.0,0.0027444120624392373,184.78159353809335,1.0,0.08333333333333341,3.8879418826277017,1.3180871552239903,0.04845272516479629,0.01577215045375849,0.0666558459124601,0.0,1.257405788380531,0.5713846534018405,0.047379448901655324,Banks—Regional,Financial Services,KRNY
2021Q4,2021,Q4,2021-08-27,2021-06-30,18483000.0,52561000.0,0.0,0.24,52561000.0,1.0,7283735000.0,1042944000.0,5297795000.0,0.0,6240791000.0,0.0,408367000.0,928013100.0,1546034100.0,13.429962141698216,0.0,0.09416542474431044,0.6576345422189495,0.0,13.429962141698216,0.017721948637702503,17.65592549609026,12.552252069469242,0.8898014658505153,0.41481361250879184,0.0,0.008261736822465114,0.007216215307119219,0.0,0.0025375717265935676,61.35623801652893,1.0,0.1999999999999999,3.361378835286225,1.2063343343319328,0.04669375193543687,-0.010094732282426503,0.12543384278146502,0.0,2.023509712898485,0.5099351678948629,0.037837354734701595,Banks—Regional,Financial Services,KRNY
2021Q3,2021,Q3,2021-05-07,2021-03-31,16423000.0,53097000.0,0.0,0.2,53097000.0,1.0,7357994000.0,1063812000.0,5276713000.0,0.0,6294182000.0,0.0,397594000.0,974529840.0,1731301840.0,13.186716745379496,0.0,0.11766291192952862,0.8138308272514316,0.0,13.186716745379496,0.015437878121322189,18.353764619470027,14.834832856359984,0.9160733663466852,0.43767886500639347,0.0,0.007375864447619172,0.007216233120059625,0.0,0.0022319942092912824,37.14192545163503,1.0,0.0,3.380670611123082,1.180144379555162,0.015428792966953212,0.026882240315624577,-0.03097710644323814,0.0,1.8581510709927145,0.6234926393688266,0.004328708851372118,Banks—Regional,Financial Services,KRNY
2021Q2,2021,Q2,2021-02-08,2020-12-31,16948000.0,51707000.0,0.0,0.2,51707000.0,1.0,7335153000.0,1092341000.0,5333484000.0,0.0,6242812000.0,0.0,388376000.0,898867200.0,1634824200.0,12.83295347744361,0.0,0.1180140346084124,0.7924732295134944,0.0,12.83295347744361,0.015515301540453027,17.383859051965885,13.259192825112109,0.8228814994585024,0.4080717488789238,0.0,0.007694128787878788,0.007049205381264713,0.0,0.0023105175856590857,37.72473244638435,1.0,0.5384615384615385,3.700543662289777,1.0666737306394116,-0.013828017277642029,0.05865853159166291,0.48941031725107653,0.0,11.10866402116402,0.5575826430964614,0.0011092505994130778,Banks—Regional,Financial Services,KRNY
2021Q1,2021,Q1,2020-11-06,2020-09-30,11379000.0,48842000.0,0.0,0.13,48842000.0,1.0,7310209000.0,1124060000.0,5492968000.0,0.0,6186149000.0,0.0,378134000.0,620117680.0,1551839680.0,13.069249372151427,0.0,0.14740207838106953,0.9586143088447235,0.0,13.069249372151427,0.010123125100083626,12.696402276729044,13.624169083399245,0.5516766720637689,0.6043589067580631,0.0,0.011089830562482915,0.006681341121710747,0.0,0.0015565902424951189,130.0309666596771,1.0,-0.23529411764705885,2.9828308122500222,1.0474118423674494,0.006242685479710822,0.07458417671389597,-0.16874863028709183,0.0,1.0140852123100985,0.5125356999217016,0.026344679420299937,Banks—Regional,Financial Services,KRNY
2020Q4,2020,Q4,2020-08-28,2020-06-30,13689000.0,45452000.0,0.0,0.17,45452000.0,1.0,6758175000.0,1084177000.0,5067637000.0,5736000.0,5673998000.0,0.0,387911000.0,659946040.0,1657880040.0,13.438322714990456,883.4792538354254,0.17444073289016634,1.0873694977849557,0.0,13.438322714990456,0.012626167129536967,14.519625979054828,12.052488129154796,0.6087069177818751,0.4673095185915699,0.0,0.009693216736325899,0.0067254843208410554,276.1581241283124,0.002025546837718763,-66.12685771543086,1.0,0.5454545454545455,5.533574888616639,1.2389795212314132,0.027626624216282616,0.03745634657962612,0.4792522152582667,0.0,2.1735759803512638,0.5598775770304653,0.04706906261008642,Banks—Regional,Financial Services,KRNY
2020Q3,2020,Q3,2020-05-08,2020-03-31,9254000.0,43811000.0,0.0,0.11,43811000.0,1.0,6773833000.0,1069672000.0,4988749000.0,6706000.0,5704161000.0,0.0,380671000.0,698702010.0,2029981010.0,13.150788674559559,743.9232031017,0.20530931305805739,1.3001471479107614,0.0,13.150788674559559,0.008651250102835262,15.948095455479217,18.875675653771342,0.6531927637630975,0.694618543332613,0.0,0.00919991628476924,0.006467682329930484,231.85684461676112,0.0013661393778086942,390.3363184357542,1.0,-0.15384615384615388,1.7164887856913678,1.1051643147205275,1.4563034337560008,0.11874058374403106,-0.1312429590687195,0.0,1.3644070182595118,0.60000728236303,0.016255771084920868,Banks—Regional,Financial Services,KRNY
2020Q2,2020,Q2,2020-02-07,2019-12-31,10652000.0,39161000.0,0.0,0.13,39161000.0,1.0,6610401000.0,1094570000.0,4900140000.0,6091000.0,5515831000.0,0.0,377896000.0,1145552730.0,2384896730.0,13.214496987842717,804.4885897225414,0.19380669947254334,1.170450496542021,0.0,13.214496987842717,0.009731675452460785,29.252387068767398,26.885860167104767,1.0465778616260266,0.5736012016522719,0.0,0.00533366979973065,0.00592414892833279,240.06944672467574,0.0016113999740711646,94.83052400662251,1.0,0.0,4.4869450360855465,1.0550231440386848,1.4794167954613409,-0.03660606656990332,-0.0631486367634125,0.0,1.0046317562442098,0.38561448147925814,0.009760505020863538,Banks—Regional,Financial Services,KRNY
2020Q1,2020,Q1,2019-11-08,2019-09-30,11370000.0,40649000.0,0.0,0.13,40649000.0,1.0,6641006000.0,1110789000.0,5099081000.0,7500000.0,5530217000.0,0.0,373004000.0,1105218240.0,2264531240.0,13.105727028174996,679.8774666666667,0.19403957773867392,1.1600925108188864,0.0,13.105727028174996,0.010235967406951275,27.18930945410711,24.301192612137203,0.994984862111526,0.45611257695690416,0.0,0.004692285932595539,0.006120909994660448,184.05186666666665,0.0017120900056407117,110.84326948149634,1.0,0.3,3.2430570384839554,1.100930713955824,1.462987683317592,0.00283712438940149,0.29043241402791964,0.0,1.4790836070516713,0.5521052305361812,0.00963126914589528,Banks—Regional,Financial Services,KRNY
2019Q4,2019,Q4,2019-08-28,2019-06-30,8811000.0,40534000.0,0.0,0.1,40534000.0,1.0,6634829000.0,1127159000.0,5071005000.0,8771000.0,5507670000.0,0.0,366679000.0,1171360500.0,2463178500.0,12.942461821104605,578.1558545205792,0.20057080596952837,1.1806258034580748,0.0,12.942461821104605,0.00781699831168451,28.89822124636108,33.235742254000684,1.0392149643484192,0.606401089547157,0.0,0.004561362620644968,0.006109275762796599,88.08094858054953,0.0013279920251147391,10458.575892857143,1.0,-0.23076923076923075,2.248092613521172,1.050360102031566,1.376295758283276,-0.04206645554662759,-0.22825610931067705,0.0,0.8539348163875151,0.517207840211212,0.008699338083177693,Banks—Regional,Financial Services,KRNY
2019Q3,2019,Q3,2019-05-09,2019-03-31,11417000.0,42314000.0,0.0,0.13,42314000.0,1.0,6658751000.0,1158111000.0,5064993000.0,36931000.0,5500640000.0,0.0,363072000.0,1165133760.0,2474120760.0,12.941522885750045,137.1474641899759,0.20471511849594617,1.1770434785612087,0.0,12.941522885750045,0.009858295102973721,27.535419955570262,25.5131330472103,1.0060639783233214,0.479723219760007,0.0,0.004700747835167011,0.006354645187963929,21.700089355825728,0.0017145858134656185,87.00222222222222,1.0,0.08333333333333341,5.476946125922731,1.0546820025509853,1.488796649178801,-0.008064138028036945,0.06027117384843982,0.0,1.7453866202114448,0.5662560400073794,-0.003452093741535536,Banks—Regional,Financial Services,KRNY
2019Q2,2019,Q2,2019-02-08,2018-12-31,10768000.0,42658000.0,0.0,0.12,42658000.0,1.0,6702440000.0,1183261000.0,5162468000.0,0.0,5519179000.0,0.0,356993000.0,1185003880.0,2444067880.0,12.801144600471687,0.0,0.19553282088314106,1.1075722093435008,0.0,12.801144600471687,0.009100274580164477,27.779171081625954,27.51216289004458,1.0014729463744685,1.8699851411589896,0.0,0.016992349425893862,0.0063645478363103586,0.0,0.001606579096567817,131.17156077042284,1.0,0.0,2.540634164219374,1.0533661880565406,1.5018544440674373,-0.016235413495687467,-0.03391351157365871,0.0,1.750201726977013,0.5700841732218414,-0.016272429105886357,Banks—Regional,Financial Services,KRNY
2019Q1,2019,Q1,2018-11-08,2018-09-30,11146000.0,43362000.0,0.0,0.12,43362000.0,1.0,6656211000.0,1236081000.0,5072585000.0,23580000.0,5420130000.0,0.0,350838000.0,1299434820.0,2697952820.0,12.994008010344066,215.12234944868533,0.21679060354306676,1.1674024598711572,0.0,12.994008010344066,0.009017208419189357,29.96713297357133,29.145765745558943,1.0512537770582997,0.3401220168670375,0.0,0.0029174222066790543,0.0065145170428040815,32.66246819338422,0.0016745262432335754,115.5258552631579,1.0,0.4999999999999999,3.123958282480365,1.068555014808131,1.5203338087536493,-0.01335639036155544,0.44415651723244365,0.0,2.527295527733101,0.6434485967323115,0.0004496159767661251,Banks—Regional,Financial Services,KRNY
2018Q4,2018,Q4,2018-08-28,2018-06-30,7718000.0,43949000.0,0.0,0.08,43949000.0,1.0,6579874000.0,1268748000.0,4991629000.0,28502000.0,5311126000.0,0.0,359096000.0,1318718700.0,2417002700.0,12.940334128878282,175.13258718686407,0.18650022781591258,0.9672117709742203,0.0,12.940334128878282,0.006083162298580963,30.0056588318278,42.71568735423685,1.0393858354850607,0.5164550401658461,0.0,0.0030226309826348863,0.006679307232934855,30.610448389586697,0.001172970789410253,86.8435100428054,1.0,0.14285714285714277,2.7266452199934776,1.164243124708729,1.5214218376514235,0.43600718836791374,0.43537288450809003,0.0,3.103289665884004,0.7814406752535407,-0.010454492043400519,Banks—Regional,Financial Services,KRNY
2018Q3,2018,Q3,2018-05-09,2018-03-31,5377000.0,30605000.0,0.0,0.07,30605000.0,1.0,4933700000.0,991201000.0,4111747000.0,0.0,3942499000.0,0.0,355270000.0,981396000.0,1795122000.0,13.129881311927091,0.0,0.17269169183371505,0.8595723773482876,0.0,13.129881311927091,0.005424732218793161,32.066525077601696,45.6293472196392,0.9901079599395077,0.4206806769574112,0.0,0.0023048799872834205,0.00620325516346758,0.0,0.0010898514299612866,94.39222852745985,1.0,2.5,2.7287934769623807,0.35009107629690883,1.4781938741110345,0.01684497308791282,3.2371946414499604,0.0,0.7006555290811274,0.5845031785750527,1.4523983579544057,Banks—Regional,Financial Services,KRNY
2018Q2,2018,Q2,2018-02-08,2017-12-31,1269000.0,30098000.0,0.0,0.02,30098000.0,1.0,4843847000.0,989273000.0,4081802000.0,23215000.0,3854574000.0,0.0,353536000.0,1115164300.0,1886558300.0,12.818734288750097,175.82606073659272,0.16971613678136407,0.8309930625823205,0.0,12.818734288750097,0.001282760168325629,37.05110970828626,219.69351851851852,1.127256379179458,9.44286840031521,0.0,0.01074550180632576,0.006213656211684638,23.698600043075597,0.00026198185037636405,148.62912168465948,1.0,-0.7142857142857143,0.2764339781872822,0.9493885111496316,1.381509449077602,0.006487426431246656,-0.757454128440367,0.0,-0.29841068224662765,0.6952059801726167,1.4051604174811492,Banks—Regional,Financial Services,KRNY
2018Q1,2018,Q1,2017-11-08,2017-09-30,5232000.0,29904000.0,0.0,0.07,29904000.0,1.0,4808150000.0,1014233000.0,4037654000.0,32881000.0,3793917000.0,0.0,354123000.0,1222612150.0,2025224150.0,12.733781968386294,122.79596119339436,0.1750018198267525,0.8296269200469715,0.0,12.733781968386294,0.005158577959896789,40.88456895398609,58.419923069571865,1.2054549102622376,0.44533639143730885,0.0,0.0019057556396768999,0.006219439909320633,16.055168638423407,0.001088152407890769,326.7269241047568,1.0,0.4000000000000001,2.619174152376685,0.8997690686892892,1.3447142017461935,0.0051764705882352945,0.1880108991825613,0.0,1.0776685473508862,0.6446794759769684,1.3930872421470295,Banks—Regional,Financial Services,KRNY
2017Q4,2017,Q4,2017-08-29,2017-06-30,4404000.0,29750000.0,0.0,0.05,29750000.0,1.0,4818127000.0,1057181000.0,4080741000.0,30532000.0,3760946000.0,0.0,361039000.0,1223224200.0,1981747200.0,12.834227650172389,133.65455915105463,0.1736691457074502,0.7915011715117847,0.0,12.834227650172389,0.004165795639535709,41.116779831932774,69.43824931880108,1.1570622249170197,0.5463215258855586,0.0,0.001966932962902467,0.00617459855250806,17.53003406262282,0.0009140481353023696,173.77812189231426,1.0,0.0,3.0823156914188794,0.720776456766696,1.3880232512334234,0.045326774420238934,0.08259587020648967,0.0,0.7164817594175744,0.5910591626768049,1.3564234646777322,Banks—Regional,Financial Services,KRNY
2017Q3,2017,Q3,2017-05-10,2017-03-31,4068000.0,28460000.0,0.0,0.05,28460000.0,1.0,4796242000.0,1094010000.0,4069830000.0,49541000.0,3702232000.0,0.0,359083000.0,1272357100.0,1976567100.0,12.940431974639823,82.1507438283442,0.18239300685828613,0.7996279741501449,0.0,12.940431974639823,0.0037184303616968764,44.70685523541813,78.19303711897739,1.1630214531859857,0.6103736479842674,0.0,0.0019514961640878963,0.005933812347250201,12.530833047374902,0.0008481640417643646,94.78932429412203,1.0,-0.1666666666666666,2.160924578499648,0.7223042166362567,1.433780692465406,-0.020714334870277337,-0.2554904831625183,0.0,1.442820254120463,0.4628093082322,1.4885868550193624,Banks—Regional,Financial Services,KRNY
2017Q2,2017,Q2,2017-02-08,2016-12-31,5464000.0,29062000.0,0.0,0.06,29062000.0,1.0,4585308000.0,1114652000.0,3901239000.0,36107000.0,3470656000.0,0.0,357540000.0,1324455700.0,2025379700.0,13.086763566346537,108.04661146038164,0.1609392433398149,0.6620505772205136,0.0,13.086763566346537,0.004901978375313551,45.57345330672356,60.59918100292826,1.1882234993522642,0.3087481698389458,0.0,0.0012737307861637047,0.006338069329257707,12.415791951699116,0.0011916320561236018,139.828515625,1.0,0.1999999999999999,11.52908405012218,0.8881563856113798,1.4688827256926646,0.09050656660412758,0.1707735161774159,0.0,0.9497611078804717,0.5181550156328165,1.557675786719688,Banks—Regional,Financial Services,KRNY
2017Q1,2017,Q1,2016-11-09,2016-09-30,4667000.0,26650000.0,0.0,0.05,26650000.0,1.0,4523281000.0,1119534000.0,3841996000.0,0.0,3403747000.0,0.0,353763000.0,1173808060.0,1734604060.0,12.980706351598915,0.0,0.1400286650331916,0.5657612899652892,0.0,12.980706351598915,0.004168698762163543,44.045330581613506,62.8780833511892,1.048479152933274,0.3664023998285837,0.0,0.0014567969485573306,0.00589174097297957,0.0,0.0010317731752681296,257.3576101732076,1.0,0.0,1.4785892196905035,0.5302314959385268,1.4414140926268202,-0.0287192944092135,-0.043843474697807826,0.0,0.9045740562091863,0.4022318348391986,1.5177538026291941,Banks—Regional,Financial Services,KRNY
2016Q4,2016,Q4,2016-08-29,2016-06-30,4881000.0,27438000.0,0.0,0.05,27438000.0,1.0,4500059000.0,1147629000.0,3796002000.0,0.0,3352430000.0,0.0,350806000.0,1125192940.0,1540415940.0,12.830841988752614,0.0,0.13653665429719922,0.5353846931368935,0.0,12.830841988752614,0.004253116643096332,41.008562577447336,57.63127125589019,0.9804500757649031,0.3671378815816431,0.0,0.0015926157517483178,0.006097253391566644,0.0,0.0010846524456679346,79.43472926226615,1.0,0.0,0.31781142643715754,0.31633204339519594,1.434316935598226,0.013332348487646343,0.17106525911708254,0.0,1.5834829866224023,0.48112947118772526,1.5000873133327703,Banks—Regional,Financial Services,KRNY
2016Q3,2016,Q3,2016-05-10,2016-03-31,4168000.0,27077000.0,0.0,0.05,27077000.0,1.0,4486009000.0,1164746000.0,3783608000.0,0.0,3321263000.0,0.0,347717000.0,1107671500.0,1611035500.0,12.986352993644777,0.0,0.13783298250181844,0.5308625228161333,0.0,12.986352993644777,0.0035784626004296215,40.90820622668686,66.43902951055662,0.9509983292494671,0.43042226487523993,0.0,0.001619613757327872,0.0060358773243656,0.0,0.0009291109313423134,148.24297376873662,1.0,0.25000000000000006,0.6002360863675943,0.42964518009421526,1.508068045142113,0.02766813420373463,0.09770871740848038,0.0,1.4328364343646465,0.005375123501131294,1.451103682609792,Banks—Regional,Financial Services,KRNY
2016Q2,2016,Q2,2016-02-09,2015-12-31,3797000.0,26348000.0,0.0,0.04,26348000.0,1.0,4405046000.0,1166476000.0,3676478000.0,0.0,3238570000.0,0.0,345343000.0,1135738800.0,1643283800.0,13.012896028558679,0.0,0.14084052697747085,0.531866064968332,0.0,13.012896028558679,0.003255103405470837,43.10531349628055,74.77869370555702,0.9736495221504772,0.47116144324466686,0.0,0.0015751861255422462,0.005981322328983625,0.0,0.0008619660271425089,101.74135984950283,1.0,0.3333333333333334,785.0082875323517,0.6341345986881831,1.5256397551995562,0.060324359129140005,0.2758736559139785,0.0,2.2881111840451585,0.46918870869805973,1.4175814985941673,Banks—Regional,Financial Services,KRNY
2016Q1,2016,Q1,2015-11-09,2015-09-30,2976000.0,24849000.0,0.0,0.03,24849000.0,1.0,4301941000.0,1163610000.0,3509027000.0,0.0,3138331000.0,0.0,343335000.0,1027597300.0,1553318300.0,12.988168322357406,0.0,0.14606220773367184,0.5400013750311531,0.0,12.988168322357406,0.002557557944672184,41.35366815566019,86.32369791666666,0.88311143768101,0.6011424731182796,0.0,0.0017409543602343056,0.005776229846016019,0.0,0.0006917807566398516,245.60164913957934,1.0,1.7500000000000002,1.3088149169938963,0.6958563296308321,1.4901451740952616,0.10626836434867777,1.8907512720742292,0.0,0.8301869912869472,0.40346386522651123,1.391555218685805,Banks—Regional,Financial Services,KRNY
2015Q4,2015,Q4,2015-06-30,2015-06-30,-3341000.0,22462000.0,0.0,-0.04,22462000.0,1.0,4237187000.0,1167375000.0,3448894000.0,0.0,3069812000.0,0.0,342148000.0,996242040.0,1227605040.0,13.07704802338998,0.0,0.13487698324383607,0.48955905343184497,0.0,13.07704802338998,-0.0028619766570296607,44.3523301575995,-74.54669560011972,0.8534036106649534,0.0,0.0,0.0,0.0053011585280517476,0.0,-0.0007884948197943589,-207.3776103247294,1.0,-1.9202595131827176,-2.7428604818122153,0.5181652847682389,1.5214733057805425,-0.051876239922333374,-1.8615265600825168,0.0,-3.857687220526147,0.19885000489688412,1.4332040531423715,Banks—Regional,Financial Services,KRNY
2015Q3,2015,Q3,2015-03-31,2015-03-31,3878000.0,23691000.0,0.0,0.043466,23691000.0,1.0,3713729000.0,495741000.0,2925041000.0,0.0,3217988000.0,0.0,345325000.0,914500033.3844,1463124033.3844,5.3538941866194145,0.0,0.1802985624422245,1.3506649641647555,0.0,5.3538941866194145,0.007822633189508231,38.60115796650205,58.954360068617845,1.844713334955955,0.0,0.0,0.0,0.006379302313119778,0.0,0.0010442334376040902,57.27438049629862,1.0,1.0,1.10519163207651,0.5692909903722655,0.040717921914380034,0.11272368606453431,0.7879207007837713,0.0,1.7512398714693895,0.30901862139364605,0.00693735158402895,Banks—Regional,Financial Services,KRNY
2015Q2,2015,Q2,2014-12-31,2014-12-31,2169000.0,21291000.0,0.0,0.021733,21291000.0,1.0,3547869000.0,493234000.0,2759330000.0,0.0,3054635000.0,0.0,341447000.0,925447760.0,1392013760.0,5.329679548848873,0.0,0.15868736979860304,1.1414501027909674,0.0,5.329679548848873,0.00439750706561186,43.46661781973604,106.66756108805902,1.8762854142252967,0.0,0.0,0.0,0.0060010671194455035,0.0,0.0006113528994447089,417.6208303249098,1.0,-0.24999137246781933,0.19526308822073615,0.448983876558946,0.0414298283247491,0.008813077469793887,-0.2579541566883339,0.0,3.577446939662794,0.27310334133707076,0.005470428568604811,Banks—Regional,Financial Services,KRNY
2015Q1,2015,Q1,2014-09-30,2014-09-30,2923000.0,21105000.0,0.0,0.028977,21105000.0,1.0,3531094000.0,491945000.0,2754735000.0,0.0,3039149000.0,0.0,339278000.0,896278725.405,1334352725.405,5.321068845347152,0.0,0.15996742086163665,1.148217788573926,0.0,5.321068845347152,0.005941721127361799,42.46760129850746,76.65743460528566,1.8219083950543251,0.0,0.0,0.0,0.0059769012096534384,0.0,0.00082778878160706,176.74595255472292,1.0,0.0,1.7132089528328562,0.5574903132764526,0.03747300149485019,0.023669787068923705,0.03322728879462708,0.0,0.44816104224354186,0.13048959349324513,0.0007877934368250946,Banks—Regional,Financial Services,KRNY
2014Q4,2014,Q4,2014-06-30,2014-06-30,2829000.0,20617000.0,0.0,0.028977,20617000.0,1.0,3510009000.0,494676000.0,2737001000.0,0.0,3015333000.0,0.0,336355000.0,1000062768.2981999,1377285768.2982,5.446486101736224,0.0,0.14594179103244465,1.0355404345470571,0.0,5.446486101736224,0.005718894791742474,48.50670651880486,88.37599578457052,2.0216520880297404,0.0,0.0,0.0,0.00587377411282991,0.0,0.0008059808393653692,93.04640568461107,1.0,0.3333179956747803,1.6263040540917133,0.546244021551163,0.07217256181902464,-0.011933288603469759,0.583986562150056,0.0,-0.2478242539221808,-0.02595193176964689,0.03332839486131119,Banks—Regional,Financial Services,KRNY
2014Q3,2014,Q3,2014-03-31,2014-03-31,1786000.0,20866000.0,0.0,0.021733,20866000.0,1.0,3370731000.0,471477000.0,2657691000.0,0.0,2899254000.0,0.0,333526000.0,974622971.5763,1320396971.5763001,5.19991172843318,0.0,0.14276013125936185,1.0206351529342894,0.0,5.19991172843318,0.003788095707743962,46.708663451370654,136.42538795860864,2.0671697062132406,0.0,0.0,0.0,0.006190348621708466,0.0,0.0005298553933849957,298.32352971420266,1.0,-0.39998895668258755,0.417591121666916,0.60046292705477,0.02097728626838456,0.022642619094295238,-0.40207566119852695,0.0,-0.3217070737843698,0.08979900325692301,0.0042644343662361734,Banks—Regional,Financial Services,KRNY
2014Q2,2014,Q2,2013-12-31,2013-12-31,2987000.0,20404000.0,0.0,0.036221,20404000.0,1.0,3259026000.0,464515000.0,2603725000.0,0.0,2794511000.0,0.0,331740000.0,767875707.7811999,1011451707.7811999,5.116662414484827,0.0,0.12177503339954944,0.8543706877065326,0.0,5.116662414484827,0.006430362851576376,37.633586933013135,64.26813757793772,1.6530697776846819,0.0,0.0,0.0,0.006260766253475732,0.0,0.0009165315035841997,248.26243381222113,1.0,0.24999137246781944,0.38384612812960284,0.46863784346356285,0.016178022968876188,0.017300693024879094,0.15506573859242073,0.0,609.9815683657764,0.2495232877789515,-0.006920059946903622,Banks—Regional,Financial Services,KRNY
2014Q1,2014,Q1,2013-09-30,2013-09-30,2586000.0,20057000.0,0.0,0.028977,20057000.0,1.0,3237770000.0,469259000.0,2580781000.0,0.0,2768511000.0,0.0,328753000.0,676509889.9657999,975441889.9657999,5.155669445536597,0.0,0.12882879265667418,0.8888865210896328,0.0,5.155669445536597,0.005510815988611833,33.729365805743626,65.40118812507734,1.441655652775546,0.0,0.0,0.0,0.006194695731938958,0.0,0.0007986978692124518,126.71097395875631,1.0,0.3333179956747803,0.5465181888947203,0.5366354981793507,0.026509420973666275,0.06262251655629139,0.3433766233766234,0.0,0.9747708325938466,0.3473427997997492,-0.01153379980964614,Banks—Regional,Financial Services,KRNY
2013Q4,2013,Q4,2013-06-30,2013-06-30,1925000.0,18875000.0,0.0,0.021733,18875000.0,1.0,3145360000.0,467707000.0,2489638000.0,0.0,2677653000.0,0.0,326167000.0,685982623.2171,846643623.2171,5.132157553188937,0.0,0.0914664776051072,0.6151180119177178,0.0,5.132157553188937,0.004115824650903236,36.34345023666755,89.08865236585714,1.466693086092575,0.0,0.0,0.0,0.006000902917313122,0.0,0.0006120126154080932,105.3089688696807,1.0,0.0,1.4254381474156341,0.6093890703611597,0.03139359104762549,-0.31153341114677563,0.10378440366972477,0.0,-0.01634305814609729,0.24963843441018146,-0.010434293100402533,Banks—Regional,Financial Services,KRNY
2013Q3,2013,Q3,2013-03-31,2013-03-31,1744000.0,27416000.0,0.0,0.021733,27416000.0,1.0,2866549000.0,483728000.0,2435861000.0,0.0,2382821000.0,0.0,324242000.0,669318764.8124,642625764.8124,5.298165510411076,0.0,0.06391169311949665,0.37873763768068003,0.0,5.298165510411076,0.0036053319220719082,24.413436125342866,95.94592385498852,1.3836676082682828,0.0,0.0,0.0,0.0095641135037287,0.0,0.0006083970656004834,59.132323068504284,1.0,0.499965491062185,-0.323046053573843,1.316231494752363,0.05156238702864261,0.4998632310301439,0.4817332200509771,0.0,-0.03984873096731187,0.8417620899874845,0.029885090694157016,Banks—Regional,Financial Services,KRNY
2013Q2,2013,Q2,2012-12-31,2012-12-31,1177000.0,18279000.0,0.0,0.014489,18279000.0,1.0,2897607000.0,491787000.0,2591217000.0,0.0,2405820000.0,0.0,322498000.0,647866566.6735001,703020566.6735001,5.3826090397058906,0.0,0.08356723323763368,0.49237779770510404,0.0,5.3826090397058906,0.0023933125519788037,35.443217171262106,137.60972104364913,1.3173722905922687,0.0016992353440951572,0.0,3.0870554260410285e-06,0.006308308890750195,0.0,0.00040619725173220524,140.20051215613506,1.0,-0.33331799567478027,-0.11076263026286401,0.5409146822394737,0.07968373638021936,0.011286307053941909,-0.29096385542168673,0.0,-0.34302609541036866,0.26004955844734773,0.05177235456320674,Banks—Regional,Financial Services,KRNY
2013Q1,2013,Q1,2012-09-30,2012-09-30,1660000.0,18075000.0,0.0,0.021733,18075000.0,1.0,2920099000.0,496704000.0,1548059000.0,0.0,2423395000.0,0.0,321321000.0,643876865.28,706091865.28,5.430846095828219,0.0,0.08571147759031457,0.5038936670532148,0.0,5.430846095828219,0.0033420306661512693,35.622509835684646,96.96940742168675,1.2962989331271744,0.0012048192771084338,0.0,3.1061839737482547e-06,0.0061898586315053015,0.0,0.0005684738770843044,100.18311269332503,1.0,0.499965491062185,0.671537646539345,0.5513610674093904,0.09800752559742051,-0.05854471587061826,0.38564273789649417,0.0,0.5575787918328785,0.3483598583095314,0.05887677146336569,Banks—Regional,Financial Services,KRNY
2012Q4,2012,Q4,2012-06-30,2012-06-30,1198000.0,19199000.0,0.0,0.014489,19199000.0,1.0,2937006000.0,491617000.0,1511280000.0,0.0,2445389000.0,0.0,319661000.0,644641802.6178,738834802.6178,5.374414861138165,0.0,0.08504477008218574,0.5080723408669757,0.0,5.374414861138165,0.002436856333283837,33.57684268023335,134.52458318401503,1.3112683300573413,1.01669449081803,0.0,0.0018894213733175117,0.006536929103992297,0.0,0.00040789838359199813,64.5804250268283,1.0,0.0,4.697004453425335,0.7187817600946956,0.1067833830578638,0.07419011917417333,-0.13936781609195403,0.0,0.10427594147331068,0.42968350627356344,0.05798491767156903,Banks—Regional,Financial Services,KRNY
2012Q3,2012,Q3,2012-03-31,2012-03-31,1392000.0,17873000.0,0.0,0.014489,17873000.0,1.0,2910072000.0,486197000.0,1424740000.0,0.0,2423875000.0,0.0,318463000.0,648404921.9833001,783920921.9833001,5.317008231144787,0.0,0.08510029992385068,0.5093573181241349,0.0,5.317008231144787,0.0028630369994055906,36.27846035826666,116.45203340217314,1.3336259211457497,0.5208333333333334,0.0,0.001118128464821667,0.006141772437245539,0.0,0.00047833868028007557,62.696279441433,1.0,1.829789219725532,4.992506141200159,0.5864448136874992,0.0695402198986182,0.0774656378104654,1.9617021276595745,0.0,0.09554031362335892,0.3593255155286633,0.04396861300885576,Banks—Regional,Financial Services,KRNY
2012Q2,2012,Q2,2011-12-31,2011-12-31,470000.0,16588000.0,0.0,0.005120169339469504,16588000.0,1.0,2862780000.0,486570000.0,1429700000.0,0.0,2376210000.0,0.0,318286000.0,634212813.0349,725592813.0349,5.300682543629099,0.0,0.08314016445552924,0.48916291592165567,0.0,5.300682543629099,0.0009659452905029081,38.23322962592838,337.34724097601065,1.3034359147397085,1.5936170212765957,0.0,0.0011809915924211759,0.005794367712503231,0.0,0.00016417608059299003,147.35427812149163,1.0,-0.7644057728123358,-0.10510538638551703,0.44500544234862294,0.07529285421161194,-0.11127779266005894,-0.7670961347869177,0.0,-0.7846475169993161,0.18084493699414975,0.052724739533746914,Banks—Regional,Financial Services,KRNY
2012Q1,2012,Q1,2011-09-30,2011-09-30,2018000.0,18665000.0,0.0,0.021733,18665000.0,1.0,2910037000.0,491455000.0,1582611000.0,0.0,2418582000.0,0.0,318586000.0,594260768.8524,551921768.8524,5.3168802419881285,0.0,0.0851504637226262,0.5041987567529072,0.0,5.3168802419881285,0.004106174522591081,31.838241031470663,73.62001596288405,1.2091865355981728,0.37908820614469774,0.0,0.0012873136510042908,0.006414007794402614,0.0,0.000693461973163915,54.359748339956084,1.0,-0.4751798528690321,1.2700670388673192,0.586381912724472,0.04956358585535972,-0.13471790830281397,-0.47351943647273675,0.0,0.18836086134204008,0.40810015988433,0.05860697941264455,Banks—Regional,Financial Services,KRNY
2011Q4,2011,Q4,2011-06-30,2011-06-30,3833000.0,21571000.0,0.0,0.04141037671439959,21571000.0,1.0,2904136000.0,487874000.0,1543257000.0,0.0,2416262000.0,0.0,317354000.0,613265164.7954999,638327164.7954999,5.2708181917978045,0.0,0.08527217733604762,0.5075941739055576,0.0,5.2708181917978045,0.007856536728745537,28.430075786727546,39.999032402524136,1.2570154687388546,0.20114792590660058,0.0,0.001257204948624627,0.007427682450133189,0.0,0.0013198417704955966,53.0185151547938,1.0,0.4290774308727469,1.1681588631759618,0.7211739128258268,0.052410453458099936,0.1036017599508851,0.4259672619047619,0.0,3.754912625013621,0.8108756029147872,0.05925978426355544,Banks—Regional,Financial Services,KRNY
2011Q3,2011,Q3,2011-03-31,2011-03-31,2688000.0,19546000.0,0.0,0.028977,19546000.0,1.0,2893928000.0,479267000.0,1550070000.0,0.0,2414661000.0,0.0,314322000.0,675188701.9245,721862701.9245,5.17783120709109,0.0,0.08809134159522973,0.5319164474082296,0.0,5.17783120709109,0.0056085647457471514,34.54357423127494,62.796568259347104,1.4087944755731148,0.2619047619047619,0.0,0.0010426714753866272,0.00675414177546919,0.0,0.0009288413533439671,68.98832143910289,1.0,537.3339948304,0.16367294450655398,0.45541177207628697,0.008949417061620073,0.17421602787456447,538.6,0.0,0.029172032353587334,0.6288527793591443,0.0276788320525024,Banks—Regional,Financial Services,KRNY
2011Q2,2011,Q2,2010-12-31,2010-12-31,-5000.0,16646000.0,0.0,-5.402790104543556e-05,16646000.0,1.0,2881195000.0,476820000.0,1506281000.0,0.0,2404375000.0,0.0,312442000.0,578821301.492,703695301.492,5.152316755296917,0.0,0.08857505305958117,0.5352166435971646,0.0,5.152316755296917,-1.0486137326454427e-05,34.77239586038688,-28941.065074600003,1.2139199309844386,-160.0,0.0,0.0013821191409816437,0.0057774638648199796,0.0,-1.7353910443409766e-06,401.68029249965304,1.0,-1.0037288909548925,-1.002277999993648,0.34606579842898344,-0.0022030212770211203,0.09686346863468635,-1.00374531835206,0.0,-1.0037294393276206,0.3853782020346769,0.03348999794295728,Banks—Regional,Financial Services,KRNY
2011Q1,2011,Q1,2010-09-30,2010-09-30,1335000.0,15176000.0,0.0,0.014489,15176000.0,1.0,2376272000.0,483972000.0,1154130000.0,0.0,1892300000.0,0.0,313379000.0,595873087.3326,686789087.3326,5.2158277587475865,0.0,0.08837372152682858,0.433909399717339,0.0,5.2158277587475865,0.0027584240410602266,39.26417286060886,111.58672047426965,1.2312139696771716,0.6119850187265917,0.0,0.001371097331576536,0.006386474275672145,0.0,0.0005618043725634103,137.51975244232634,1.0,-0.3252774434145129,-0.5239073477164096,0.19659315818057305,0.010924338643912934,-0.022731663339558245,-0.3364811133200795,0.0,0.32502022298342437,0.28388187253001396,0.05453515534606418,Banks—Regional,Financial Services,KRNY
2010Q4,2010,Q4,2010-06-30,2010-06-30,2012000.0,15529000.0,0.0,0.021474011589775938,15529000.0,1.0,2339813000.0,485926000.0,1232909000.0,0.0,1853887000.0,0.0,312844000.0,624175019.37,652753019.37,5.186272642034524,0.0,0.08975076213355512,0.4321645682675963,0.0,5.186272642034524,0.004140548149306684,40.19415412260931,77.55653819209742,1.2845063227116886,0.4194831013916501,0.0,0.001352184842084639,0.006636855167485607,0.0,0.0008598977781557757,139.66771523159542,1.0,-0.011916827415638027,-0.7396845086981445,-0.23924651124578208,0.005455337684168029,0.01656192720607489,0.07939914163090128,0.0,8.341113067700071,0.35727087305962446,0.0680382010918696,Banks—Regional,Financial Services,KRNY
2010Q3,2010,Q3,2010-03-31,2010-03-31,1864000.0,15276000.0,0.0,0.021733,15276000.0,1.0,2251900000.0,482005000.0,1152037000.0,0.0,1769895000.0,0.0,311649000.0,710720767.5749999,814035767.5749999,5.144423934557629,0.0,0.09325458501709667,0.43568012779950416,0.0,5.144423934557629,0.0038671798010394085,46.525318641987425,95.32199135930794,1.4745091183182748,0.6126609442060086,0.0,0.0016068195163292294,0.00678360495581509,0.0,0.0008277454593898486,109.69605920280907,1.0,0.0,-0.49043535900912505,0.15728446337791868,0.005329421872587007,0.024753471523445363,0.012493210211841391,0.0,6.831506440785559,0.32332742344852233,0.03482410916520773,Banks—Regional,Financial Services,KRNY
2010Q2,2010,Q2,2009-12-31,2009-12-31,1841000.0,14907000.0,0.0,0.021733,14907000.0,1.0,2203237000.0,480486000.0,1269478000.0,0.0,1722751000.0,0.0,310629000.0,687597468.3816,695077468.3816,5.117655941756758,0.0,0.0953143034544173,0.4370574793022065,0.0,5.117655941756758,0.0038315372352160106,46.12581125522238,93.37282297414448,1.4310457919306703,0.4627919608908202,0.0,0.0012390970577674679,0.006765953912357136,0.0,0.0008355887269503917,-595.3224834472727,1.0,0.499965491062185,-0.3831997037547187,0.2199296686634039,0.7001538099607586,0.08233500326726204,0.6812785388127854,0.0,2.427138887479674,0.26960781735754913,0.03816420228724701,Banks—Regional,Financial Services,KRNY
2010Q1,2010,Q1,2009-09-30,2009-09-30,1095000.0,13773000.0,0.0,0.014489,13773000.0,1.0,2164649000.0,481957000.0,1213966000.0,0.0,1682692000.0,0.0,309930000.0,712118520.5918,800513520.5918,5.1288745226914365,0.0,0.0970134188036952,0.43572351890313865,0.0,5.1288745226914365,0.002271986919994937,51.703951251855074,162.58413712141552,1.4775561317540775,0.7808219178082192,0.0,0.0012006428358153915,0.006362694367539495,0.0,0.000505855683762125,424.3852923669845,1.0,0.22167281424708002,-0.7842449730807763,-0.22533269534546396,0.0,-0.0002903389707483487,-0.016172506738544475,0.0,0.21163637085024956,0.15146028733123867,0.012450852837967676,Banks—Regional,Financial Services,KRNY
2009Q4,2009,Q4,2009-06-30,2009-06-30,1113000.0,13777000.0,0.0,0.011859967604280043,13777000.0,1.0,2124921000.0,476720000.0,1291030000.0,0.0,1648201000.0,0.0,309687000.0,780791340.1600001,779266340.1600001,5.079859619328286,0.0,0.0988272034583874,0.4405101527101863,0.0,5.079859619328286,0.0023347038093639873,56.67353851781956,175.37990569631629,1.6378405356603456,0.7592093441150045,0.0,0.001082235363710415,0.006483535152600967,0.0,0.0005237841783294532,192.1238533858268,1.0,-0.18145023091448387,-0.7721860473777616,-0.19206333393294836,0.21645327712393156,0.020972283978064325,-0.1464723926380368,0.0,-0.3790374317155644,0.08424420822958802,0.014282255798561612,Banks—Regional,Financial Services,KRNY
2009Q3,2009,Q3,2009-03-31,2009-03-31,1304000.0,13494000.0,0.0,0.014489,13494000.0,1.0,2109391000.0,477960000.0,1262967000.0,0.0,1631431000.0,0.0,309264000.0,715268682.2634001,753399682.2634001,5.093072880630449,0.0,0.09955480041395834,0.43936731107205623,0.0,5.093072880630449,0.002728261779228387,53.00642376340596,137.1297320290261,1.4965032267624907,2.0529141104294477,0.0,0.003742649533499617,0.006397107032314066,0.0,0.0006181879035228651,117.18032147172347,1.0,-0.33331799567478027,-0.7355486136325079,-0.19702773877530122,0.0,-0.06324192988545643,-0.41733690795352996,0.0,-0.4432025464725156,-0.008970297452662663,-0.007566545057126974,Banks—Regional,Financial Services,KRNY
2009Q2,2009,Q2,2008-12-31,2008-12-31,2238000.0,14405000.0,0.0,0.021733,14405000.0,1.0,2055232000.0,473961000.0,1212977000.0,0.0,1581271000.0,0.0,308830000.0,876260705.0316001,1002764705.0316001,5.035202788125582,0.0,0.10461106094105191,0.45362382136926876,0.0,5.035202788125582,0.004721907498718249,60.83031621184312,97.88435042801609,1.848803393172856,0.0,0.0,0.0,0.007008941083050478,0.0,0.0010889281599352288,301.1205171929897,1.0,0.0,-0.49514614908188237,-0.09010216813242235,0.0,0.06302117924876392,0.2891705069124424,0.0,0.002466951108208509,0.14523847353216596,-0.024883296609411226,Banks—Regional,Financial Services,KRNY
2009Q1,2009,Q1,2008-09-30,2008-09-30,1736000.0,13551000.0,0.0,0.021733,13551000.0,1.0,2057708000.0,474598000.0,1201687000.0,0.0,1583110000.0,0.0,307468000.0,841165807.9218,980341807.9218,5.022525210383684,0.0,0.10594311729361017,0.4593361118251657,0.0,5.022525210383684,0.003657832523525173,62.074076298560996,121.13562902099655,1.7723753743627237,0.0,0.0,0.0,0.00658548248828308,0.0,0.0008436571175307673,177.08753850985264,1.0,1.4954739434545452,-0.6598433508508806,-0.2420501623825989,0.0,0.11155770650479863,1.1042424242424242,0.0,-0.3920705943886695,0.04918907436047309,-0.026541287120900262,Banks—Regional,Financial Services,KRNY
2008Q4,2008,Q4,2008-06-30,2008-06-30,825000.0,12191000.0,0.0,0.008708966910676085,12191000.0,1.0,2083039000.0,471371000.0,1201620000.0,0.0,1611668000.0,0.0,307186000.0,757839600.0,844116600.0,4.97594477776036,0.0,0.10465478562811353,0.46248072113048955,0.0,4.97594477776036,0.001750213738223183,62.16385858420146,229.64836363636363,1.6077348839873473,0.0,0.0,0.0,0.0058525068421666614,0.0,0.0003960559547852921,184.25470459518598,1.0,-0.6994524308701354,-0.8327125131048919,-0.2917503896594037,0.19156921357891715,-0.007328393453301848,-0.691358024691358,0.0,-0.894426852169362,-0.4092995807125947,-0.035320627714212856,Banks—Regional,Financial Services,KRNY
2008Q3,2008,Q3,2008-03-31,2008-03-31,2673000.0,12281000.0,0.0,0.028977,12281000.0,1.0,2060039000.0,477285000.0,1141325000.0,0.0,1582754000.0,0.0,307273000.0,754391429.8199999,822577429.8199999,5.0383748751054975,0.0,0.10582323926877113,0.4567501597577967,0.0,5.0383748751054975,0.005600427417580691,61.42752461688787,70.55662456228956,1.5805890187623746,0.7040778151889263,0.0,0.0024947261138014926,0.0059615376213751296,0.0,0.0012975482503001156,230.63021394680524,1.0,0.9999309821243701,-0.46297862899014125,-0.2760344148063768,0.0,-0.004135582225105417,0.9425872093023255,0.0,-0.2772637794867428,-0.0797799542878418,-0.01539481100273317,Banks—Regional,Financial Services,KRNY
2008Q2,2008,Q2,2007-12-31,2007-12-31,1376000.0,12332000.0,0.0,0.014489,12332000.0,1.0,2030886000.0,473522000.0,1181858000.0,0.0,1557364000.0,0.0,305517000.0,822719964.1933999,876473964.1933999,4.985357154449496,0.0,0.11234751729048308,0.4818466723826982,0.0,4.985357154449496,0.0029058839927183955,66.71423647367823,149.4767376804869,1.737448237237974,0.0,0.0,0.0,0.006072226604545997,0.0,0.000677536799209803,262.7658780560204,1.0,0.34157407407407403,-0.6923862233190861,-0.22804027929477533,0.0,0.020523005627275735,0.3359223300970874,0.0,-0.5443042400522485,-0.0024289741323593084,0.6562023818355578,Banks—Regional,Financial Services,KRNY
2008Q1,2008,Q1,2007-09-30,2007-09-30,1030000.0,12084000.0,0.0,0.0108,12084000.0,1.0,1950471000.0,469178000.0,1107472000.0,0.0,1481293000.0,0.0,305066000.0,904426718.7815,900192718.7815,4.946091870247722,0.0,0.06579333914731365,0.2735166610540136,0.0,4.946091870247722,0.0021953288517364412,74.84497838310989,219.52104824793687,1.9276835631284928,0.0,0.0,0.0,0.006195426643103128,0.0,0.0005280775771595681,210.52763472567503,1.0,3.6979587726027403,-0.7989543012348753,-0.32670071520792227,0.0,0.038769019169603715,3.7031963470319633,0.0,-0.7989543012348753,-0.32670071520792227,0.0,Banks—Regional,Financial Services,KRNY
2007Q4,2007,Q4,2007-06-30,2007-06-30,219000.0,11633000.0,0.0,0.002298870748500979,11633000.0,1.0,1917253000.0,462592000.0,1066973000.0,0.0,1454661000.0,0.0,304970000.0,933245856.2096,798392856.2096,4.855886836943219,0.0,0.014858758859681012,0.06158342556723852,0.0,4.855886836943219,0.000473419341449917,80.22400551960801,1065.349150924201,2.0174275737790537,0.0,0.0,0.0,0.006067535166198723,0.0,0.00011422592636443912,303.5933169191932,1.0,-0.09135654598657737,-0.9558417991298178,-0.3279578871455582,0.16281942785726475,-0.008860867342591804,-0.09504132231404959,0.0,-0.9558417991298178,-0.3279578871455582,0.16281942785726475,Banks—Regional,Financial Services,KRNY
2007Q3,2007,Q3,2007-03-31,2007-03-31,242000.0,11737000.0,0.0,0.00253000309235378,11737000.0,1.0,2007739000.0,473587000.0,1135457000.0,0.0,1534152000.0,0.0,305675000.0,996291679.9448,779650679.9448,4.971302745070014,0.0,0.03030473582472622,0.12847481033052005,0.0,4.971302745070014,0.0005109937561630704,84.8846962549885,1029.2269420917355,2.1037141643347472,0.0,0.0,0.0,0.005845879369778642,0.0,0.00012053359525316786,252.16190330164517,1.0,-0.650745017620958,-0.9516534238042265,-0.311983200721985,0.0,-0.01831716293074607,-0.5575868372943327,0.0,-0.9516534238042265,-0.311983200721985,0.0,Banks—Regional,Financial Services,KRNY
2007Q2,2007,Q2,2006-12-31,2006-12-31,547000.0,11956000.0,0.0,0.007244,11956000.0,1.0,2018030000.0,471281000.0,1121472000.0,0.0,1546749000.0,0.0,306387000.0,,,,,,,,,,,,,,,,,,,,,,,,,,,,,,,Banks—Regional,Financial Services,KRNY
2007Q1,2007,Q1,2006-09-30,2006-09-30,926000.0,12256000.0,0.0,0.007244,12256000.0,1.0,2027697000.0,487757000.0,1011245000.0,0.0,1539940000.0,0.0,306734000.0,,,,,,,,,,,,,,,,,,,,,,,,,,,,,,,Banks—Regional,Financial Services,KRNY
