Quarters,Year,Quarter,FillingDate,Date,NetIncome,Revenue,OperatingIncome,EPSDiluted,GrossProfit,GrossProfitRatio,TotalAssets,CommonStockEquity,CurrentAssets,CurrentLiability,TotalLiability,Inventory,RetainedEarnings,MarketCap,EnterpriseValue,bookValuePerShare,currentRatio,debtToAssets,debtToEquity,roic,shareholdersEquityPerShare,roe,priceToSalesRatio,peRatio,pbRatio,payoutRatio,inventoryTurnover,dividendYield,assetTurnover,quickRatio,returnOnAssets,priceToFreeCashFlowsRatio,grossProfitMargin,epsdilutedGrowth,fiveYNetIncomeGrowthPerShare,fiveYRevenueGrowthPerShare,fiveYShareholdersEquityGrowthPerShare,grossProfitGrowth,netIncomeGrowth,operatingIncomeGrowth,threeYNetIncomeGrowthPerShare,threeYRevenueGrowthPerShare,threeYShareholdersEquityGrowthPerShare,Industry,Sector,Symbol
2023Q1,2023,Q1,2023-05-11,2023-04-01,82000000.0,8542000000.0,187000000.0,0.32,1425000000.0,0.1668227581,13038000000.0,4552000000.0,4094000000.0,3052000000.0,8486000000.0,1625000000.0,1085000000.0,8348439999.999999,13065440000.0,20.141592920353983,1.3414154652686763,0.3841846909035128,1.1003954305799648,0.014988851711636154,20.141592920353983,0.018014059753954304,0.9773402013579957,25.452560975609753,1.8340158172231984,0.08536585365853659,4.3796923076923076,0.0008384800034497463,0.6551618346372143,0.762778505897772,0.006289308176100629,38.295596330275224,0.16682275813626785,-0.13513513513513511,-0.24669195111672987,0.2616181777038848,0.2344299287706406,-0.019944979367262722,-0.11827956989247312,0.6260869565217392,0.2585730088495576,0.06347454490393362,0.06920938027704064,Food Distribution,Consumer Defensive,USFD
2022Q4,2022,Q4,2023-02-17,2022-12-31,93000000.0,8515000000.0,115000000.0,0.37,1454000000.0,0.1707574868,12773000000.0,4495000000.0,3820000000.0,2796000000.0,8278000000.0,1616000000.0,1010000000.0,7650677750.940001,12468677750.94,19.987758598408032,1.3662374821173104,0.39372113050966884,1.1187986651835373,0.008587864412114711,19.987758598408032,0.020689655172413793,0.8984941574797417,20.56633804016129,1.7020417688409344,0.10752688172043011,4.369430693069307,0.0013070737424238459,0.666640569952243,0.7364091559370529,0.007280983324199484,86.93951989704546,0.17075748678802113,-0.13953488372093023,-0.10174070940040554,0.3595302578413403,0.3427321193851034,-0.00410958904109589,-0.14678899082568808,-0.46261682242990654,10.127389962419768,0.3615118498548495,0.08954601510732388,Food Distribution,Consumer Defensive,USFD
2022Q3,2022,Q3,2022-11-10,2022-10-01,109000000.0,8917000000.0,214000000.0,0.43,1460000000.0,0.1637321969,13242000000.0,4461000000.0,4298000000.0,3170000000.0,8781000000.0,1761000000.0,927000000.0,5949000000.0,10739000000.0,19.826666666666668,1.3558359621451104,0.3893671650808035,1.1557946648733468,0.01574997738042347,19.826666666666668,0.02443398341179108,0.6671526298082314,13.644495412844037,1.3335574983187626,0.08256880733944955,4.234525837592277,0.0015128593040847202,0.6733877057846247,0.7608832807570978,0.00823138498716206,20.097972972972972,0.16373219692721766,0.5925925925925924,0.5478174370350563,0.4639481437649125,0.49841655182139477,0.05567606652205351,0.5571428571428572,0.4266666666666667,1.8037373737373739,0.3691770521112688,0.21218313791178117,Food Distribution,Consumer Defensive,USFD
2022Q2,2022,Q2,2022-08-11,2022-07-02,70000000.0,8827000000.0,150000000.0,0.27,1383000000.0,0.1566783732,13033000000.0,4338000000.0,4121000000.0,3016000000.0,8695000000.0,1793000000.0,827000000.0,7008960000.0,12033960000.0,19.366071428571427,1.3663793103448276,0.40067520908463133,1.2037805440295066,0.011561330103501433,19.366071428571427,0.016136468418626097,0.7940364789849326,25.032,1.6157123098201938,0.12857142857142856,4.15170105967652,0.001284070675249966,0.6772807488682575,0.7208222811671088,0.005370981355021867,233.632,0.15667837317321853,9.598726114649683,-0.4627232630065401,0.38100967181936285,0.38402691525072785,0.15732217573221757,11.0,3.411764705882353,1.7472826086956523,0.9011787280701755,0.06753588431112854,Food Distribution,Consumer Defensive,USFD
2022Q1,2022,Q1,2022-05-12,2022-04-02,-7000000.0,7798000000.0,34000000.0,-0.0314,1195000000.0,0.1532444216,12960000000.0,4256000000.0,4050000000.0,3029000000.0,8704000000.0,1826000000.0,766000000.0,8373649999.999999,13390650000.0,19.08520179372197,1.3370749422251569,0.4017746913580247,1.2234492481203008,0.00167670576631794,19.08520179372197,-0.001644736842105263,1.0738202103103358,-299.05892857142857,1.9674929511278196,-1.2857142857142858,3.6161007667031764,0.0010748001170337905,0.6016975308641975,0.6758005942555299,-0.0005401234567901234,97.36802325581394,0.15324442164657603,-1.0765853658536586,-1.0594985690058196,0.2311559696460336,0.31384563382521646,-0.1781292984869326,-1.075268817204301,-0.7518248175182481,-1.8638383195067265,0.3164376031880893,0.04754664325123838,Food Distribution,Consumer Defensive,USFD
2021Q4,2021,Q4,2022-02-17,2022-01-01,93000000.0,8515000000.0,137000000.0,0.41,1454000000.0,0.1707574868,12773000000.0,3961000000.0,3820000000.0,2796000000.0,8278000000.0,1616000000.0,1010000000.0,7801920000.0,12507920000.0,17.683035714285715,1.3662374821173104,0.38002035543725043,1.2254481191618278,0.011030548064394645,17.683035714285715,0.02347891946478162,0.9162560187903699,20.972903225806448,1.969684423125473,0.10752688172043011,4.369430693069307,0.001281735777859809,0.666640569952243,0.7364091559370529,0.007280983324199484,22.419310344827586,0.17075748678802113,14.05732484076433,-0.6412575871916851,0.404965937224841,0.42426763141545015,0.21673640167364017,14.285714285714286,-0.035211267605633804,-0.09033702741979087,0.1995195794499927,0.043168670320504275,Food Distribution,Consumer Defensive,USFD
2021Q3,2021,Q3,2021-11-08,2021-10-02,-7000000.0,7798000000.0,142000000.0,-0.0314,1195000000.0,0.1532444216,12960000000.0,4256000000.0,4050000000.0,3029000000.0,8704000000.0,1826000000.0,766000000.0,8081520000.0,13098520000.0,19.08520179372197,1.3370749422251569,0.4017746913580247,1.2234492481203008,0.007002712318151396,19.08520179372197,-0.001644736842105263,1.0363580405232111,-288.6257142857143,1.898853383458647,-1.2857142857142858,3.6161007667031764,0.0011136518872687316,0.6016975308641975,0.6758005942555299,-0.0005401234567901234,39.61529411764706,0.15324442164657603,-1.1162962962962961,-1.2591231409599515,0.33728808939426846,0.6410839020677949,-0.13593637020968907,-1.1272727272727272,0.14516129032258066,-1.0959388618707762,0.258197370387527,0.25120507227724104,Food Distribution,Consumer Defensive,USFD
2021Q2,2021,Q2,2021-08-09,2021-07-03,55000000.0,8827000000.0,124000000.0,0.27,1383000000.0,0.1566783732,13033000000.0,4338000000.0,4121000000.0,3016000000.0,8695000000.0,1793000000.0,827000000.0,8438080000.0,13463080000.0,19.366071428571427,1.3663793103448276,0.40067520908463133,1.2037805440295066,0.009557366218894518,19.366071428571427,0.012678653757491932,0.9559397303727201,38.354909090909096,1.9451544490548642,0.16363636363636364,4.15170105967652,0.001066593348249839,0.6772807488682575,0.7208222811671088,0.004220056778945753,649.0830769230769,0.15667837317321853,-0.3720930232558139,-0.16444025381051328,0.4252953640012087,0.6381011035612272,-0.05273972602739726,-0.4954128440366973,-0.4205607476635514,-0.5736038673951414,0.3333171659164986,0.22905489706799745,Food Distribution,Consumer Defensive,USFD
2021Q1,2021,Q1,2021-05-10,2021-04-03,109000000.0,8917000000.0,214000000.0,0.43,1460000000.0,0.1637321969,13242000000.0,4461000000.0,4298000000.0,3170000000.0,8781000000.0,1761000000.0,927000000.0,8514000000.000001,13304000000.0,19.826666666666668,1.3558359621451104,0.3893671650808035,1.1557946648733468,0.01574997738042347,19.826666666666668,0.02443398341179108,0.9548054278344735,19.527522935779817,1.9085406859448555,0.08256880733944955,4.234525837592277,0.0010570824524312895,0.6733877057846247,0.7608832807570978,0.00823138498716206,65.4923076923077,0.16373219692721766,0.3870967741935484,0.13470617459669595,0.4296362577672817,0.6164151825645688,0.17552334943639292,0.5797101449275363,6.133333333333334,0.0057989417989418235,0.3228574831147178,0.21512885390310207,Food Distribution,Consumer Defensive,USFD
2020Q4,2020,Q4,2021-02-16,2021-01-02,69000000.0,7639000000.0,30000000.0,0.31,1242000000.0,0.162586726,12521000000.0,4269000000.0,3594000000.0,2550000000.0,8252000000.0,1686000000.0,782000000.0,7414260715.3,12060260715.3,19.179308020091145,1.4094117647058824,0.4371855283124351,1.282267509955493,0.0023205055339012405,19.179308020091145,0.016163035839775124,0.9705800124754549,26.863263461231888,1.73676756038885,0.14492753623188406,3.7941874258600237,0.0013487521391531447,0.6100950403322418,0.9576470588235294,0.0055107419535180896,-47.833940098709675,0.162586726011258,3.818181818181818,-0.10986008480285403,0.3340681954862378,0.6681173466817248,0.2382851445663011,3.875,-0.7029702970297029,-0.3266509688453213,0.23229054162626034,0.288422250016959,Food Distribution,Consumer Defensive,USFD
2020Q3,2020,Q3,2020-11-02,2020-09-26,-24000000.0,6295000000.0,101000000.0,-0.11,1003000000.0,0.1593328038,13000000000.0,4034000000.0,4084000000.0,2571000000.0,8966000000.0,1451000000.0,622000000.0,5003579193.610001,10007579193.61,18.277072563734077,1.588486970050564,0.4550769230769231,1.4665344571145265,0.005607139387378384,18.277072563734077,-0.005949429846306396,0.7948497527577444,-52.12061660010417,1.2403518080342093,0.0,3.6471399035148173,0.0,0.48423076923076924,0.9502139245429794,-0.0018461538461538461,-19.244535360038466,0.15933280381254963,-1.4583333333333333,-4.860400129788737,-0.05891149727470825,1.8602169895295773,-0.1420017108639863,-1.4363636363636363,-0.18548387096774194,-1.347422338347337,0.05355186797216486,0.38130470990281606,Food Distribution,Consumer Defensive,USFD
2020Q2,2020,Q2,2020-08-04,2020-06-27,55000000.0,7663000000.0,124000000.0,0.24,1169000000.0,0.1525512201,13064000000.0,4107000000.0,4166000000.0,2768000000.0,8957000000.0,1560000000.0,668000000.0,4237277069.7000003,9230277069.7,18.512761547017227,1.505057803468208,0.4357011635027557,1.3859264670075482,0.008831497107101972,18.512761547017227,0.013391770148526905,0.5529527691113142,19.260350316818183,1.0317207376917459,0.0,4.162820512820513,0.0,0.586573790569504,0.8786127167630058,0.0042100428658909984,5.432406499615385,0.1525512201487668,-0.14285714285714296,4.51879368746979,0.13068506051575438,0.0,-0.05801772763900081,-0.140625,1.9841269841269842,-0.5737570497826597,0.21053386054296444,0.3230437753570038,Food Distribution,Consumer Defensive,USFD
2020Q1,2020,Q1,2020-05-05,2020-03-28,64000000.0,7890000000.0,-126000000.0,0.28,1241000000.0,0.157287706,13117000000.0,4182000000.0,4235000000.0,2852000000.0,8935000000.0,1565000000.0,723000000.0,4000440000.0,8806440000.0,18.83783783783784,1.4849228611500702,0.4252496759929862,1.3338115734098517,-0.008731440005457149,18.83783783783784,0.015303682448589193,0.5070266159695818,15.62671875,0.9565853658536585,0.140625,4.248562300319489,0.002249752527222006,0.6015094914995807,0.885343618513324,0.004879164443089121,-28.37191489361702,0.15728770595690747,7.181015452538632,6.749066864193779,0.2238939106465231,0.0,0.23115079365079366,7.4,-1.6774193548387097,-0.45356269185903614,0.25129219660914826,0.2968168354443155,Food Distribution,Consumer Defensive,USFD
2019Q4,2019,Q4,2020-02-13,2019-12-28,-10000000.0,6138000000.0,186000000.0,-0.0453,1008000000.0,0.1642228739,12423000000.0,4049000000.0,3465000000.0,1982000000.0,8374000000.0,1273000000.0,661000000.0,9219210538.91,15320210538.91,18.345033914367693,1.748234106962664,0.49834983498349833,1.529019510990368,0.007054138617616384,18.345033914367693,-0.0024697456162015314,1.5019893351107851,-230.48026347275004,2.276910481331193,0.0,4.029850746268656,0.0,0.4940835546969331,0.6533804238143289,-0.0008049585446349513,92.19210538909999,0.16422287390029325,0.9245,0.026691709383781865,0.0010155160672990016,1.4162594694353687,-0.054409005628517824,0.9242424242424242,-0.010638297872340425,-1.039148807415767,0.02784301161369304,0.47758780922125155,Food Distribution,Consumer Defensive,USFD
2019Q3,2019,Q3,2019-11-05,2019-09-28,-132000000.0,6339000000.0,188000000.0,-0.6,1066000000.0,0.1681653258,11984000000.0,3582000000.0,3923000000.0,2027000000.0,8402000000.0,1426000000.0,783000000.0,8851980000.0,13848980000.0,16.356164383561644,1.935372471632955,0.5068424566088118,1.6957007258514796,0.014363272251611933,16.356164383561644,-0.03685092127303183,1.3964316138192143,-16.765113636363637,2.471239530988275,0.0,3.697755960729313,0.0,0.5289552736982643,1.152935372471633,-0.011014686248331108,75.01677966101695,0.16816532576116106,-0.42857142857142855,-22.39834346002934,-0.044918070874893606,1.5596100847259426,0.5886736214605067,-0.43478260869565216,4.186440677966102,-5.975569978667408,0.10693787032588249,0.4064214965894249,Food Distribution,Consumer Defensive,USFD
2019Q2,2019,Q2,2019-08-06,2019-06-29,-92000000.0,4560000000.0,-59000000.0,-0.42,671000000.0,0.1471491228,13529000000.0,3991000000.0,4422000000.0,2725000000.0,9538000000.0,1332000000.0,686000000.0,7867200000.0,12560200000.0,18.14090909090909,1.6227522935779817,0.4701751792445857,1.5938361312954148,-0.004293447825275341,18.14090909090909,-0.02305186670007517,1.7252631578947368,-21.378260869565217,1.9712352793786019,0.0,2.91966966966967,0.0,0.3370537364180649,1.066788990825688,-0.006800206962820608,41.18952879581152,0.14714912280701756,-12.570247933884298,-4.935396780981861,-0.3215177571311972,0.0,-0.311088295687885,-12.5,-1.561904761904762,-2.4230756404523093,-0.250309640562842,0.5344693584874474,Food Distribution,Consumer Defensive,USFD
2019Q1,2019,Q1,2019-05-07,2019-03-30,8000000.0,5848000000.0,105000000.0,0.0363,974000000.0,0.1665526676,12796000000.0,4011000000.0,3805000000.0,2372000000.0,8785000000.0,1314000000.0,684000000.0,7685623827.059999,12612623827.06,18.21895179243553,1.6041315345699831,0.46467646139418567,1.4824233358264771,0.003883495145631068,18.21895179243553,0.0019945150835203192,1.3142311605779753,240.17574459562496,1.9161365811667912,0.0,3.7092846270928463,0.0,0.4570178180681463,0.9945193929173693,0.0006251953735542357,82.64111641999999,0.16655266757865936,-0.9135714285714286,-0.023250673429520745,-0.08525965570689165,0.0,-0.21261115602263542,-0.9198910518304895,-0.3857457923586777,-0.9148861667835447,-0.041775227761495476,0.48534248256748924,Food Distribution,Consumer Defensive,USFD
2018Q4,2018,Q4,2019-02-14,2018-12-29,99864000.0,6934000000.0,170939000.0,0.42,1237000000.0,0.178396308,11288000000.0,3709000000.0,3262000000.0,2362000000.0,7579000000.0,1432000000.0,916000000.0,6822297526.38,11861297526.380001,16.951271848351006,1.3810330228619814,0.45437632884479096,1.38285252089512,0.013920089628927833,16.951271848351006,0.026924777568077648,0.9838906152841073,17.078971216804856,1.8393900044162848,0.0,3.9783519553072626,0.0,0.614280652019844,0.7146486028789162,0.008846917080085046,68.2229752638,0.17839630804730314,0.31249999999999994,10.804695113556983,0.14070271617479715,1.2326844046046042,0.1758555133079848,0.4065352112676056,-0.08121516374718488,0.3105597292634829,0.2318676038419074,0.474334245475949,Food Distribution,Consumer Defensive,USFD
2018Q3,2018,Q3,2018-11-06,2018-09-29,71000000.0,6031000000.0,186049000.0,0.32,1052000000.0,0.1744321008,9391000000.0,3310000000.0,3081000000.0,2214000000.0,6081000000.0,1272000000.0,602000000.0,6687940000.0,10131940000.0,15.253456221198157,1.39159891598916,0.3765307209029922,1.0682779456193354,0.021203492534342668,15.253456221198157,0.021450151057401813,1.108927209418007,23.549084507042252,2.020525679758308,0.0,3.914308176100629,0.0,0.6422106271962518,0.7542908762420958,0.0075604301991268235,80.54750635304886,0.1744321008124689,-0.39622641509433965,10.61579536587056,-0.08294879544795838,1.3870449975388828,-0.07880910683012259,-0.43441166864489816,-0.09403045398545962,10.61579536587056,-0.08294879544795838,1.3870449975388828,Food Distribution,Consumer Defensive,USFD
2018Q2,2018,Q2,2018-08-01,2018-06-30,125533000.0,6443000000.0,205359000.0,0.53,1142000000.0,0.1772466242,9339000000.0,3435000000.0,3042000000.0,2216000000.0,5904000000.0,1277000000.0,718000000.0,8244760000.0,11492760000.0,15.756880733944953,1.3727436823104693,0.3580683156654888,0.9735080058224163,0.02281840979495501,15.756880733944953,0.036545269286754,1.2796461275803197,16.419507221208764,2.4002212518195054,0.0,4.15113547376664,0.0,0.6899025591605097,0.7477436823104693,0.0134418031909198,140.08597400390792,0.1772466242433649,0.10416666666666677,9.173085166710168,-0.03255126350312529,0.0,-0.012110726643598616,0.19555238095238095,0.09233510638297872,9.173085166710168,-0.03255126350312529,0.0,Food Distribution,Consumer Defensive,USFD
2018Q1,2018,Q1,2018-05-08,2018-03-31,105000000.0,6531000000.0,188000000.0,0.48,1156000000.0,0.1770019905,11526000000.0,3557000000.0,3560000000.0,2546000000.0,7969000000.0,1468000000.0,824000000.0,7143860000.000001,12204860000.0,16.31651376146789,1.3982717989002356,0.4469026548672566,1.4481304470059038,0.015742229367631297,16.31651376146789,0.029519257801518133,1.0938386158321851,17.00919047619048,2.008394714647175,0.0,3.6614441416893735,0.0,0.5666319625195211,0.7215239591516104,0.009109838625715773,53.15253379760869,0.17700199050681364,0.04347826086956513,11.946584619004945,0.03167506828757934,0.0,0.05871955379916383,0.05142994472482576,0.03468962063215133,11.946584619004945,0.03167506828757934,0.0,Food Distribution,Consumer Defensive,USFD
2017Q4,2017,Q4,2018-02-27,2017-12-30,99864000.0,6041204000.0,181697000.0,0.46,1091885000.0,0.180739634,9186000000.0,3229000000.0,2979000000.0,2076000000.0,5957000000.0,1279000000.0,531000000.0,6926155627.17,10436155627.17,14.885886998488807,1.4349710982658959,0.3934247768343131,1.1192319603592444,0.0200606234812319,14.885886998488807,0.03092722205017033,1.146485969877859,17.33897006721641,2.1449847095602355,0.0,3.8696786551993747,0.0,0.6576533855867625,0.75,0.010871325930764206,37.68762108179434,0.1807396340199735,0.48387096774193555,10.889977665781153,0.0024745526283442326,0.9606486196176188,0.10077152854998402,0.48348856900931414,-0.13757291829828033,10.889977665781153,0.0024745526283442326,0.9606486196176188,Food Distribution,Consumer Defensive,USFD
2017Q3,2017,Q3,2017-11-07,2017-09-30,67317000.0,5822521000.0,210681000.0,0.31,991927000.0,0.1703603989,9173774000.0,2845887000.0,2931112000.0,2218225000.0,6327887000.0,1207080000.0,190831000.0,5742642354.599999,9462882354.599998,13.231745633459825,1.3213772272875834,0.4148266569462034,1.3372020744323299,0.03396369233299625,13.231745633459825,0.023654136654055483,0.9862810893425716,21.32686525914702,2.017874340969968,0.0,4.00188388507804,0.0,0.634692003530935,0.7260670130397052,0.007337983255310192,69.2644025932046,0.17036039887189758,-0.46551724137931033,10.111548405759926,-0.10674687090948656,1.0706633149255045,-0.10946327747018682,-0.46375056757983957,0.42068849253177787,10.111548405759926,-0.10674687090948656,1.0706633149255045,Food Distribution,Consumer Defensive,USFD
2017Q2,2017,Q2,2017-08-09,2017-07-01,125533000.0,6158491000.0,148295000.0,0.58,1113853000.0,0.1808645982,9135255000.0,3019972000.0,2912949000.0,2099865000.0,6115283000.0,1208250000.0,316364000.0,5874812954.28,9521134954.279999,13.992554057420989,1.387207749069583,0.41011717790034324,1.2405826941441842,0.017141047886283522,13.992554057420989,0.04156760393804976,0.9539370852827421,11.699738224769582,1.9453203388243334,0.0,4.175160769708255,0.0,0.6741454945702118,0.7526464796546445,0.013741597798857284,28.103101984166088,0.18086459816211473,0.11538461538461527,9.255370993644739,-0.06596164108238595,0.0,0.00497863912986597,0.09841100397249007,1.398780349719351,9.255370993644739,-0.06596164108238595,0.0,Food Distribution,Consumer Defensive,USFD
2017Q1,2017,Q1,2017-05-09,2017-04-01,114286000.0,6152784000.0,61821000.0,0.52,1108335000.0,0.1801355289,9273902000.0,3146725000.0,3072832000.0,2208937000.0,6127177000.0,1300585000.0,430650000.0,6061136805.940001,9657255805.94,14.526213203720182,1.391090827850681,0.39726546603576357,1.1708048844433498,0.007359677759852064,14.526213203720182,0.03631903010272585,0.9851047600468341,13.258703616234708,1.926173023044594,0.0,3.8786000146088107,0.0,0.6634514792155448,0.7417259976178587,0.0123233995787318,117.8429989100595,0.18013552889228682,-0.5478260869565217,13.181072098749818,-0.021895993627125014,0.0,0.032330685603153435,-0.5543866900093188,-0.6597577285260626,13.181072098749818,-0.021895993627125014,0.0,Food Distribution,Consumer Defensive,USFD
2016Q4,2016,Q4,2017-02-28,2016-12-31,256469000.0,5995888000.0,181697000.0,1.15,1073624000.0,0.1790600492,9037158000.0,2751363000.0,2819381000.0,2002882000.0,6285795000.0,1207830000.0,123514000.0,6089749120.68,9881746120.68,12.415528742103163,1.4076620589730198,0.43275175669165017,1.4214213100924886,0.050607204330826085,12.415528742103163,0.09321525367608709,1.0156542484916329,5.936145421746878,2.2133572053851127,0.0,4.075295364413866,0.0,0.6634705291198848,0.7577470864484278,0.028379386528375402,107.48259946838928,0.17906004915368667,8.583333333333332,25.86176092874339,-0.026100771463411915,0.6352730134588991,0.08303776424683347,8.564028937947494,1.3743792797030996,25.86176092874339,-0.026100771463411915,0.6352730134588991,Food Distribution,Consumer Defensive,USFD
2016Q3,2016,Q3,2016-11-08,2016-10-01,26816000.0,5788425000.0,76524000.0,0.12,991308000.0,0.1712569481,9177596000.0,2574382000.0,2993671000.0,2095207000.0,6603214000.0,1197984000.0,-109644000.0,5226404346.93,9101409346.93,11.629631958289444,1.428818727696118,0.4387665353759307,1.5641897744779136,0.008974612334163893,11.629631958289444,0.010416480537853356,0.9029061181461279,48.72468253029908,2.030158829159775,0.0,4.004324765606219,0.0,0.6307125526118169,0.8001553068503494,0.0029218980656808167,52.306411662746825,0.17125694813355966,-0.5862068965517241,3.3006818418340083,-0.13718560478563238,0.819945223343786,-0.05952379822949407,-0.5903327324391213,-0.39060633570643605,3.3006818418340083,-0.13718560478563238,0.819945223343786,Food Distribution,Consumer Defensive,USFD
2016Q2,2016,Q2,2016-08-09,2016-07-02,65458000.0,6158654000.0,125574000.0,0.29,1054049000.0,0.1711492479,9208096000.0,2633458000.0,3021523000.0,2213066000.0,6574638000.0,1236167000.0,-44186000.0,5453018654.4,9192127654.4,11.822268714958827,1.365310840255103,0.42235452367134313,1.4767962883782464,0.01490130519762633,11.822268714958827,0.02485629161353627,0.8854237718826223,20.826402633749883,2.070668548501628,0.0,4.129381386171933,0.0,0.668830342342217,0.7559819725213799,0.00710874430501159,40.66715878558271,0.1711492478713693,-0.30952380952380953,5.1708231187875295,-0.09498336969654486,0.0,-0.04051933345591783,-0.31494175885129405,-0.3391885491764458,5.1708231187875295,-0.09498336969654486,0.0,Food Distribution,Consumer Defensive,USFD
2016Q1,2016,Q1,2017-11-07,2016-03-31,95551000.0,6204194000.0,190030000.0,0.42,1098562000.0,0.1770676417,9358234000.0,2745184000.0,3134171000.0,2246250000.0,6613050000.0,1304154000.0,51365000.0,5575045323.2,9304409323.2,12.265825562965892,1.3952903728436283,0.4142582884762232,1.4121916782263046,0.018676344203905737,12.265825562965892,0.034806774336437925,0.8985930038938176,14.586569798327595,2.0308457732523575,6.973574321566494,3.91489962075031,0.11952046330944167,0.6629663246291982,0.768732776850306,0.010210366614042777,55.42841414581282,0.17706764166304279,0.23529411764705868,10.47579999230538,-0.045380195967812856,0.0,0.06975353724207102,0.2431177144046628,0.6436164231903613,10.47579999230538,-0.045380195967812856,0.0,Food Distribution,Consumer Defensive,USFD
2015Q4,2015,Q4,2017-02-28,2015-12-31,76864000.0,5677938000.0,115617000.0,0.34,1026930000.0,0.1808631936,8944450000.0,2537650000.0,2789171000.0,1969285000.0,6406800000.0,1223037000.0,-136460000.0,5497928845.56,9291263845.560001,11.497577228750286,1.4163368938472594,0.438755317543281,1.5464800110338306,0.018024819058943275,11.497577228750286,0.03028944101826493,0.9682967382806928,17.882002125702538,2.1665433946998207,0.0,3.8028350736731595,0.0,0.634800127453337,0.7427386081750483,0.008593485345661275,-73.3663674712429,0.1808631936452987,11.186379928315413,8.481303518357832,-0.07400542670558771,0.5143678656693227,0.01365617242213218,13.268423983664377,0.5783675308186919,8.481303518357832,-0.07400542670558771,0.5143678656693227,Food Distribution,Consumer Defensive,USFD
2015Q3,2015,Q3,2016-04-02,2015-09-30,5387000.0,5796066000.0,73251000.0,0.0279,1013095000.0,0.1747901076,9023609000.0,1222095000.0,2834047000.0,1959365000.0,7801514000.0,1168109000.0,-332943000.0,4763992188.71,9829317188.71,6.390099992637316,1.446410954569465,0.5770898317956817,4.2610705387060746,0.018463771904819987,6.390099992637316,0.00440800428771904,0.8219354625551193,221.08744146602933,3.898217559772358,123.6925932801188,4.094627299335936,0.139868407336837,0.6423223789949232,0.7986250647531216,0.0005969895193818792,16.48400277055573,0.17479010763507524,1.3957446808510638,0.0,0.0,0.0,-0.020252660204615504,1.4022550776583034,0.10915780866721178,0.0,0.0,0.0,Food Distribution,Consumer Defensive,USFD
2015Q2,2015,Q2,2016-07-02,2015-06-30,-13392000.0,5806758000.0,66042000.0,-0.0705,1034037000.0,0.1780747536,,,,,,,,4734823326.01,,,0.0,0.0,0.0,0.0,,0.0,0.8153987691600029,-88.38902564982826,0.0,0.0,0.0,0.0,0.0,0.0,0.0,43.12696584335264,0.17807475358883562,-2.9105691056910565,0.0,0.0,0.0,0.11298791041306089,-2.8822206605762473,0.5599858273296326,0.0,0.0,0.0,Food Distribution,Consumer Defensive,USFD
2015Q1,2015,Q1,2015-03-31,2015-03-31,7115000.0,5553638000.0,42335000.0,0.0369,929064000.0,0.1672892616,,,,,,,,4763992188.71,,,0.0,0.0,0.0,0.0,,0.0,0.8578146772818106,167.3925575794097,0.0,0.0,0.0,0.0,0.0,0.0,0.0,107.05119295110332,0.16728926156152057,1.7918454935622317,0.0,0.0,0.0,-0.1384752340283477,1.71543489190548,-0.190272172599124,0.0,0.0,0.0,Food Distribution,Consumer Defensive,USFD
2014Q4,2014,Q4,2014-12-31,2014-12-31,-9945000.0,5935281000.0,52283000.0,-0.0466,1078395000.0,0.1816923243,9057114000.0,1622032000.0,2829913000.0,1825587000.0,7435082000.0,1050898000.0,-513772000.0,5321795665.94,9905198665.939999,7.592327788643725,1.5501386677271476,0.5439991149498615,3.0375861881886426,0.003597179023314629,7.592327788643725,-0.006131198398058731,0.8966375249866012,-133.78068541830064,3.280943696511536,0.0,4.621653100491199,0.0,0.6553170248271138,0.9279563230895049,-0.001098031889628418,93.26339185342259,0.18169232425558285,0.0,0.0,0.0,0.0,0.0,0.0,0.0,0.0,0.0,0.0,Food Distribution,Consumer Defensive,USFD
