Quarters,Year,Quarter,FillingDate,Date,NetIncome,Revenue,OperatingIncome,EPSDiluted,GrossProfit,GrossProfitRatio,TotalAssets,CommonStockEquity,CurrentAssets,CurrentLiability,TotalLiability,Inventory,RetainedEarnings,MarketCap,EnterpriseValue,bookValuePerShare,currentRatio,debtToAssets,debtToEquity,roic,shareholdersEquityPerShare,roe,priceToSalesRatio,peRatio,pbRatio,payoutRatio,inventoryTurnover,dividendYield,assetTurnover,quickRatio,returnOnAssets,priceToFreeCashFlowsRatio,grossProfitMargin,epsdilutedGrowth,fiveYNetIncomeGrowthPerShare,fiveYRevenueGrowthPerShare,fiveYShareholdersEquityGrowthPerShare,grossProfitGrowth,netIncomeGrowth,operatingIncomeGrowth,threeYNetIncomeGrowthPerShare,threeYRevenueGrowthPerShare,threeYShareholdersEquityGrowthPerShare,Industry,Sector,Symbol
2023Q1,2023,Q1,2023-05-22,2023-03-31,-7268000.0,2215000.0,-4589000.0,-0.002,1516000.0,0.6844243792,25272000.0,7133000.0,5566000.0,16503000.0,18139000.0,0.0,-159142000.0,93022592.0,96982592.0,0.0019936877269556195,0.33727201114948796,0.30666350110794555,1.0864993691293985,-0.3598095336604807,0.0019936877269556195,-1.0189261180428992,41.996655530474044,-3.199731425426527,13.041159680358895,0.0,0.0,0.0,0.08764640709085153,0.3054596134036236,-0.28759100981323205,-30.509213512627092,0.6844243792325057,0.9928571428571429,0.0,0.0,0.0,0.08986340762041696,0.7351118886216197,0.09469323337936476,0.0,0.0,0.0,,Industrials,VERBW
2022Q4,2022,Q4,2023-04-17,2022-12-31,-27438000.0,2158000.0,-5069000.0,-0.28,1391000.0,0.6445783133,24492000.0,5166000.0,4058000.0,16530000.0,19326000.0,0.0,-153464000.0,5290955.811,11936955.811,0.05321288063201328,0.2454930429522081,0.37052915237628614,1.7566782810685249,-0.531830991727719,0.05321288063201328,-5.311265969802555,2.451786752085264,-0.04820828605401268,1.0241881167247386,0.0,0.0,0.0,0.0881104033970276,0.2088929219600726,-1.1202841744243017,-1.4008355337569498,0.6445783132530121,-2799.0000000000005,-0.4096429699692539,44.31246029455617,1.110814247004031,-0.04135079255685734,-2.5042145593869733,0.33963001563314227,0.0,0.0,0.0,,Industrials,VERBW
2022Q3,2022,Q3,2022-11-14,2022-09-30,-7830000.0,2187000.0,-7676000.0,-0.0001,1451000.0,0.6634659351,34783000.0,16532000.0,3097000.0,16396000.0,18251000.0,0.0,-137418000.0,25211003935.8,25216589935.8,0.00016190354062829894,0.188887533544767,0.18707414541586406,0.39360029034599564,-0.29679609967689896,0.00016190354062829894,-0.47362690539559643,11527.665265569272,-804.9490400957854,1524.982091446891,0.0,0.0,0.0,0.06287554265014518,0.14387655525737986,-0.22510996751286547,-4882.068926374903,0.6634659350708734,0.9998181818181818,0.0,0.0,0.0,-0.07225063938618925,-0.4635514018691589,-0.1329889298892989,0.0,0.0,0.0,,Industrials,VERBW
2022Q2,2022,Q2,2022-08-15,2022-06-30,-5350000.0,2399000.0,-6775000.0,-0.55,1564000.0,0.6519383076,40406000.0,23530000.0,8257000.0,14160000.0,16876000.0,0.0,-129390000.0,2520784.5,4280784.5,2.4269428822654215,0.5831214689265537,0.18083947928525468,0.31053973650658734,-0.17154599797249043,2.4269428822654215,-0.2273693157671058,1.0507646936223427,-0.11779366822429908,0.10713066298342543,0.0,0.0,0.0,0.059372370440033656,0.5199858757062147,-0.1324060783052022,-0.36265062580923607,0.6519383076281784,-0.018518518518518535,0.0,0.0,0.0,-0.08963911525029103,0.08562638865151256,0.0728068974955522,0.0,0.0,0.0,,Industrials,VERBW
2022Q1,2022,Q1,2022-05-16,2022-03-31,-5851000.0,2691000.0,-7307000.0,-0.54,1718000.0,0.6384243776,38095000.0,15822000.0,5968000.0,19524000.0,22273000.0,0.0,-123016000.0,4351252.3412,9486252.3412,1.4548414349727623,0.30567506658471627,0.23239270245439034,0.5595373530527115,-0.22752439628752325,1.4548414349727623,-0.36980154215649097,1.6169648239316239,-0.185919173696804,0.2750127885981545,0.0,0.0,0.0,0.07063919149494684,0.26910469166154477,-0.1535897099356871,-0.5264673129098608,0.6384243775548123,-0.1739130434782609,0.0,0.0,0.0,0.059186189889025895,-0.05919623461259957,-0.5961118392311053,0.0,0.0,0.0,,Industrials,VERBW
2021Q4,2021,Q4,2022-03-31,2021-12-31,-5524000.0,2706000.0,-4578000.0,-0.46,1622000.0,0.5994087214,34431000.0,13322000.0,3194000.0,17935000.0,21109000.0,28000.0,-116027000.0,6868017.2106,9737017.2106,1.105055966995308,0.1780875383328687,0.11053992042055125,0.2856928389130761,-0.22872415691784823,1.105055966995308,-0.41465245458639843,2.538069922616408,-0.3108262676774077,0.515539499369464,0.0,38.714285714285715,0.0,0.0785919665417792,0.12930025090604963,-0.16043681566030613,-0.8990728119649168,0.5994087213599408,0.0,-3.6083026196581978,57.56827493937621,4.841160156079929,-0.10584343991179714,0.37262918796138556,0.44367480860371855,-0.40399854923538747,475.9962982548916,3.6354104846686455,,Industrials,VERBW
2021Q3,2021,Q3,2021-11-15,2021-09-30,-8805000.0,2900000.0,-8229000.0,0.0,1814000.0,0.6255172413793103,35889000.0,14410000.0,6056000.0,18140000.0,21479000.0,5000.0,-110503000.0,0.0,303000.0,0.0,0.3338478500551268,0.11036807935579147,0.27487855655794585,-0.384227482840734,0.0,-0.6110340041637752,0.0,0.0,0.0,0.0,217.2,,0.08080470339101117,0.2836824696802646,-0.24533979770960462,0.0,0.6255172413793103,0.0,0.0,0.0,0.0,0.42498036135113904,0.25457162207924144,0.07351947759513623,0.0,0.0,0.0,,Industrials,VERBW
2021Q2,2021,Q2,2021-08-16,2021-06-30,-11812000.0,2392000.0,-8882000.0,0.0,1273000.0,0.532190635451505,36422000.0,13487000.0,8649000.0,19432000.0,22935000.0,12000.0,-101698000.0,0.0,-2209000.0,0.0,0.44509057225195553,0.11641315688320246,0.3143768072959146,-0.4241642788920726,0.0,-0.87580633202343,0.0,0.0,0.0,0.0,93.25,,0.06567459227939158,0.3793742280773981,-0.3243094832793367,0.0,0.532190635451505,0.0,0.0,0.0,0.0,-0.028985507246376812,-0.4154583582983823,0.04801714898177921,0.0,0.0,0.0,,Industrials,VERBW
2021Q1,2021,Q1,2021-05-13,2021-03-31,-8345000.0,2526000.0,-9330000.0,0.0,1311000.0,0.5190023752969121,43594000.0,23098000.0,15281000.0,16745000.0,20496000.0,38000.0,-89886000.0,0.0,-8252000.0,0.0,0.9125709166915498,0.10767536816993165,0.20322105810026841,-0.29933587859732425,0.0,-0.36128669148844056,0.0,0.0,0.0,0.0,31.973684210526315,,0.05794375372757719,0.8447297700806211,-0.191425425517273,0.0,0.5190023752969121,0.0,0.0,0.0,0.0,0.6367041198501873,0.3196641121800098,-0.09803460044721667,0.0,0.0,0.0,,Industrials,VERBW
2020Q4,2020,Q4,2021-03-31,2020-12-31,-12266000.0,2099000.0,-8497000.0,0.0,801000.0,0.38161029061457835,32542000.0,10745000.0,3668000.0,16875000.0,21797000.0,34000.0,-81541000.0,0.0,4259000.0,0.0,0.21736296296296295,0.1866510970438203,0.5652861796184272,-0.4174129474577905,0.0,-1.1415542112610517,0.0,0.0,0.0,0.0,38.1764705882353,,0.06450125991026981,0.1620148148148148,-0.3769282773031774,0.0,0.38161029061457835,0.0,1.0,0.0,1.0,-0.48488745980707393,-0.6756830601092896,-0.07625079164027866,1.0,-1.0,1.0,,Industrials,VERBW
2020Q3,2020,Q3,2020-11-16,2020-09-30,-7320000.0,2860000.0,-7895000.0,0.0,1555000.0,0.5437062937062938,42575000.0,21774000.0,12762000.0,15474000.0,20801000.0,12000.0,-69275000.0,0.0,-2506000.0,0.0,0.8247382706475378,0.19297709923664122,0.3773307614586204,-0.23437036157454136,0.0,-0.3361807660512538,0.0,0.0,0.0,0.0,108.75,,0.06717557251908397,0.7803412175261729,-0.17193188490898414,0.0,0.5437062937062938,0.0,0.0,0.0,0.0,0.025049439683586024,-1.1378504672897196,-0.7603121516164995,0.0,0.0,0.0,,Industrials,VERBW
2020Q2,2020,Q2,2020-08-14,2020-06-30,-3424000.0,2652000.0,-4485000.0,0.0,1517000.0,0.5720211161387632,28375000.0,9447000.0,3132000.0,13770000.0,18928000.0,33000.0,-61955000.0,0.0,4995000.0,0.0,0.22745098039215686,0.22459911894273127,0.6746056949296073,-0.22826750814332247,0.0,-0.36244310363078225,0.0,0.0,0.0,0.0,34.39393939393939,,0.0934625550660793,0.18169934640522875,-0.12066960352422908,0.0,0.5720211161387632,0.0,0.0,0.0,0.0,0.17505809450038728,-0.7595066803699897,-0.16191709844559585,0.0,0.0,0.0,,Industrials,VERBW
2020Q1,2020,Q1,2020-05-15,2020-03-31,-1946000.0,2354000.0,-3860000.0,0.0,1291000.0,0.5484282073067119,28585000.0,9921000.0,3150000.0,14471000.0,18664000.0,74000.0,-58531000.0,0.0,3499000.0,0.0,0.2176767327758966,0.17890502011544515,0.5154722306219132,-0.20345772717689226,0.0,-0.19614958169539362,0.0,0.0,0.0,0.0,14.364864864864865,,0.08235088333041805,0.19535622970078087,-0.06807766311002274,0.0,0.5484282073067119,0.0,0.0,0.0,0.0,0.09592529711375213,0.7388620504562533,0.3507148864592094,0.0,0.0,0.0,,Industrials,VERBW
2019Q4,2019,Q4,2020-05-14,2019-12-31,-7452000.0,2485000.0,-5945000.0,0.0,1178000.0,0.4740442655935614,28359000.0,11445000.0,2593000.0,11216000.0,16914000.0,103000.0,-56585000.0,0.0,4908000.0,0.0,0.23118758915834522,0.20772946859903382,0.5147225862822193,-0.2789471795268957,0.0,-0.6511140235910878,0.0,0.0,0.0,0.0,12.689320388349515,,0.08762650305017808,0.20096291012838802,-0.26277372262773724,0.0,0.4740442655935614,0.0,1.0,0.0,1.0,-0.1476121562952243,-1.3922953451043338,-0.6323448654585393,1.0,1.0,1.0,,Industrials,VERBW
2019Q3,2019,Q3,2019-11-14,2019-09-30,-3115000.0,2873000.0,-3642000.0,0.0,1382000.0,0.4810302819352593,29015000.0,17599000.0,3532000.0,7055000.0,11416000.0,121000.0,-49133000.0,0.0,2899000.0,0.0,0.5006378454996456,0.16488023436153715,0.2718336269106199,-0.14013081954597922,0.0,-0.17699869310756294,0.0,0.0,0.0,0.0,12.322314049586776,,0.09901774943994486,0.45683912119064496,-0.10735826296743065,0.0,0.4810302819352593,0.0,0.0,0.0,0.0,-0.18273211117681845,-0.32949210413999147,-0.048661099913619346,0.0,0.0,0.0,,Industrials,VERBW
2019Q2,2019,Q2,2019-08-14,2019-06-30,-2343000.0,3733000.0,-3473000.0,0.0,1691000.0,0.4529868738280204,25680000.0,18601000.0,2152000.0,5011000.0,7079000.0,165000.0,-46018000.0,0.0,2704000.0,0.0,0.42945519856316106,0.12133956386292835,0.1675178753830439,-0.15134876018651675,0.0,-0.12596096984033117,0.0,0.0,0.0,0.0,12.375757575757575,,0.14536604361370717,0.33266813011374974,-0.09123831775700934,0.0,0.4529868738280204,0.0,0.0,0.0,0.0,81.52380952380952,0.22107712765957446,-0.2519826964671954,0.0,0.0,0.0,,Industrials,VERBW
2019Q1,2019,Q1,2019-05-15,2019-03-31,-3008000.0,9000.0,-2774000.0,0.0,-21000.0,-2.3333333333333335,824000.0,-7084000.0,278000.0,6843000.0,7908000.0,0.0,-43675000.0,0.0,3398000.0,0.0,0.040625456671050705,4.195388349514563,-0.4880011293054771,0.7648194099807003,0.0,0.4246188594014681,0.0,0.0,0.0,0.0,0.0,,0.010922330097087379,0.009644892590968873,-3.650485436893204,0.0,-2.3333333333333335,1.0,0.0,0.0,0.0,-4.701745108408249,0.23547653220491568,-0.30322051440096254,0.0,0.0,0.0,,Industrials,VERBW
2018Q4,2018,Q4,2019-02-07,2018-12-31,-3934477.0,5673.0,-2128573.0,-0.33,5673.0,1.0,898000.0,-5055000.0,718000.0,4888000.0,5953000.0,0.0,-40667000.0,7593758.1902,8954758.190200001,-0.4193107576310825,0.14689034369885434,2.2216035634743876,-0.39465875370919884,0.6957889355757013,-0.4193107576310825,0.7783337289812067,1338.5789159527587,-0.4825138252301386,-1.5022271395054403,0.0,0.0,0.0,0.0063173719376391985,0.12990998363338788,-4.3813775055679285,-5.6017897603635305,1.0,0.0,-1.1578571248366996,0.0,-1.1580522457831532,-0.4374814080317303,-1.6765295321335083,-2.2032363842668325,-1.1578571248366996,0.0,-1.1580522457831532,,Industrials,VERBW
2018Q3,2018,Q3,2018-11-14,2018-09-30,-1469992.0,10085.0,-664507.0,0.0,10085.0,1.0,596891.0,-2283422.0,445339.0,2056095.0,2880313.0,0.0,-36732476.0,0.0,796986.0,0.0,0.21659456396713186,1.9709578465750028,-0.5152122559912272,0.600290882811265,0.0,0.6437671179484125,0.0,0.0,0.0,0.0,0.0,,0.01689588216273993,0.1857701127622994,-2.462747804875597,0.0,1.0,0.0,0.0,0.0,0.0,0.22405631751426144,-1.8296199642640667,-2.692360391288956,0.0,0.0,0.0,,Industrials,VERBW
2018Q2,2018,Q2,2018-08-14,2018-06-30,1771886.0,8239.0,392651.0,0.0,8239.0,1.0,1505315.0,-2180711.0,1468444.0,3686026.0,3686026.0,0.0,-35262485.0,0.0,544187.0,0.0,0.39838134619777504,1.3053646578955236,-0.9010753832121725,-1.8201375819326369,0.0,-0.8125267401320028,0.0,0.0,0.0,0.0,0.0,,0.005473273035876212,0.38545523010418264,1.1770865234186865,0.0,1.0,0.0,0.0,0.0,0.0,0.02948894164688242,1.208594161483459,1.0728268254280617,0.0,0.0,0.0,,Industrials,VERBW
2018Q1,2018,Q1,2018-05-15,2018-03-31,-8494418.0,8003.0,-5391571.0,0.0,8003.0,1.0,1674046.0,-2789332.0,1640017.0,4463378.0,4463378.0,0.0,-37034371.0,0.0,360848.0,0.0,0.36743851853909754,1.1737939100837134,-0.7044643663787602,6.540414412862544,0.0,3.0453233964260975,0.0,0.0,0.0,0.0,0.0,,0.004780633268141974,0.3593997640352218,-5.074184341409973,0.0,1.0,1.0,0.0,0.0,0.0,0.3532296246195468,-2.51433196846276,-2.983475977551268,0.0,0.0,0.0,,Industrials,VERBW
2017Q4,2017,Q4,2018-04-02,2017-12-31,-2417079.0,5914.0,-1353484.0,-0.2,5914.0,1.0,90803.0,-5789037.0,51469.0,5879840.0,5879840.0,0.0,-28539953.0,7593758.1902,10693498.190200001,-0.4801989100740592,0.00875346948216278,34.25327357025649,-0.5372741614883443,0.5056041486547338,-0.4801989100740592,0.41752695655598676,1284.0308065945214,-0.785427181962195,-1.3117480835240818,0.0,0.0,0.0,0.06513000671783972,0.0017959672372037335,-26.618933295155447,-15.12089372265797,1.0,0.0,0.0,0.0,0.0,0.0,-0.2850726438402266,-0.13596775777372866,-0.32564280880105895,0.0,-1.471423204504801,,Industrials,VERBW
2017Q3,2017,Q3,2017-11-14,2017-09-30,-1880889.0,0.0,-1191481.0,0.0,0.0,0.0,106213.0,-4454322.0,61457.0,4224705.0,4560535.0,0.0,-26122874.0,0.0,3241933.0,0.0,0.014547051214226793,30.795090996394038,-0.7343068148194046,1.0067580184928724,0.0,0.4222615697742552,0.0,0.0,0.0,0.0,0.0,,0.0,0.008262352045882493,-17.70865148334008,0.0,0.0,0.0,0.0,0.0,0.0,0.0,0.10913271011570591,0.17502776493005454,0.0,0.0,0.0,,Industrials,VERBW
2017Q2,2017,Q2,2017-08-10,2017-06-30,-2111301.0,0.0,-1444268.0,0.0,0.0,0.0,110580.0,-3995900.0,60109.0,3812337.0,4106480.0,0.0,-24241985.0,0.0,3042327.0,0.0,0.015766969184518576,27.756691987701213,-0.7681210741009534,1.5587336020678528,0.0,0.5283668259966465,0.0,0.0,0.0,0.0,0.0,,0.0,0.007084368459556435,-19.09297341291373,0.0,0.0,0.0,0.0,0.0,0.0,0.0,-1.464112649097827,-1.042416108901104,0.0,0.0,0.0,,Industrials,VERBW
2017Q1,2017,Q1,2017-05-10,2017-03-31,-856820.0,0.0,-707137.0,0.0,0.0,0.0,216774.0,-3834770.0,157954.0,3783401.0,4051544.0,0.0,-22130220.0,0.0,2993619.0,0.0,0.04174920924321794,14.380363881277274,-0.8129011648677756,0.9855828934842874,0.0,0.22343452149672602,0.0,0.0,0.0,0.0,0.0,,0.0,0.032687521095437676,-3.9525957910081466,0.0,0.0,1.0,0.0,0.0,0.0,1.0,0.2852125542042836,-0.21730231277059073,0.0,0.0,0.0,,Industrials,VERBW
2016Q4,2016,Q4,2017-03-31,2016-12-31,-1198706.0,-47836.0,-580905.0,-0.0994,-47836.0,1.0,104203.0,-3468223.0,36101.0,3572426.0,3572426.0,0.0,-21273400.0,7593758.1902,10399607.190200001,-0.28768807393937607,0.010105457747760206,27.087617439037263,-0.8138493401375864,0.9004246757050928,-0.28768807393937607,0.34562541105344147,-158.74567669119492,-1.583740756741019,-2.1895242002028126,0.0,0.0,0.0,-0.4590654779612871,0.007062427605218415,-11.503565156473423,-26.75639136678987,1.0,0.0,0.0,0.0,0.0,-3.945022471218371,-0.09926031623177614,0.35834361513761415,0.342571761714581,0.0,-0.48063430940193586,,Industrials,VERBW
2016Q3,2016,Q3,2016-11-14,2016-09-30,-1090466.0,16243.0,-905321.0,0.0,16243.0,1.0,342826.0,-2721127.0,270670.0,3063953.0,3063953.0,0.0,-20074694.0,0.0,2238428.0,0.0,0.08834012793277181,7.00011376033323,-0.8819217184644451,2.8176286779580835,0.0,0.4007405755041937,0.0,0.0,0.0,0.0,0.0,,0.04737972032459615,0.053786399465004846,-3.1808147573404586,0.0,1.0,0.0,0.0,0.0,0.0,-0.48586712246383695,0.15313675345764735,0.1765482226115177,0.0,0.0,0.0,,Industrials,VERBW
2016Q2,2016,Q2,2016-08-15,2016-06-30,-1287653.0,31593.0,-1099422.0,0.0,31593.0,1.0,244034.0,-2607308.0,181270.0,2386141.0,2851342.0,0.0,-18984228.0,0.0,2255953.0,0.0,0.07596784934335397,9.418757222354262,-0.8815594475221186,3.560177584347708,0.0,0.4938630188685035,0.0,0.0,0.0,0.0,0.0,,0.12946146848389978,0.03223028312241397,-5.276531139103567,0.0,1.0,0.0,0.0,0.0,0.0,0.0,-0.8466799564020193,-1.0160303663769392,0.0,0.0,0.0,,Industrials,VERBW
2016Q1,2016,Q1,2016-05-16,2016-03-31,-697280.0,0.0,-545340.0,0.0,0.0,0.0,133896.0,-2740017.0,68849.0,1360905.0,2873913.0,0.0,-17696575.0,0.0,2196035.0,0.0,0.05059059963774106,16.71452470574177,-0.8167861732244727,1.0863151855843223,0.0,0.2544801729332336,0.0,0.0,0.0,0.0,0.0,,0.0,0.03084197647888721,-5.2076238274481685,0.0,0.0,1.0,0.0,0.0,0.0,0.0,0.6175779866025055,0.6866447358970307,0.0,0.0,0.0,,Industrials,VERBW
2015Q4,2015,Q4,2016-03-30,2015-12-31,-1823326.0,0.0,-1740325.0,-0.15,0.0,0.0,239814.0,-2342390.0,168941.0,1231012.0,2582204.0,0.0,-16999295.0,7593758.1902,9566931.190200001,-0.19430055896488058,0.13723749240462318,8.657509569916686,-0.8863562429825947,6.537708773168844,-0.19430055896488058,0.7784041086240976,0.0,-1.0411958956050644,-3.2418846520861173,0.0,0.0,0.0,0.0,0.08368643035161315,-7.603084056810695,-18.33231502988692,0.0,0.0,0.0,0.0,0.0,0.0,0.28448280259926073,0.31002512783956876,0.0,0.0,0.0,,Industrials,VERBW
2015Q3,2015,Q3,2015-11-13,2015-09-30,-2548263.0,0.0,-2522302.0,0.0,0.0,0.0,441634.0,-1652715.0,83279.0,2094349.0,2094349.0,0.0,-15175969.0,0.0,1610995.0,0.0,0.03976366880591534,3.681650416408157,-0.9838005947788941,94.2106599932768,0.0,1.5418647498207494,0.0,0.0,0.0,0.0,0.0,,0.0,0.0071368239008875786,-5.770078843567298,0.0,0.0,0.0,0.0,0.0,0.0,0.0,-1.5334247313484919,-1.6103977016347701,0.0,0.0,0.0,,Industrials,VERBW
2015Q2,2015,Q2,2015-08-14,2015-06-30,-1005857.0,0.0,-966252.0,0.0,0.0,0.0,1682463.0,113984.0,204680.0,1568479.0,1568479.0,0.0,-12627806.0,0.0,1069316.0,0.0,0.13049584980098555,0.6894653849742907,10.176866928691746,-0.7584490857028032,0.0,-8.824545550252667,0.0,0.0,0.0,0.0,0.0,,0.0,0.057816521611063966,-0.5978479170121423,0.0,0.0,0.0,0.0,0.0,0.0,0.0,0.36252710912476344,0.3863013211404705,0.0,0.0,0.0,,Industrials,VERBW
2015Q1,2015,Q1,2015-05-15,2015-03-31,-1577882.0,0.0,-1574473.0,0.0,0.0,0.0,1790605.0,931296.0,201985.0,859309.0,859309.0,0.0,-11621949.0,0.0,528916.0,0.0,0.23505514314408438,0.2953839624037686,0.5679354362093255,-1.0782495966339134,0.0,-1.694286241968182,0.0,0.0,0.0,0.0,0.0,,0.0,0.0,-0.881200488103183,0.0,0.0,0.0,0.0,0.0,0.0,0.0,0.0,0.0,0.0,0.0,0.0,,Industrials,VERBW
2014Q3,2014,Q3,2014-10-02,2014-08-31,-51550.0,0.0,-51550.0,0.0,0.0,0.0,22298.0,-29956.0,22298.0,52254.0,52254.0,0.0,-85252.0,0.0,-21500.0,0.0,0.426723313047805,0.0,0.0,1.7208572573107224,0.0,1.7208572573107224,0.0,0.0,0.0,0.0,0.0,,0.0,0.41145175488957786,-2.311866535115257,0.0,0.0,0.0,0.0,0.0,0.0,-1.0,-10.362133568437294,-10.362133568437294,0.0,0.0,0.0,,Industrials,VERBW
2014Q2,2014,Q2,2014-07-07,2014-05-31,-4537.0,2943.0,-4537.0,0.0,2943.0,1.0,23644.0,21756.0,23644.0,1888.0,1888.0,0.0,-33700.0,0.0,-17086.0,0.0,12.523305084745763,0.0,0.0,-0.2085401728258871,0.0,-0.2085401728258871,0.0,0.0,0.0,0.0,0.0,,0.12447132464895956,11.941737288135593,-0.1918880054136356,0.0,1.0,0.0,0.0,0.0,0.0,-0.3900518134715026,0.5448891563847928,0.5448891563847928,0.0,0.0,0.0,,Industrials,VERBW
2014Q1,2014,Q1,2014-04-14,2014-02-28,-9969.0,4825.0,-9969.0,0.0,4825.0,1.0,28942.0,25982.0,28942.0,2960.0,2960.0,0.0,-29163.0,0.0,-22214.0,0.0,9.777702702702703,0.0,0.0,-0.383688707566777,0.0,-0.383688707566777,0.0,0.0,0.0,0.0,0.0,,0.1667127358164605,9.300675675675675,-0.3444475157210974,0.0,1.0,0.0,0.0,0.0,0.0,0.0,0.0,0.0,0.0,0.0,0.0,,Industrials,VERBW
2013Q3,2013,Q3,2013-10-15,2013-08-31,-2849.0,0.0,-2849.0,0.0,0.0,0.0,38394.0,38148.0,38394.0,246.0,246.0,0.0,-17552.0,0.0,-38394.0,0.0,156.0731707317073,0.0,0.0,-0.07468281430219147,0.0,-0.07468281430219147,0.0,0.0,0.0,0.0,0.0,,0.0,156.0731707317073,-0.0742043027556389,0.0,0.0,0.0,0.0,0.0,0.0,0.0,0.7168554959252633,0.7168554959252633,0.0,0.0,0.0,,Industrials,VERBW
2013Q2,2013,Q2,2013-07-19,2013-05-31,-10062.0,0.0,-10062.0,0.0,0.0,0.0,6498.0,5498.0,6498.0,1000.0,1000.0,0.0,-14702.0,0.0,-6498.0,0.0,6.498,0.0,0.0,-1.8301200436522371,0.0,-1.8301200436522371,0.0,0.0,0.0,0.0,0.0,,0.0,6.498,-1.548476454293629,0.0,0.0,0.0,0.0,0.0,0.0,0.0,-1.7260904903820102,-1.7260904903820102,0.0,0.0,0.0,,Industrials,VERBW
2013Q1,2013,Q1,2013-02-28,2013-02-28,-3691.0,0.0,-3691.0,0.0,0.0,0.0,,,,,,,,0.0,,0.0,0.0,0.0,0.0,0.0,0.0,0.0,0.0,0.0,0.0,0.0,0.0,,0.0,0.0,0.0,0.0,0.0,0.0,0.0,0.0,0.0,0.0,0.0,0.0,0.0,0.0,0.0,,Industrials,VERBW
2013Q4,2013,Q4,2014-02-28,2013-11-30,,,,,,,42728.0,36404.0,42728.0,6324.0,6324.0,0.0,-19194.0,0.0,-22971.0,0.0,6.756483238456673,0.0,0.0,,0.0,,0.0,0.0,0.0,0.0,0.0,,,4.858950031625554,,0.0,0.0,0.0,0.0,0.0,0.0,0.0,0.0,0.0,0.0,0.0,0.0,,Industrials,VERBW
