Quarters,Year,Quarter,FillingDate,Date,NetIncome,Revenue,OperatingIncome,EPSDiluted,GrossProfit,GrossProfitRatio,TotalAssets,CommonStockEquity,CurrentAssets,CurrentLiability,TotalLiability,Inventory,RetainedEarnings,MarketCap,EnterpriseValue,bookValuePerShare,currentRatio,debtToAssets,debtToEquity,roic,shareholdersEquityPerShare,roe,priceToSalesRatio,peRatio,pbRatio,payoutRatio,inventoryTurnover,dividendYield,assetTurnover,quickRatio,returnOnAssets,priceToFreeCashFlowsRatio,grossProfitMargin,epsdilutedGrowth,fiveYNetIncomeGrowthPerShare,fiveYRevenueGrowthPerShare,fiveYShareholdersEquityGrowthPerShare,grossProfitGrowth,netIncomeGrowth,operatingIncomeGrowth,threeYNetIncomeGrowthPerShare,threeYRevenueGrowthPerShare,threeYShareholdersEquityGrowthPerShare,Industry,Sector,Symbol
2023Q1,2023,Q1,2023-05-09,2023-03-31,-18825000.0,26066000.0,5133000.0,-1.92,17111000.0,0.656449014,681153000.0,83243000.0,63893000.0,20660000.0,531697000.0,0.0,-300982000.0,15719411.73,474391411.73,8.499364816879188,3.092594385285576,0.7098096903338897,5.808164049830015,0.4051300607289295,8.499364816879188,-0.2261451413332052,0.6030619093838717,-0.20875712788844622,0.18883764076258663,-0.14278884462151395,0.0,0.1709987654862451,0.038267467074210935,1.7710067763794772,-0.027636962620732786,-33.5884866025641,0.6564490140412799,-0.811320754716981,-0.03642956522418452,-0.8353261703079908,-0.8582545172657791,-0.041776334210673685,-0.8141081237351836,-0.3040943600867679,-0.03366869797531882,-0.827501678592819,-0.5598487157062287,REIT—Retail,Real Estate,WHLRP
2022Q4,2022,Q4,2023-03-02,2022-12-31,-10377000.0,26951000.0,7376000.0,-1.06,17857000.0,0.6625728173,684536000.0,-15162000.0,69409000.0,18398000.0,633502000.0,0.0,-295617000.0,14836270.08,468852270.08,-1.5533715600841906,3.7726383302532884,0.7289390185468697,-32.91023611660731,0.18322084356714263,-1.5533715600841906,0.684408389394539,0.5504905228006381,-0.3574315813819023,-0.9785166917293233,-0.2590344030066493,0.0,0.1811776130729483,0.03937119450255355,32.77611696923579,-0.015159173513153436,21.97965937777778,0.6625728173351638,-0.6060606060606061,0.8769176153987615,-0.8050374901207967,-1.0246898708852457,0.48031169692447984,-0.5954797047970479,0.6090750436300174,-0.5875078570091694,-0.8265597983053459,-1.0655328424031505,REIT—Retail,Real Estate,WHLRP
2022Q3,2022,Q3,2022-11-08,2022-09-30,-6504000.0,18718000.0,4584000.0,-0.66,12063000.0,0.6444598782,693046000.0,-9776000.0,66238000.0,151286000.0,637887000.0,0.0,-288546000.0,22523474.5,482142474.5,-0.9982829247769921,0.43783297859682985,0.6978988407695882,-49.475859247135844,0.020227095661230637,-0.9982829247769921,0.6653027823240589,1.2033056149161234,-0.8657547086408363,-2.3039560658756137,0.0,0.0,0.0,0.027008308250823176,3.9867998360720756,-0.00938465844979987,1.490041975390315,0.6444598781921146,-4.3,0.6748706118145261,-0.8730486399415898,-1.0130798762987032,0.12245277751930772,-4.376947040498442,-0.1430173864273696,0.30164916829328436,-0.876041967865871,-1.0371059671513196,REIT—Retail,Real Estate,WHLRP
2022Q2,2022,Q2,2022-08-09,2022-06-30,1926000.0,15479000.0,5349000.0,0.2,10747000.0,0.6942954971,467250000.0,-4527000.0,55418000.0,12207000.0,470462000.0,0.0,-283267000.0,48872022.539,375885022.539,-0.46227770053860917,4.539854182026706,0.7525286249331193,-77.67152639717251,-0.5398742431826701,-0.46227770053860917,-0.4254473161033797,3.157311359842367,6.3437204749480784,-10.79567540070687,0.0,0.0,0.0,0.0331278758694489,2.707708691734251,0.004121990369181381,10.562356286794898,0.6942954971251373,1.0138985406532313,1.2776608163222738,-0.8916000828911974,-1.0055775902617399,0.04879476920074168,1.1326172278454865,0.14002557544757033,1.0277156894695554,-0.897274119242566,-1.015208172488925,REIT—Retail,Real Estate,WHLRP
2022Q1,2022,Q1,2022-05-11,2022-03-31,-14523000.0,15497000.0,4692000.0,-14.39,10247000.0,0.6612247532,460036000.0,-4961000.0,46176000.0,12201000.0,463052000.0,0.0,-280951000.0,6952380.25,329985380.25,-4.914703493095045,3.784607819031227,0.7480762375118469,-69.3694819592824,0.042282789971116966,-4.914703493095045,2.9274339850836526,0.44862749241788735,-0.1196787896784411,-1.4014070247933883,0.0,0.0,0.0,0.033686494100461706,2.454552905499549,-0.03156926849203106,3.8011920448332424,0.6612247531780344,0.0834394904458598,-4.400892525102268,0.08204161429967885,-1.0558539084225578,-0.027706613530695513,0.08331755349365651,-0.09016870273414776,-23.621495327102803,-0.031134729603000927,-1.1230956280085356,REIT—Retail,Real Estate,WHLRP
2021Q4,2021,Q4,2022-02-28,2021-12-31,-15843000.0,15584000.0,5157000.0,-15.7,10539000.0,0.6762705339,465281000.0,1861000.0,51699000.0,14435000.0,461479000.0,0.0,-274107000.0,6793396.600000001,330218396.6,1.8436329773533315,3.5815032906130932,0.7443308452311613,186.0951101558302,0.042411767550799805,1.8436329773533315,-8.513164965072543,0.4359212397330596,-0.10719870920911444,3.650401182160129,0.0,0.0,0.0,0.03349373819261908,2.2259092483546934,-0.03405039105400822,-73.04727526881722,0.6762705338809035,-16.640449438202246,-2.9100870027059393,0.29566148781746465,-0.980376116352231,0.005725737188663041,-16.54485049833887,-0.2645464917284655,-0.7709590878604964,-0.03006161697890095,-0.9557547371674473,REIT—Retail,Real Estate,WHLRP
2021Q3,2021,Q3,2021-11-09,2021-09-30,-903000.0,15508000.0,7012000.0,-0.89,10479000.0,0.6757157596,502478000.0,9350000.0,86270000.0,15825000.0,491191000.0,0.0,-266566000.0,10826029.5,349817029.5,9.262744942640328,5.451500789889415,0.7467491114038823,40.13101604278075,-0.005164741545038745,9.262744942640328,-0.09657754010695187,0.6980932099561517,-2.9972396179401994,1.1578641176470588,0.0,0.0,0.0,0.03086304276008104,2.817187993680885,-0.00179709360409809,4.326950239808154,0.6757157596079443,0.7072368421052632,0.40247941266968623,0.30202495609401925,-0.9100737293470855,-0.032409972299168976,0.7055754809259863,0.25573065902578795,-0.5305084745762711,-0.044014301565774884,-0.8331191547083602,REIT—Retail,Real Estate,WHLRP
2021Q2,2021,Q2,2021-08-05,2021-06-30,-3067000.0,15490000.0,5584000.0,-3.04,10830000.0,0.6991607489,478145000.0,8482000.0,60833000.0,24682000.0,467775000.0,0.0,-267405000.0,15141300.0,352667300.0,8.402845198232649,2.464670610161251,0.7285990651371446,41.07238858759727,0.015102596956618414,8.402845198232649,-0.3615892478189106,0.9774887023886378,-1.2342109553309422,1.785109643951898,0.0,0.0,0.0,0.03239603049284213,0.7570294141479621,-0.0064143722092670635,3.4079000675219446,0.6991607488702388,0.7604412923561858,-0.13641879496626133,0.39733670690767847,-0.9018942835145326,0.10016253555465258,0.7604841858648965,0.18254976704786108,-1.0111475409836066,-0.09446977668654268,-0.8573278834670569,REIT—Retail,Real Estate,WHLRP
2021Q1,2021,Q1,2021-05-06,2021-03-31,-12805000.0,14728000.0,4722000.0,-12.69,9844000.0,0.6683867463,483081000.0,13032000.0,62653000.0,21919000.0,468128000.0,0.0,-262800000.0,11103620.0,353426620.0,12.910384181014841,2.8583877001688034,0.7280228367499446,26.98695518723143,0.039665023873669464,12.910384181014841,-0.9825813382443217,0.7539122759369907,-0.21678289730573996,0.8520273173726212,0.0,0.0,0.0,0.03048764078901882,0.773575436835622,-0.026506941900012626,2.9397987821021974,0.6683867463335144,-12.131578947368423,-2.9657394795636662,0.6116144792312046,-0.8566877578255362,-0.06479194375831275,-12.11545138888889,-0.13832116788321167,-5.840277777777778,-0.09721711413509863,-0.7846911295785352,REIT—Retail,Real Estate,WHLRP
2020Q4,2020,Q4,2021-03-18,2020-12-31,1152000.0,15296000.0,5480000.0,1.14,10526000.0,0.6881537657,489379000.0,14918000.0,64993000.0,24353000.0,472530000.0,0.0,-260867000.0,13122460.0,352928460.0,14.778783856075766,2.668788239641933,0.7100141199356735,23.291728113688162,0.014615467125250322,14.778783856075766,0.07722214774098404,0.8579014121338913,2.8477560763888885,0.8796393618447513,0.0,0.0,0.0,0.03125593864877733,0.6903872212869051,0.0023540037476066605,11.111312447078747,0.6881537656903766,1.336283185840708,1.1290540706308896,0.6066686834055995,-0.8481857989263547,0.03765772870662461,0.6294200848656294,0.13012992369560733,1.1321252437206102,0.06994963626189135,-0.765100459784594,REIT—Retail,Real Estate,WHLRP
2020Q3,2020,Q3,2020-11-10,2020-09-30,707000.0,14964000.0,4849000.0,-3.39,10144000.0,0.6778936113,474338000.0,16139000.0,47626000.0,27861000.0,456147000.0,0.0,-259479000.0,9637942.16,332827942.16,15.98838937211468,1.7094145938767453,0.6960163427766698,20.456471900365575,-0.06433843224217678,15.98838937211468,0.04380692731891691,0.6440752579524192,3.408041782178218,0.5971833546068529,0.0,0.0,0.0,0.031547124624213115,0.5499443666774344,0.0014904983366291547,1.7921052733358125,0.6778936113338679,-14.56,1.1050564704532764,1.087840838551889,-0.8446488203754368,-0.04265760664401661,1.7834645669291338,0.06923925027563396,1.3428709990300678,-0.015396762731938466,-0.790514141820589,REIT—Retail,Real Estate,WHLRP
2020Q2,2020,Q2,2020-08-04,2020-06-30,254000.0,15169000.0,4535000.0,0.25,10596000.0,0.6985298965,477186000.0,17193000.0,37922000.0,16475000.0,457922000.0,0.0,-258372000.0,7527244.9399999995,343400244.94,17.032553347466862,2.301790591805766,0.7199142472746476,19.980980631652418,0.012448489608935232,17.032553347466862,0.014773454312801722,0.4962255217878568,7.408705649606299,0.43780869772581865,0.0,0.0,0.0,0.03178844308089508,0.9928983308042488,0.0005322872003788878,1.8572032913890943,0.6985298964994396,1.1344086021505377,1.0523169616945094,1.2628946882019332,-0.8493158489937094,-0.023500138236107273,1.1353223228556206,0.43649033892936334,1.3552447552447553,0.03057272912561991,-0.794494513638211,REIT—Retail,Real Estate,WHLRP
2020Q1,2020,Q1,2020-05-12,2020-03-31,-1877000.0,15574000.0,3157000.0,-1.86,10851000.0,0.6967381533,479149000.0,19492000.0,35622000.0,13562000.0,457586000.0,0.0,-256037000.0,6228121.4,347730121.4,19.31009886865725,2.6266037457602125,0.7266987930685445,17.863585060537655,0.008352049368203157,19.31009886865725,-0.09629591627334291,0.39990505971490947,-0.8295313532232286,0.3195219269443874,0.0,0.0,0.0,0.03250345925797612,0.9453620409969031,-0.003917361822731552,2.149852053848809,0.6967381533324772,-1.7761194029850744,0.5009057881899472,1.7075136023265078,-0.4545566070174936,-0.03383492120024931,-1.7766272189349113,-0.1919631430765293,0.30197099293417634,0.08741795838570032,-0.7805473930714584,REIT—Retail,Real Estate,WHLRP
2019Q4,2019,Q4,2020-02-26,2019-12-31,-676000.0,16070000.0,3907000.0,-0.67,11231000.0,0.6988799004,484365000.0,23927000.0,30233000.0,11583000.0,458358000.0,0.0,-251580000.0,11093525.8,358476525.8,23.703711041984505,2.6101182767849433,0.7284465227669217,14.746269904292221,0.009934352744833183,23.703711041984505,-0.02825260166339282,0.6903251897946484,-4.102635281065089,0.4636404814644544,0.0,0.0,0.0,0.03317745914754369,1.0667357334024001,-0.0013956417164741465,8.334730127723518,0.6988799004355942,0.2947368421052631,0.9325893094422932,1.822479229222548,-0.43794093430345354,0.05972825061332327,0.29583333333333334,0.055660632261550935,0.8331617235479887,0.3360677688158789,-0.7476944309295183,REIT—Retail,Real Estate,WHLRP
2019Q3,2019,Q3,2019-11-07,2019-09-30,-960000.0,15565000.0,3701000.0,-0.95,10598000.0,0.6808866046,489201000.0,27157000.0,30230000.0,12652000.0,459950000.0,0.0,-248319000.0,11981815.399999999,361480815.4,26.90356838580571,2.389345558014543,0.7251252552631741,13.062267555326436,0.009476907240385298,26.90356838580571,-0.03535000184114593,0.7697921876003854,-3.1202644270833333,0.44120541296903193,0.0,0.0,0.0,0.031817187618177395,0.8836547581410054,-0.001962383560131725,2.75444032183908,0.6808866045615162,0.8661971830985915,0.7268435146248268,2.7345573115986013,-0.40130975973335153,-0.03099570266069306,0.8659779422029876,-0.13305223705785899,0.3647621662933541,0.30681057786970656,-0.7388098682223315,REIT—Retail,Real Estate,WHLRP
2019Q2,2019,Q2,2019-08-05,2019-06-30,-7163000.0,15532000.0,4269000.0,-7.1,10937000.0,0.7041591553,498790000.0,30683000.0,32705000.0,16851000.0,466012000.0,0.0,-244772000.0,14001866.704,368562866.704,30.396663430484832,1.9408343718473682,0.7187293249664187,11.683831437603885,0.010653243923257045,30.396663430484832,-0.233451748525242,0.9014851084213237,-0.4886872366326958,0.4563395594954861,0.0,0.0,0.0,0.031139357244531766,0.5625778885526082,-0.014360753022314,3.1471941344122274,0.7041591552922998,-12.093749999999998,-2.927104863513506,3.2744380787154888,-0.04383163895446673,-0.029461354157423018,-12.157320872274143,-0.21741521539871678,-1.6541140620617312,0.40112548300129514,-0.6451099152412644,REIT—Retail,Real Estate,WHLRP
2019Q1,2019,Q1,2019-05-02,2019-03-31,642000.0,15995000.0,5455000.0,0.64,11269000.0,0.7045326665,509097000.0,40302000.0,39630000.0,10504000.0,466588000.0,0.0,-235131000.0,13071989.0,369525989.0,39.925898040458875,3.7728484386900227,0.7083384895216432,8.947769341471886,0.013052744470832383,39.925898040458875,0.01592973053446479,0.817254704595186,5.0903383956386286,0.32435087588705275,0.0,0.0,0.0,0.03141837410159557,1.4045125666412794,0.0012610563409330639,5.419564262023218,0.7045326664582682,1.072234762979684,1.5540998208237962,3.365266506411306,1.3934963320449674,-0.01131777504825408,1.0717639168343394,0.6347018279892118,1.1988289532120167,0.750256219127045,-0.5568009527228948,REIT—Retail,Real Estate,WHLRP
2018Q4,2018,Q4,2019-02-28,2018-12-31,-8946000.0,16067000.0,3337000.0,-8.86,11398000.0,0.7094043692,508081000.0,42061000.0,37520000.0,16709000.0,463826000.0,0.0,-233184000.0,7853287.600000001,364426287.6,41.668482891165226,2.245496439044826,0.7087787183539632,8.561779320510686,0.008066279749017602,41.668482891165226,-0.21269109150994983,0.4887836932843717,-0.21946365973619497,0.18671186134423812,-0.3394813324390789,0.0,0.3867170228172976,0.031622910520172964,0.8428391884613082,-0.01760742873675654,4.523783179723503,0.7094043692039584,-14.275862068965518,-6.807468149614338,3.6114626720365175,1.2858369518550927,-0.01187689640225401,-14.162711864406779,-0.2780181739506707,-0.00218551724300161,0.6876533561897078,-0.5719629232230462,REIT—Retail,Real Estate,WHLRP
2018Q3,2018,Q3,2018-11-07,2018-09-30,-590000.0,16222000.0,4622000.0,-0.58,11535000.0,0.7110713845,527088000.0,56028000.0,53871000.0,28167000.0,468046000.0,0.0,-218498000.0,18775212.0,369230212.0,55.505141566444095,1.912557247843221,0.6717910481741189,6.319929321053759,0.011564867380066315,55.505141566444095,-0.010530449061183694,1.1573919368758476,-7.955598305084746,0.33510409081173703,-5.147457627118644,0.0,0.16175582997411694,0.03077664450717907,0.5343842084709056,-0.0011193576784142307,3.907432258064516,0.7110713845395142,0.7622950819672131,0.7447966634975315,7.207636714678627,1.8923394921421888,-0.0836510962821735,0.6131147540983607,0.5453025743898362,0.9123291123515799,1.2633623418196167,-0.4606843117910015,REIT—Retail,Real Estate,WHLRP
2018Q2,2018,Q2,2018-08-08,2018-06-30,-1525000.0,17106000.0,2991000.0,-2.44,12588000.0,0.7358821466,535788000.0,59451000.0,43712000.0,20142000.0,473135000.0,0.0,-214688000.0,16221379.4,378091379.4,58.89619781656793,2.17019163936054,0.6829604246455687,6.155018418529545,0.006880092053627898,58.89619781656793,-0.025651376764057796,0.9482859464515375,-2.659242524590164,0.2728529276210661,-1.9914754098360656,0.0,0.18722205585056473,0.031926806871374495,0.8098997120444842,-0.0028462750192240214,3.315899304987735,0.7358821466152228,-0.3189189189189188,0.11184674143849377,9.501049736645015,6.8988633002795705,0.07451984635083227,0.18536324786324787,0.0960058629534628,0.6858922575428082,1.551854211640996,-0.4789551874905494,REIT—Retail,Real Estate,WHLRP
2018Q1,2018,Q1,2018-05-09,2018-03-31,-1872000.0,16314000.0,2729000.0,-1.85,11715000.0,0.7180948878,542753000.0,60527000.0,37840000.0,14783000.0,475754000.0,0.0,-209957000.0,14341334.65,382240334.65,59.962156485902796,2.5596969491984036,0.6873236997308168,6.16331554512862,0.006188390531258374,59.962156485902796,-0.030928346027392733,0.8790814423194803,-1.9152423410790598,0.2369411114048276,-2.927350427350427,0.0,0.38211227432727124,0.030057871628530842,1.1166880876682677,-0.003449082731924098,2.8671200819672134,0.7180948878264067,0.7858796296296297,-0.8305436773392969,9.083341780413814,6.848488270966117,-0.015463484326413984,0.7852964789540084,3.7214532871972317,0.5022352879550246,1.8361613527902045,0.6937231811539176,REIT—Retail,Real Estate,WHLRP
2017Q4,2017,Q4,2018-03-07,2017-12-31,-8719000.0,14296000.0,578000.0,-8.64,11899000.0,0.8323307219,457674000.0,63508000.0,24644000.0,16104000.0,387078000.0,0.0,-204925000.0,22096203.8,326541203.8,62.915337520556356,1.5303030303030303,0.6732346604788562,4.851703722365686,0.0015095026180034568,62.915337520556356,-0.13728979026264407,1.5456214185786235,-0.6335647379286615,0.34792787995213204,-0.6282830599839431,0.0,0.2479158886106943,0.031236207431490536,0.995715350223547,-0.019050677993506297,7.032528262253342,0.8323307218802463,-3.018604651162791,-21.003618900046185,14.378773291106969,6.310383615568764,0.09627786990971071,-3.228419010669253,-0.6750983698707139,0.13054169974460728,1.5109000037937492,0.49183964325892393,REIT—Retail,Real Estate,WHLRP
2017Q3,2017,Q3,2017-11-09,2017-09-30,-2062000.0,15198000.0,1779000.0,-2.15,10854000.0,0.7141729175,471063000.0,77041000.0,34718000.0,15785000.0,386155000.0,0.0,-191256000.0,22399837.336,323698837.336,76.3220463236314,2.1994298384542286,0.6516368298932415,3.9843979179917186,0.0047756275682559225,76.3220463236314,-0.026764969302059943,1.473867438873536,-2.7157901716779826,0.2907521623031892,-2.654219204655674,0.0,0.24433213143043872,0.032263200463632256,1.589673740893253,-0.004377333817345026,8.832743429022083,0.7141729174891434,-2.028169014084507,-4.6316948069328285,30.097115567586812,282.54231917234983,0.05011609907120743,-1.883916083916084,-0.45109534094415304,0.41328263245457564,2.64650189667045,0.6984090584520701,REIT—Retail,Real Estate,WHLRP
2017Q2,2017,Q2,2017-08-08,2017-06-30,-715000.0,14719000.0,3241000.0,-0.71,10336000.0,0.7022216183,476760000.0,83662000.0,33767000.0,15181000.0,384180000.0,0.0,-183729000.0,22711950.0,320677950.0,82.88125854451071,2.224293524800738,0.6397726319322091,3.6458368195835624,0.009229121443348304,82.88125854451071,-0.008546293418756425,1.5430362116991643,-7.941241258741259,0.2714727116253496,-5.032167832167832,0.0,0.15841880595897753,0.030872975920798726,1.6155062248863712,-0.00149970635120396,4.214501762850251,0.7022216183164617,0.7330827067669173,-0.5653220951234196,29.297541245124176,130.16085398317495,0.02774187133339962,0.7341018966158424,0.8116266070430408,0.6080022368543687,3.050698820539099,1.6071426334384322,REIT—Retail,Real Estate,WHLRP
2017Q1,2017,Q1,2017-05-02,2017-03-31,-2689000.0,14322000.0,1789000.0,-2.66,10057000.0,0.7022063958,481543000.0,88821000.0,30924000.0,12274000.0,382739000.0,0.0,-177576000.0,24084761.2,325313761.2,87.99211428344991,2.519472054749878,0.6352350672733276,3.443926548901724,0.00460257242817305,87.99211428344991,-0.030274372051654452,1.6816618628683144,-2.239193120119003,0.2711606624559507,-2.3030866493120117,0.0,0.25713354384431264,0.029741892209003144,1.759817500407365,-0.005584132673509946,3.8066636952742217,0.7022063957547828,0.3366583541147131,-18.18644890154191,26.030648701596512,126.77573180345604,0.1954303347133618,0.33634892695346397,1.3398375323542375,-1.3208324270953087,2.908680644252749,4.274992251217459,REIT—Retail,Real Estate,WHLRP
2016Q4,2016,Q4,2017-02-28,2016-12-31,-4051828.0,12027833.0,764583.0,-4.01,8412870.0,0.6994501836,489046335.0,94833420.0,32321510.0,11320614.0,383853749.0,0.0,-170377414.0,22358653.0,323467960.0,93.9484258286937,2.855102205587082,0.6256517166210845,3.2264224890339293,0.0019595860132189625,93.9484258286937,-0.04272573951250519,1.8589094976626297,-1.3795410984869052,0.23576765448298712,-1.2434560400885724,0.0,0.22533870891059493,0.024594465062293125,1.9701627491229716,-0.00828516177306594,-23.966416054607276,0.699450183586686,0.1663201663201663,-16.338993422713674,8.861280164105523,99.24494274415787,0.027395353165435312,-1.681119209658262,-0.5413746709143139,-2.536163431445961,2.4521629990034857,4.153794149135631,REIT—Retail,Real Estate,WHLRP
2016Q3,2016,Q3,2016-11-09,2016-09-30,-1511245.0,11910678.0,1667119.0,-4.81,8188542.0,0.6874958755,404608549.0,103974066.0,63092968.0,10147839.0,289998305.0,0.0,-160594653.0,21788330.7,217738956.7,103.00377048205901,6.217379680540852,0.5728184996901783,2.2290872225772147,0.014398597571219815,103.00377048205901,-0.014534826405653886,1.8293106991894164,-3.6043677067583353,0.20955543567950877,-2.837680852542109,0.0,0.19682237519921614,0.029437534202966138,5.16540427966979,-0.0037350792605224956,4.389979019571458,0.6874958755496539,0.2460815047021944,-5.54779854593981,21.51545935727788,65.39094737971303,0.02071854178043763,0.4400367715034928,125.69102468212415,0.3463139554700456,5.02629256870392,4.367464432969202,REIT—Retail,Real Estate,WHLRP
2016Q2,2016,Q2,2016-08-04,2016-06-30,-2698829.0,11085374.0,-13370.0,-6.38,8022331.0,0.723686093,365787912.0,86457755.0,15136091.0,9161674.0,268021579.0,0.0,-154277513.0,16462124.352169044,262013180.35216904,85.65092330249054,1.6521097563611191,0.6785424144907227,2.8707964138092645,-6.851819119197283e-05,85.65092330249054,-0.031215580372171356,1.4850310284676949,-1.5249321420668969,0.19040656737118658,-1.5647104725790333,0.0,0.2565213279684401,0.030305468377533482,0.6275586754123755,-0.007378125168882016,3.9553531300127016,0.7236860930447633,-0.13928571428571435,-113.65351119418837,4.83122474733527,57.32388676804016,0.31811192119126636,0.16416612933296912,0.9884988455834535,-0.5717860791149451,5.805101351766136,10.487073186221638,REIT—Retail,Real Estate,WHLRP
2016Q1,2016,Q1,2016-05-05,2016-03-31,-3228906.0,9138662.0,-1162492.0,-5.6,6086229.0,0.6659868808,301946960.0,90934311.0,18953918.0,6522190.0,200730293.0,0.0,-147526640.0,19915856.6,197856640.6,90.08570367141527,2.9060665206012093,0.6125924433880705,2.0341103810639747,-0.006643824303085273,90.08570367141527,-0.03550811530314449,2.179296772328378,-1.5419972430290632,0.2190136636104275,-1.2829667385795684,0.0,0.20800405843452396,0.030265785752570586,1.5470979839593757,-0.010693619833099164,68.08723474812398,0.6659868807928337,0.36651583710407243,-57.47348786671496,18.8931230245457,0.0,-0.05396472723779597,0.6382782439370633,-1.4578091956286305,-2.15740035417891,4.648415616138292,10.791380265202063,REIT—Retail,Real Estate,WHLRP
2015Q4,2015,Q4,2016-03-10,2015-12-31,-8926491.0,9520320.0,2539250.0,-8.84,6433406.0,0.6757552267,313969852.0,98264852.0,16466594.0,7533769.0,206603114.0,0.0,-140306846.0,17255741.05319467,195290012.05319467,97.34783539062036,2.1857046585845676,0.6030529835711742,1.9268380519211488,0.018710678137594663,97.34783539062036,-0.09084113819252483,1.8125169167837498,-0.48327335604759664,0.17560440688593992,-0.4603276920348657,0.0,0.23813008014739848,0.030322401782703647,1.9590307321607552,-0.02843104502912592,-6.0253227462121774,0.6757552267150684,0.012290502793296026,-126.34846993366148,6.656769498771903,49.764478604908504,0.34770727206948726,-0.3264294738231075,1.5019270599220953,-21.527251528695054,9.241385208365383,10.31123266434291,REIT—Retail,Real Estate,WHLRP
2015Q3,2015,Q3,2015-11-10,2015-09-30,-6729714.0,7167213.0,-5059002.0,-8.95,4773593.0,0.6660319709,339037026.0,103887206.0,38919873.0,9189347.0,225653885.0,0.0,-134145251.0,23469015.0,201759220.0,102.91772106754374,4.235325208635608,0.5494488321756338,1.7931322361292497,-0.021389503777416934,102.91772106754374,-0.06477904507317292,3.2744966558130755,-0.8718429564763078,0.22590861669722834,-0.6563623654734807,0.0,0.18821117971930224,0.02113991231152435,1.1030742445573118,-0.019849495730298202,4.3070331462775355,0.6660319708651048,-0.27674750356633376,-28.157953570592976,12.548606805293005,65.335484340599,0.04448795268376864,-0.3861346045393821,-0.6437894416706794,-17.3800656575864,13.665064545236913,381.3473127500377,REIT—Retail,Real Estate,WHLRP
2015Q2,2015,Q2,2015-08-12,2015-06-30,-4855022.0,6703361.0,-3077646.0,-7.01,4570271.0,0.6817879867,301161105.0,114099591.0,51359446.0,8227725.0,177070839.0,0.0,-108544140.0,24155420.6,138816042.6,113.03480315428662,6.24224144584317,0.5439828161076776,1.435819923315939,-0.014790534546064594,113.03480315428662,-0.04255073973052191,3.603479001056336,-1.243836825044253,0.2117047080387869,-0.724162320994632,0.0,0.14555010480753128,0.022258388911144417,6.24224144584317,-0.016121012705143316,-7.70206630517061,0.6817879866532625,-0.15296052631578944,-205.25438633756747,2.5261601957247546,75.97090475878878,0.10929930907129726,-0.2909501216891135,-0.6683494829852689,-9.628913578895517,12.798176260510688,177.8792975866102,REIT—Retail,Real Estate,WHLRP
2015Q1,2015,Q1,2015-05-15,2015-03-31,-3760813.0,5752141.0,-1844725.0,-6.08,4119962.0,0.7162484369,288004189.0,35736064.0,83073224.0,7211725.0,242356329.0,0.0,-34607083.0,24125037.058,90800961.058,35.40257177388996,11.519189098308656,0.5126114676061188,4.131239803018038,-0.014624442384700778,35.40257177388996,-0.10523859034951359,4.194096955898682,-1.603711555054718,0.6750893735247395,-0.5717441946728008,0.0,0.08912827759934876,0.019972421303913742,11.519189098308656,-0.013058188539056284,-2.5984324618626093,0.7162484368863697,0.3877139979859013,-67.1059942049982,11.521313138349282,0.0,-0.05653945556328549,0.6249718914372767,-2.33463923194351,-25.83400760608201,9.856312152845277,50.4090331045039,REIT—Retail,Real Estate,WHLRP
2014Q4,2014,Q4,2015-03-25,2014-12-31,-10028083.0,5693576.0,1382190.0,-9.93,4366862.0,0.7669805409,200482368.0,42570259.0,11955214.0,5130625.0,147358941.0,0.0,-27660234.0,22459595.0,153939990.0,42.1729894394801,2.3301671823608237,0.7055490435946966,3.322745652076019,0.01640017540604975,42.1729894394801,-0.2355654683707703,3.9447255995177724,-0.5599174588004506,0.5275888737251986,-0.20658993348978064,0.0,0.09224124477756612,0.02839938522673475,2.3301671823608237,-0.05001977530512808,-3.5836540623270268,0.7669805408762437,-0.913294797687861,-142.06417005492548,3.579089679311172,20.99216666210329,0.44974244430250143,-1.8533707368026293,1.6059796976480523,-41.91319009084957,3.6680019644126483,43.99946512589097,REIT—Retail,Real Estate,WHLRP
2014Q3,2014,Q3,2014-11-13,2014-09-30,-3514469.0,4167830.0,-2280918.0,-5.19,3012164.0,0.7227175773,188263396.0,45360686.0,21664756.0,5316268.0,135432363.0,0.0,-21657039.0,23923254.0,133852597.0,44.93737591884449,4.075181311401156,0.689420034683747,2.861344667494667,-0.017036607405559838,44.93737591884449,-0.07747830356886579,5.739978358042435,-1.7017687451504053,0.5274006217630836,-0.38374730293537945,0.0,0.056374772428533344,0.02213829182174107,4.075181311401156,-0.018667829618881412,-1.6469884966754564,0.7227175772524311,-0.5585585585585586,-14.22720340378333,6.878695652173913,27.96432767507318,0.10552043798540514,-0.926802778524005,-5.184634656890923,-14.22720340378333,6.878695652173913,27.96432767507318,REIT—Retail,Real Estate,WHLRP
2014Q2,2014,Q2,2014-08-14,2014-06-30,-1823990.0,3633694.0,-368804.0,-3.33,2724657.0,0.7498311635,140152297.0,32089537.0,17906894.0,3361048.0,101207572.0,0.0,-16274152.0,25336442.0,104328720.0,31.790074498226705,5.32777098095594,0.6795189735634515,2.967825462860371,-0.005108629631323366,31.790074498226705,-0.056840645597348444,6.972640514033378,-3.472667339184974,0.7895546140164005,-0.5515858091327255,0.0,0.03970908780325193,0.02592675309488506,5.32777098095594,-0.013014342533394226,-13.832895466715586,0.7498311635487193,-0.332,-76.48799864055398,0.9114272894215104,20.647410604483486,-0.005951542702036141,-0.5742562806610532,-3.99718813490451,-76.48799864055398,0.9114272894215104,20.647410604483486,REIT—Retail,Real Estate,WHLRP
2014Q1,2014,Q1,2014-05-15,2014-03-31,-1158636.0,3664152.0,123050.0,-2.5,2740970.0,0.7480502992,125088419.0,16838129.0,4005338.0,2608844.0,101731726.0,0.0,-13255297.0,24680319.0,119021245.0,16.680994036179193,1.5352922597134977,0.7712724868638718,5.729689801046185,0.002203015819811155,16.680994036179193,-0.06881025795680744,6.735615498483687,-5.325296080908931,1.4657399880948767,-0.8683158472548755,0.0,0.0407637356713258,0.029292495894444073,1.5352922597134977,-0.009262536126545816,1159.680434169721,0.7480502992233946,-1.192982456140351,-19.982180369431365,6.976159586232117,0.0,0.0007071838856998072,-0.011179707913767012,-0.8646603475165916,-19.982180369431365,6.976159586232117,0.0,REIT—Retail,Real Estate,WHLRP
2013Q4,2013,Q4,2014-03-21,2013-12-31,-1145826.0,3484144.0,909194.0,-1.14,2739033.0,0.7861423064,125370266.0,18400700.0,2749947.0,2526388.0,99763457.0,0.0,-11298253.0,24680319.0,118087739.0,18.228982980325334,1.0884895748396526,0.7542657921775487,5.139070959256985,13.764594854416787,18.228982980325334,-0.06227078317672697,7.083610493710937,-5.38483133564782,1.3412706581814824,-0.9014387873900574,0.0,0.04185083669299412,0.02779083199839426,1.0884895748396526,-0.009139535525911702,-2.7464432461738357,0.78614230640295,0.5021834061135372,-15.346757971324633,1.802141893185222,8.50596192283829,0.7192281329871903,0.5043752233029194,1.473346244754735,-15.346757971324633,1.802141893185222,8.50596192283829,REIT—Retail,Real Estate,WHLRP
2013Q3,2013,Q3,2013-11-14,2013-09-30,-2311882.0,1976452.0,-1920780.0,-2.29,1593176.0,0.8060787715,99083902.0,19371170.0,2724142.0,2670835.0,73421212.0,0.0,-10276279.0,24680319.0,89640566.0,19.190396465296903,1.0199589267026978,0.6739874253236414,3.447458465337922,-0.020510731321298357,19.190396465296903,-0.11934653405034389,12.487183599702902,-2.6688558282818935,1.274074771942015,-0.3702710605472079,0.0,0.03468443823598877,0.01994725641709185,1.0199589267026978,-0.02333256919978787,-2.356987613941879,0.8060787714551125,-0.3470588235294118,-9.016732957253403,2.7362041587901698,11.369145284300755,0.18530003452093277,-0.3464298568588145,-1.0518523266247917,-9.016732957253403,2.7362041587901698,11.369145284300755,REIT—Retail,Real Estate,WHLRP
2013Q2,2013,Q2,2013-08-12,2013-06-30,-1717046.0,1628980.0,-936120.0,-1.7,1344112.0,0.8251249248,62327735.0,7526526.0,1702616.0,1411232.0,48882246.0,0.0,-8073165.0,24680319.0,63753760.0,7.456287769214004,1.2064749098659895,0.6407949205919323,5.306471538130606,-0.024499620646121417,7.456287769214004,-0.22813260726130488,15.150780856732434,-3.5934271708504024,3.279111637958867,-0.22344771194248728,0.0,0.015545585127971807,0.026135716306713214,1.2064749098659895,-0.027548666737207763,-4.57816399817692,0.8251249247995678,-0.6831683168316831,-71.94473002251583,-0.14310978692155912,4.077349627927654,0.020420372088362254,-0.6790212067311594,-9.539137256332838,-71.94473002251583,-0.14310978692155912,4.077349627927654,REIT—Retail,Real Estate,WHLRP
2013Q1,2013,Q1,2013-05-15,2013-03-31,-1022647.0,1617916.0,109627.0,-1.01,1317214.0,0.8141423906,51365368.0,7711931.0,1869138.0,808792.0,36154003.0,0.0,-6418537.0,24680319.0,55448181.0,7.639962552753066,2.3110243424761867,0.6195096665130483,4.126248276858286,0.0059161427872837236,7.639962552753066,-0.13260582855318598,15.254388361324073,-6.033440424701778,3.2002774661754625,-0.6003919240950201,0.0,0.024877676824193402,0.03149818765048077,2.3110243424761867,-0.01990927038622599,-133.09417855313183,0.8141423905814641,-1.5897435897435896,-17.51950380296994,2.521894346391286,0.0,0.7735932385506025,-1.5807930791691167,2.623718822205107,-17.51950380296994,2.521894346391286,0.0,REIT—Retail,Real Estate,WHLRP
2012Q4,2012,Q4,2013-04-01,2012-12-31,-396253.0,929593.0,-67516.0,-0.39,742681.0,0.7989313603,52687877.0,8687369.0,2814306.0,938896.0,36455418.0,0.0,-5443099.0,24680319.0,54470630.0,8.606297675893087,2.9974629777951978,0.6043800739969083,3.665494466736707,,8.606297675893087,-0.045612543912892385,26.54959643628986,-15.571061291649528,2.8409428677428115,-2.0189121596555737e-05,0.0,3.2414491887240194e-07,0.0176433945136943,2.9974629777951978,-0.007520762318815768,-2.713359185404691,0.7989313602834789,-0.08333333333333341,-4.6530850987944925,-0.2523697387617361,3.4879705078418617,1.0005360399309344,-0.0822385850298518,0.5983413943471768,-4.6530850987944925,-0.2523697387617361,3.4879705078418617,REIT—Retail,Real Estate,WHLRP
2012Q3,2012,Q3,2012-12-07,2012-09-30,-366142.0,488727.0,-168093.0,-0.36,371241.0,0.7596081248,14611230.0,271709.0,676407.0,2385625.0,14339521.0,0.0,-3482966.0,24680319.0,36580583.0,0.26917338669731133,0.28353450353680903,0.8181307117881246,43.99521546949126,,0.26917338669731133,-1.3475519765631614,50.49919280088884,-16.85160333968788,90.8336455546191,-2.1849446389652104e-05,0.0,3.2414491887240194e-07,0.03344872402939383,0.28353450353680903,-0.02505894438729662,388.8440232547147,0.7596081247813197,0.20000000000000004,-0.5863900659439694,-0.07613043478260874,-0.8265046408630932,-0.03865913975710179,0.19841935307317607,-1.7248455964596605,-0.5863900659439694,-0.07613043478260874,-0.8265046408630932,REIT—Retail,Real Estate,WHLRP
2012Q2,2012,Q2,2012-06-30,2012-06-30,-456775.0,485815.0,-61689.0,-0.45,386170.0,0.7948910594,14866884.0,637858.0,712068.0,2213980.0,14229026.0,0.0,-3116817.0,24680319.0,36562432.0,0.6319054506548315,0.3216235015673132,0.808175136094423,18.836552963198706,-0.00859075301192558,0.6319054506548315,-0.7161076603256524,50.80188754978747,-13.50791910678124,38.69249738970115,-0.13801543429478408,0.0,0.0025543429969442457,0.032677661304144165,0.3216235015673132,-0.030724326630920104,-378.47445177120073,0.7948910593538693,-2.214285714285714,-18.40502995029525,-0.7444473726708108,-0.5697047908994565,-0.06872036771763299,-2.2591633309787302,-2.068152303776427,-18.40502995029525,-0.7444473726708108,-0.5697047908994565,REIT—Retail,Real Estate,WHLRP
2012Q1,2012,Q1,2012-03-31,2012-03-31,-140151.0,529843.0,57753.0,-0.14,414666.0,0.7826205121,15018862.0,695132.0,786763.0,2248537.0,14323730.0,0.0,-2794543.0,24680319.0,36583433.0,0.6886449644350221,0.3498999571721524,0.8040018611263623,17.371079161943342,,0.6886449644350221,-0.2016178222265699,46.58043797879749,-44.02451463064837,35.50450705765236,-0.4498148425626646,0.0,0.0025543429969442457,0.03527850512242539,0.3498999571721524,-0.009331665741385732,4365.107711354793,0.7826205121139659,0.3913043478260869,-1.5380478087649403,0.15336708838715848,0.0,-0.44978019922057966,0.4002516229250737,-0.7671015223308801,-1.5380478087649403,0.15336708838715848,0.0,REIT—Retail,Real Estate,WHLRP
2011Q4,2011,Q4,2011-12-31,2011-12-31,-233683.0,1219703.0,247975.0,-0.23,753637.0,0.6178856656,32079561.0,946017.0,1217175.0,2400318.0,31133544.0,0.0,-7056144.0,24680319.0,53194643.0,0.9371886826098156,0.5070890606994574,0.8956863842369913,30.372843194149787,,0.9371886826098156,-0.24701775972313395,20.23469565951711,-26.403631201242707,26.088663311547254,-1.653470727438453,0.0,0.015655713364158705,0.03802118738470268,0.5070890606994574,-0.007284482477799494,320.9028722256173,0.6178856656087589,0.0,-2.333804122975961,-0.019047182451788863,-0.5112793763086344,1.0233549637687969,-0.012482560809698355,6.52713696645492,-2.333804122975961,-0.019047182451788863,-0.5112793763086344,REIT—Retail,Real Estate,WHLRP
2011Q3,2011,Q3,2011-09-30,2011-09-30,-230802.0,529000.0,-44865.0,-0.23,372469.0,0.704100189,32440162.0,1566088.0,1636838.0,2013163.0,30874074.0,0.0,-6436073.0,24680319.0,52922430.0,1.5514731231796477,0.8130677943117373,0.8896660565381886,18.428664928152184,,1.5514731231796477,-0.14737486016111484,46.65466729678639,-26.73321613330907,15.759215957213133,-0.8243819377648374,0.0,0.007709341196116631,0.01630694692585074,0.8130677943117373,-0.007114699365558039,58.879301377967785,0.7041001890359169,-8.871244635193133,0.0,0.0,0.0,-0.7316575362598664,-8.805089426058881,-1.0628128215718256,0.0,0.0,0.0,REIT—Retail,Real Estate,WHLRP
2011Q2,2011,Q2,2011-06-30,2011-06-30,-23539.0,1901037.0,714265.0,-0.0233,1388036.0,0.7301467567,32251543.0,1482373.0,1530179.0,1792425.0,30769170.0,0.0,-6014788.0,24680319.0,53155246.0,1.468539359235997,0.8536920652189074,0.8984607341112331,19.54753965432452,,1.468539359235997,-0.01587926925274543,12.982555836630219,-262.12157483325547,16.64919625492369,-13.393814520582863,0.0,0.012774429698416783,0.0589440635444946,0.8536920652189074,-0.0007298565529097321,41.92306673121512,0.7301467567438193,0.5740402193784278,0.0,0.0,0.0,2.9111724759784723,0.5737232886635277,3.8824277306501336,0.0,0.0,0.0,REIT—Retail,Real Estate,WHLRP
2011Q1,2011,Q1,2011-03-31,2011-03-31,-55220.0,459388.0,146293.0,-0.0547,354890.0,0.7725277979,,,,,,,,24680319.0,,,0.0,0.0,0.0,0.0,,0.0,53.72434412740429,-111.73632289025716,0.0,-1.0737413980441868,0.0,0.002402400066222807,0.0,0.0,0.0,264.97518842197934,0.7725277978527955,0.21181556195965423,0.0,0.0,0.0,-0.5720561298747967,0.2122119980027106,-0.637769364667081,0.0,0.0,0.0,REIT—Retail,Real Estate,WHLRP
2010Q4,2010,Q4,2010-12-31,2010-12-31,-70095.0,1243386.0,403867.0,-0.0694,829291.0,0.6669618284,32704774.0,1935701.0,1406946.0,1569942.0,30769073.0,0.0,-5561460.0,24680319.0,53515827.0,1.9176368607715322,0.8961770562224591,0.8928094412149126,15.08452545098649,,1.9176368607715322,-0.03621168765217355,19.84928171943387,-88.02453456023967,12.75006780489342,-6.274712889649761,0.0,0.01782092038599663,0.03801848623078698,0.8961770562224591,-0.0021432650780586343,47.66583168848425,0.6669618284265707,0.0,0.0,0.0,0.0,0.0,0.0,0.0,0.0,0.0,0.0,REIT—Retail,Real Estate,WHLRP
