Year,Date,FillingDate,NetIncome,Revenue,OperatingIncome,EPSDiluted,GrossProfit,GrossProfitRatio,TotalAssets,CommonStockEquity,CurrentAssets,CurrentLiability,TotalLiability,Inventory,RetainedEarnings,EnterpriseValue,bookValuePerShare,currentRatio,debtToAssets,debtToEquity,roic,shareholdersEquityPerShare,roe,priceToSalesRatio,peRatio,pbRatio,payoutRatio,inventoryTurnover,dividendYield,assetTurnover,quickRatio,returnOnAssets,priceToFreeCashFlowsRatio,grossProfitMargin,epsdilutedGrowth,fiveYNetIncomeGrowthPerShare,fiveYRevenueGrowthPerShare,fiveYShareholdersEquityGrowthPerShare,grossProfitGrowth,netIncomeGrowth,operatingIncomeGrowth,threeYNetIncomeGrowthPerShare,threeYRevenueGrowthPerShare,threeYShareholdersEquityGrowthPerShare,Industry,Sector,Price,MarketCap,AvgVolume,Symbol
2022,2022-12-31,2023-03-01,-1377292000.0,4049742000.0,133117000.0,-0.0043,556559000.0,0.1374307302,4262371000.0,1123980000.0,1157008000.0,600701000.0,3032901000.0,78273000.0,-2247109000.0,42626074870.0,0.003526958118836178,1.9260963441046377,0.49614756669468707,1.8814970017260093,0.03630439957863262,0.003526958118836178,-1.2253705581949856,10.033237887746923,-29.501387410948443,36.15013155928042,0.0,44.62819874030637,0.0,0.9501148539158135,1.670887846033218,-0.32312813689845393,502.852924643887,0.13743073015515556,0.0,0.0,0.0,0.0,-0.12788968543111215,-26.27419532425588,-0.42135119627208234,0.0,0.0,0.0,,,0.139,0,0,ADVWW
2021,2021-12-31,2022-03-01,54494000.0,3602298000.0,230048000.0,0.0,638175000.0,0.1771577476,5854268000.0,2483317000.0,1104314000.0,645520000.0,3271974000.0,70704000.0,-866607000.0,1939516000.0,0.0,1.7107355310447392,0.35941948677443536,0.8473094655253437,0.031241212850736246,0.0,0.021944036947357103,0.0,0.0,0.0,1.1855250119279186,41.922988798370675,,0.6153285090467331,1.508577580865039,0.009308422504743548,0.0,0.1771577476377579,0.0,0.0,0.0,0.0,0.05625585498505427,1.3369922143135424,2.4332447840491898,0.0,0.0,0.0,,,0.139,0,0,ADVWW
2020,2020-12-31,2021-03-16,-161707000.0,3155671000.0,67006000.0,0.0,604186000.0,0.1914603899,5777492000.0,2443069000.0,899751000.0,574989000.0,3237469000.0,44185000.0,-907738000.0,1958451000.0,0.0,1.5648142834036824,0.3743409770190941,0.8852603016943034,0.01388594180959108,0.0,-0.06619010760645729,0.0,0.0,0.0,0.0,57.745501867149486,,0.5462008428570736,1.3905900808537206,-0.02798913438564692,0.0,0.19146038988221523,0.0,0.0,0.0,0.0,-0.02804607316366912,-7.185209556590403,-0.6864101388095885,0.0,0.0,0.0,,,0.139,0,0,ADVWW
2019,2019-12-31,2020-03-30,-19756000.0,3785063000.0,213674000.0,0.0,621620000.0,0.1642297632,6012683000.0,1577799000.0,952491000.0,518131000.0,4342877000.0,25163000.0,-745295000.0,3143877000.0,0.0,1.8383208107602131,0.5535134647876829,2.1093314167393946,0.045649591473901685,0.0,-0.01252124003120803,0.0,0.0,0.0,0.0,125.71803838969916,,0.6295131474584641,1.696877816613945,-0.0032857211996707627,0.0,0.16422976315057372,0.0,0.0,0.0,0.0,0.037802787085313795,0.9829297038360644,1.1960466605622095,0.0,0.0,0.0,,,0.139,0,0,ADVWW
2018,2018-12-31,2018-12-31,-1157332000.0,3707628000.0,-1089914000.0,0.0,598977000.0,0.1615526153,,,,,,,,,0.0,0.0,0.0,0.0,0.0,0.0,0.0,0.0,0.0,0.0,0.0,0.0,,0.0,0.0,0.0,0.0,0.16155261531092116,0.0,0.0,0.0,0.0,0.0,0.0,0.0,0.0,0.0,0.0,,,0.139,0,0,ADVWW
2016,2016-12-31,2016-12-31,32149000.0,2100235000.0,221148000.0,0.0,488950000.0,0.2328072811,5949800000.0,1702107000.0,489916000.0,323629000.0,4211498000.0,3317000.0,46804000.0,2655581000.0,0.0,1.5138198369120197,0.45309909576792495,1.5838305112428301,0.029114294960706198,0.0,0.01888776675026893,0.0,0.0,0.0,0.0,485.76575218570997,,0.3529925375642879,1.4218286989114077,0.005403374903358096,0.0,0.23280728108997326,0.0,0.0,0.0,0.0,0.10925586048716966,0.30718874522241196,0.08414916929351955,0.0,0.0,0.0,,,0.139,0,0,ADVWW
2015,2015-12-31,2015-12-31,24594000.0,1895046000.0,203983000.0,0.0,440791000.0,0.2326017416,5887020000.0,1682375000.0,448591000.0,278567000.0,4177407000.0,4459000.0,14655000.0,2615000000.0,0.0,1.6103522671386057,0.4561837737938719,1.5962927409168586,0.026961175775711655,0.0,0.014618619511107808,0.0,0.0,0.0,0.0,326.13926889437096,,0.321902422617895,1.4896057321936913,0.004177665440239714,0.0,0.23260174159360775,0.0,0.0,0.0,0.0,0.0,0.0,0.0,0.0,0.0,0.0,,,0.139,0,0,ADVWW
TTM,,,,,,,,,,,,,,,,1884811000.0,0.003383734579236316,2.059829719758873,0.4915026712587636,1.8717390184017464,0.029338004203327862,0.003383734579236316,-0.7974056587179141,0.0,-30.891689807519434,41.07887209976478,0.0,182.73341804320202,0.0,1.0021248759099535,1.7718316331046484,-0.3491864912699571,0.0,0.13302340027543352,,,,,,,,,,,,,0.139,0,0,ADVWW
