Quarters,Year,Quarter,FillingDate,Date,NetIncome,Revenue,OperatingIncome,EPSDiluted,GrossProfit,GrossProfitRatio,TotalAssets,CommonStockEquity,CurrentAssets,CurrentLiability,TotalLiability,Inventory,RetainedEarnings,MarketCap,EnterpriseValue,bookValuePerShare,currentRatio,debtToAssets,debtToEquity,roic,shareholdersEquityPerShare,roe,priceToSalesRatio,peRatio,pbRatio,payoutRatio,inventoryTurnover,dividendYield,assetTurnover,quickRatio,returnOnAssets,priceToFreeCashFlowsRatio,grossProfitMargin,epsdilutedGrowth,fiveYNetIncomeGrowthPerShare,fiveYRevenueGrowthPerShare,fiveYShareholdersEquityGrowthPerShare,grossProfitGrowth,netIncomeGrowth,operatingIncomeGrowth,threeYNetIncomeGrowthPerShare,threeYRevenueGrowthPerShare,threeYShareholdersEquityGrowthPerShare,Industry,Sector,Symbol
2023Q1,2023,Q1,2023-05-10,2023-03-31,-70617000.0,0.0,-73841000.0,-0.52,0.0,0.0,613407000.0,477046000.0,611543000.0,39374000.0,136361000.0,0.0,-937035000.0,3335326710.0,2965515710.0,3.4798777418719498,15.531645248133286,0.15937379260425785,0.20492992290051693,-0.12542634926492144,3.4798777418719498,-0.14802974975159627,0.0,-11.807803751221376,6.991624937637041,0.0,0.0,0.0,0.0,15.236475847005638,-0.11512258581985534,-65.62245130445048,0.0,-0.2682926829268294,-0.4245643477108984,0.0,3.480821312885871,0.0,-0.377220867869332,-0.17261914214479682,-0.8254902687974903,0.0,0.7768894985878887,Biotechnology,Healthcare,ISEE
2022Q4,2022,Q4,2023-03-01,2022-12-31,-51275000.0,0.0,-62971000.0,-0.41,0.0,0.0,666823000.0,534749000.0,662826000.0,35587000.0,132166000.0,0.0,-864806000.0,2684107470.0,2305571470.0,4.2654685842366815,18.62550931519937,0.14661761816853947,0.18282970141131633,-0.08626807466098883,4.2654685842366815,-0.09588610731389867,0.0,-13.08682335446124,5.019378194255622,0.0,0.0,0.0,0.0,18.17615983364712,-0.07689446824719604,-54.191549969715325,0.0,-0.17142857142857143,-0.5448270162600549,0.0,3.041212198535113,0.0,-0.22214277201763794,-0.48125235227700414,-0.03929972026663404,0.0,0.6163601292774393,Biotechnology,Healthcare,ISEE
2022Q3,2022,Q3,2022-11-04,2022-09-30,-41955000.0,0.0,-42512000.0,-0.35,0.0,0.0,331790000.0,259800000.0,329478000.0,24588000.0,72264000.0,0.0,-805745000.0,2157769380.0,2053949380.0,2.160013967757759,13.399951195705222,0.14852768317309142,0.18968437259430332,-0.1355423354210235,2.160013967757759,-0.16148960739030024,0.0,-12.85764140150161,8.305501847575059,0.0,0.0,0.0,0.0,13.03623718887262,-0.12645046565598722,-52.18936703349861,0.0,0.1250000000000001,-1.0663627133412326,-1.0,0.7708914514920651,0.0,0.13120457228054916,0.14553896247462464,-0.003959316051985322,0.0,0.0032516642627081266,Biotechnology,Healthcare,ISEE
2022Q2,2022,Q2,2022-07-26,2022-06-30,-48291000.0,0.0,-49753000.0,-0.4,0.0,0.0,319756000.0,292946000.0,317222000.0,26479000.0,26810000.0,0.0,-763394000.0,1151388940.0,1012330940.0,2.4476008254864774,11.980135201480419,0.006426775416254894,0.007014944733841732,-0.16418228176535535,2.4476008254864774,-0.16484608084766475,0.0,-5.960680768673251,3.930379455599325,0.0,0.0,0.0,0.0,11.781524982061256,-0.15102453120504383,-31.979472836351515,0.0,-0.37931034482758635,0.34841052346925244,-1.0,1.589746474938141,0.0,-0.40917447255537076,-0.43504470723968847,-0.15869502648326003,0.0,-0.002102174921582793,Biotechnology,Healthcare,ISEE
2022Q1,2022,Q1,2022-05-04,2022-03-31,-34269000.0,0.0,-34670000.0,-0.29,0.0,0.0,352705000.0,333154000.0,350967000.0,19166000.0,19551000.0,0.0,-714131000.0,1998646649.9999998,1808119649.9999998,2.805389246768557,18.31195867682354,0.0037992089706695396,0.0040221639241912145,-0.10243740668760776,2.805389246768557,-0.10286233993888712,0.0,-14.580573185678016,5.999167502116138,0.0,0.0,0.0,0.0,18.035218616299698,-0.09716051657901079,-53.115941586052934,0.0,0.0,0.7604025559999709,-1.0,1.762934613887064,0.0,-0.03741712832621923,-0.049556504101958644,0.04371298950877397,0.0,0.019740985056296196,Biotechnology,Healthcare,ISEE
2021Q4,2021,Q4,2022-02-24,2021-12-31,-33033000.0,0.0,-33033000.0,-0.29,0.0,0.0,389358000.0,360528000.0,387488000.0,28211000.0,28830000.0,0.0,-679595000.0,1924020559.9999998,1664144559.9999998,3.133037289372833,13.73535145865088,0.004034847107289435,0.004357497891980651,-0.09083234800780927,3.133037289372833,-0.09162395153774464,0.0,-14.561351981351981,5.336674433053743,0.0,0.0,0.0,0.0,13.53192017298217,-0.08483965913118519,-84.40537661767931,0.0,-0.2608695652173912,0.8453889101791149,-1.0,2.182115783789661,0.0,-0.3454849089650116,-0.3437334743521946,-1.1093856853039437,0.0,0.0027266142941489717,Biotechnology,Healthcare,ISEE
2021Q3,2021,Q3,2021-11-09,2021-09-30,-24551000.0,0.0,-24583000.0,-0.23,0.0,0.0,247790000.0,226486000.0,246040000.0,20443000.0,21304000.0,0.0,-646562000.0,1708724079.9999998,1530651079.9999998,2.152560897953753,12.035415545663552,0.007288429718713426,0.00797400280812059,-0.10683708680649115,2.152560897953753,-0.10839963618060278,0.0,-17.399740132784814,7.544502000123626,0.0,0.0,0.0,0.0,11.836325392554908,-0.09907986601557771,-65.17618644391042,0.0,0.28125,0.863602326997012,-1.0,3.094024231374618,0.0,0.18551570845635804,0.18615506852943123,0.42711024128264713,0.0,13.359132048594391,Biotechnology,Healthcare,ISEE
2021Q2,2021,Q2,2021-08-04,2021-06-30,-30143000.0,0.0,-30206000.0,-0.32,0.0,0.0,165667000.0,139573000.0,163688000.0,24992000.0,26094000.0,0.0,-622011000.0,589410790.0,541086790.0,1.4942136196726226,6.549615877080666,0.012307822318264954,0.014608842684473359,-0.21027351010435014,1.4942136196726226,-0.21596583866507132,0.0,-4.888454948080814,4.222957090554763,0.0,0.0,0.0,0.0,6.3973271446863,-0.1819493320938992,-28.820634198816684,0.0,-0.10344827586206906,0.6186018881504507,-1.0,2.645860629262562,0.0,-0.12494868445605524,-0.124111495664471,0.11591831774104162,0.0,2.0845751550891536,Biotechnology,Healthcare,ISEE
2021Q1,2021,Q1,2021-05-05,2021-03-31,-26795000.0,0.0,-26871000.0,-0.29,0.0,0.0,187402000.0,167188000.0,187276000.0,20163000.0,20214000.0,0.0,-591868000.0,576661980.0,547432980.0,1.7917287350901823,9.288101968953033,0.0005656289687409953,0.0006340167954637893,-0.16051971326164874,1.7917287350901823,-0.16026867957030408,0.0,-5.380313304721029,3.4491828360887142,0.0,0.0,0.0,0.0,9.024748301344045,-0.1429813982774997,-19.576398818616966,0.0,-0.07407407407407393,0.7211084434076469,-1.0,0.9013691805176977,0.0,-0.05359389745202894,-0.05397136693469308,0.20587293501626147,0.0,1.30709723117553,Biotechnology,Healthcare,ISEE
2020Q4,2020,Q4,2021-03-04,2020-12-31,-25432000.0,0.0,-25495000.0,-0.27,0.0,0.0,216754000.0,191563000.0,216603000.0,25130000.0,25191000.0,0.0,-565073000.0,641317100.0,575059100.0,2.0640340480551664,8.619299641862316,0.000530555376140694,0.0006003246973580493,-0.1329297732451132,2.0640340480551664,-0.13276050176704268,0.0,-6.304233839257628,3.347812991026451,0.0,0.0,0.0,0.0,8.428651014723439,-0.11733116805226201,-30.438896008353506,0.0,0.0,0.7307973479129373,-1.0,0.20584183413662138,0.0,0.0007072691552062868,-0.0004316433840841312,-0.035006703191947076,0.0,0.9555177604678177,Biotechnology,Healthcare,ISEE
2020Q3,2020,Q3,2020-11-03,2020-09-30,-25450000.0,0.0,-25484000.0,-0.27,0.0,0.0,234595000.0,214586000.0,234399000.0,19933000.0,20009000.0,0.0,-539641000.0,522687000.0,399998000.0,2.3154680334502293,11.759343801735815,0.0002301839340139389,0.0002516473581687529,-0.11865716813335196,2.3154680334502293,-0.11860046787768075,0.0,-5.134449901768173,2.435792642576869,0.0,0.0,0.0,0.0,11.68343952240004,-0.10848483556768047,-35.4171974522293,0.0,0.15624999999999997,0.7586314020867119,-1.0,-0.030975332513555706,0.0,-0.36908924632847384,-0.3406281235204377,-1.0522454156027399,-1.0,0.8983407551279363,Biotechnology,Healthcare,ISEE
2020Q2,2020,Q2,2020-08-06,2020-06-30,-18589000.0,0.0,-19009000.0,-0.32,0.0,0.0,249950000.0,238041000.0,249697000.0,11818000.0,11909000.0,0.0,-514191000.0,292847100.0,47256100.0,4.145539088486791,21.12853274665764,0.00021204240848169634,0.00022265071983397817,-0.07816682625398207,4.145539088486791,-0.07809158926403435,0.0,-3.938446124051858,1.2302380682319431,0.0,0.0,0.0,0.0,20.94254526992723,-0.07437087417483497,-22.97921374764595,0.0,-0.14285714285714277,0.7004886397049177,-1.0,0.2516849274608592,0.0,-0.2330193685327673,-0.013921484958395562,0.47719453335165984,-1.0,1.998862657135864,Biotechnology,Healthcare,ISEE
2020Q1,2020,Q1,2020-05-07,2020-03-31,-15076000.0,0.0,-18748000.0,-0.28,0.0,0.0,115714000.0,104630000.0,115241000.0,10978000.0,11084000.0,0.0,-495602000.0,183785440.0,75758440.0,1.9584097630367236,10.497449444343232,0.0018925972656722609,0.0020930899359648284,-0.14617363534055036,1.9584097630367236,-0.14408869349135048,0.0,-3.047649243831255,1.7565271910541909,0.0,0.0,0.0,0.0,10.298597194388778,-0.13028674144874433,-10.48644528129636,0.0,0.282051282051282,-2.2664568177443467,-1.0,-0.5860741056434607,0.0,0.13742991188923218,-0.050779060643425626,0.7657033267297209,-1.0,1.5325958235977883,Biotechnology,Healthcare,ISEE
2019Q4,2019,Q4,2020-02-27,2019-12-31,-17478000.0,0.0,-17842000.0,-0.39,0.0,0.0,130187000.0,117203000.0,128624000.0,12984000.0,12984000.0,0.0,-480526000.0,381063540.0,255859540.0,2.6389345461914306,9.906346272335181,0.0038022229562091454,0.004223441379486873,-0.1509996834963492,2.6389345461914306,-0.14912587561751833,0.0,-5.450617061448678,3.251312167777275,0.0,0.0,0.0,0.0,9.74899876771411,-0.13425303601742108,-31.997946091191537,0.0,-0.1142857142857144,0.6291541813210951,-1.0,-0.39366980604462365,0.0,-0.21063932950058875,-0.18496380421066613,0.7880430386545159,-1.0,1.9956875361879778,Biotechnology,Healthcare,ISEE
2019Q3,2019,Q3,2019-11-12,2019-09-30,-14437000.0,0.0,-15057000.0,-0.35,0.0,0.0,98823000.0,89462000.0,96973000.0,9361000.0,9361000.0,0.0,-463048000.0,46538240.00000001,-47567759.99999999,2.1530130920292647,10.359256489691273,0.007538730862248667,0.00832755806934788,-0.16412779188000767,2.1530130920292647,-0.16137577966063804,0.0,-0.8058848791300132,0.5202012027452997,0.0,0.0,0.0,0.0,10.240679414592458,-0.14608947309836778,-3.8058750408897617,0.0,0.0,-2.072362881235316,-1.0,-0.5895694477453408,0.0,0.0004154261580004154,0.009863878477017163,0.7969005656515441,-1.0,3.094464128500086,Biotechnology,Healthcare,ISEE
2019Q2,2019,Q2,2019-08-01,2019-06-30,-14443000.0,0.0,-15207000.0,-0.35,0.0,0.0,113608000.0,101733000.0,110591000.0,11875000.0,11875000.0,0.0,-448611000.0,52675790.0,-53224210.0,2.4527569496347374,9.312926315789474,0.008705372861066122,0.009721525955196446,-0.1466692323583433,2.4527569496347374,-0.14196966569353112,0.0,-0.9117875441390293,0.5177846912997749,0.0,0.0,0.0,0.0,9.14981052631579,-0.12713013168086754,-5.402645128205128,0.0,-0.16666666666666663,0.7786424741440867,0.0,-0.48657502192070495,0.0,-0.15534757219422446,-0.15502050736746165,0.5884421758943723,-1.0,4.9846931376403045,Biotechnology,Healthcare,ISEE
2019Q1,2019,Q1,2019-05-08,2019-03-31,-12501000.0,0.0,-13166000.0,-0.3,0.0,0.0,124096000.0,113969000.0,119034000.0,9882000.0,10127000.0,0.0,-434168000.0,58826340.0,-56582660.0,2.751080213387404,12.045537340619308,0.00793740330067045,0.008642701085382867,-0.11336559324681068,2.751080213387404,-0.10968772209986927,0.0,-1.1764326853851692,0.5161608858549255,0.0,0.0,0.0,0.0,11.803177494434324,-0.10073652656008251,-4.028373621858522,0.0,-1.114503816793893,0.5289910384374263,0.0,-0.5713888591077813,0.0,-1.120070307547496,0.39591649460885525,0.7069270610719077,-1.0,1.9194258195583278,Biotechnology,Healthcare,ISEE
2018Q4,2018,Q4,2019-02-28,2018-12-31,104114000.0,0.0,-21795000.0,2.62,0.0,0.0,137165000.0,123959000.0,133287000.0,13206000.0,13206000.0,0.0,-421667000.0,47607600.0,-83593400.0,3.1245179341113603,10.092912312585188,0.0,0.0,-0.17621354079071536,3.1245179341113603,0.8399067433586912,0.0,0.1143160381889083,0.384059245395655,0.0,0.0,0.0,0.0,9.934953808874754,0.7590420296722925,-4.722039277921048,0.0,7.390243902439026,5.035954579560973,0.0,-0.422759487249224,0.0,8.06096982027806,-0.4175609756097561,3.5781470327976312,-1.0,0.8253935491091808,Biotechnology,Healthcare,ISEE
2018Q3,2018,Q3,2018-11-02,2018-09-30,-14745000.0,0.0,-15375000.0,-0.41,0.0,0.0,140957000.0,5427000.0,137263000.0,10530000.0,135530000.0,0.0,-525781000.0,85798740.0,-49409260.0,0.14990884481520358,13.03542260208927,0.0,0.0,-2.834210227555935,0.14990884481520358,-2.716970702045329,0.0,-1.454709053916582,15.809607517965727,0.0,0.0,0.0,0.0,12.840265906932574,-0.10460636931830275,-7.928910451899085,0.0,-0.10810810810810806,0.9546801511829929,0.0,-0.9985747619109894,0.0,-0.11628435157846922,-0.03549299568965517,0.6420125609345595,-1.0,-0.937263064571929,Biotechnology,Healthcare,ISEE
2018Q2,2018,Q2,2018-08-01,2018-06-30,-13209000.0,0.0,-14848000.0,-0.37,0.0,0.0,151661000.0,17530000.0,147910000.0,9131000.0,134131000.0,0.0,-511036000.0,98793240.0,-47197760.0,0.484414723112634,16.198663892235242,0.0,0.0,-0.7853496290709279,0.484414723112634,-0.7535082715345123,0.0,-1.8698092209856916,5.6356668568168855,0.0,0.0,0.0,0.0,15.988500711860695,-0.08709556181219957,-11.075475336322869,0.0,-0.027777777777777804,-0.09841738858806955,0.0,-0.46497879723105234,0.0,-0.010403120936280884,-0.11379491410996924,0.6622981947380462,-1.0,-0.8537380556260695,Biotechnology,Healthcare,ISEE
2018Q1,2018,Q1,2018-05-09,2018-03-31,-13073000.0,0.0,-13331000.0,-0.36,0.0,0.0,161551000.0,28077000.0,157747000.0,8474000.0,133474000.0,0.0,-497827000.0,99059220.00000001,-55851779.999999985,0.7766160484607086,18.615411848005664,0.0,0.0,-0.4821406874896604,0.7766160484607086,-0.46561242297966304,0.0,-1.8943475101353937,3.52812693663853,0.0,0.0,0.0,0.0,18.280741090394148,-0.08092181416394822,-8.194839510258108,0.0,-0.3846153846153845,-0.7624597354499237,0.0,0.0,0.0,-0.3700482079228673,0.10283329968369338,-2.622885340602193,-1.0,-0.8358558568803907,Biotechnology,Healthcare,ISEE
2017Q4,2017,Q4,2018-03-05,2017-12-31,-9542000.0,0.0,-14859000.0,-0.26,0.0,0.0,175576000.0,38041000.0,171505000.0,12535000.0,137535000.0,0.0,-484754000.0,112447920.0,-54524080.0,1.055492355927971,13.682090147586758,0.0,0.0,-0.2579343740304238,1.055492355927971,-0.2508346257984806,0.0,-2.9461307901907356,2.9559664572435005,0.0,0.0,0.0,0.0,13.43111288392501,-0.05434683555839067,-8.489839184597962,0.0,-1.0495238095238095,0.8994514674310917,0.0,1.1611343859274093,0.0,-1.0504672798337151,-1.0786656643090085,0.7505093116845418,-1.0,-0.757486639518266,Biotechnology,Healthcare,ISEE
2017Q3,2017,Q3,2017-11-08,2017-09-30,189073000.0,206654000.0,188888000.0,5.25,0.0,0.0,182982000.0,43875000.0,181653000.0,14107000.0,139107000.0,0.0,-475212000.0,101438220.0,-78778780.0,1.2197325623418864,12.87679875239243,0.0,0.0,4.300726802909476,1.2197325623418864,4.309356125356126,0.49086018175307516,0.13412573450466223,2.3119822222222224,0.0,0.0,0.0,1.1293679159698768,12.775005316509533,1.0332874271786296,-6.31148705823793,0.0,9.467741935483872,2.8415268947121115,0.0,0.0,0.0,9.51526751936588,9.377150966826326,15.223096534174209,3.867622462700835,-0.7674814375173497,Biotechnology,Healthcare,ISEE
2017Q2,2017,Q2,2017-08-02,2017-06-30,-22204000.0,1661000.0,-22548000.0,-0.62,0.0,0.0,201788000.0,-148820000.0,199854000.0,25601000.0,350608000.0,0.0,-664285000.0,91796480.0,-49120520.0,-4.150259356350047,7.8064919339088314,0.0,0.0,0.15150507023940732,-4.150259356350047,0.14920037629350894,55.26579169175196,-1.0335579174923437,-0.6168289208439726,0.0,0.0,0.0,0.008231411184014907,7.6995429866020855,-0.11003627569528417,-2.96194114610222,0.0,0.48333333333333334,-0.8634047433328168,0.0,-5.5838341542752525,0.0,0.4850888177728306,0.4813690311896219,0.6063689277956239,0.0,-1.8687557971753934,Biotechnology,Healthcare,ISEE
2017Q1,2017,Q1,2017-05-03,2017-03-31,-43122000.0,1662000.0,-43476000.0,-1.2,0.0,0.0,238272000.0,-131655000.0,235796000.0,43258000.0,369927000.0,0.0,-642081000.0,131042640.0,38488640.0,-3.677103116970171,5.450922372740302,0.0,0.0,0.3302497044414444,-3.677103116970171,0.32753788310356613,78.84635379061372,-0.7597203283706693,-0.9953487524211005,0.0,0.0,0.0,0.00697522159548751,5.343427805261454,-0.18097804190169217,-2.1303589543503705,0.0,0.35483870967741943,-4.87023693739879,0.0,0.0,0.0,0.3494259463210778,0.35164638511095203,-0.8799021569161466,0.0,-1.5728831004176107,Biotechnology,Healthcare,ISEE
2016Q4,2016,Q4,2017-02-28,2016-12-31,-66283000.0,5322000.0,-67056000.0,-1.86,0.0,0.0,299630000.0,-94618000.0,295887000.0,65918000.0,394248000.0,0.0,-598959000.0,172431000.0,38501000.0,-2.6503641456582634,4.4887132497952,0.0,0.0,0.7060606123310649,-2.6503641456582634,0.7005326682026676,32.39966178128523,-0.650359066427289,-1.8223910883764187,0.0,0.0,0.0,0.017761906351166437,4.442018871931794,-0.2212161666054801,-5.2037361178174795,0.0,-0.08771929824561411,0.2948734011353231,0.0,0.5953880701303621,0.0,-0.0885516743032632,-0.09550727005391275,-1.855394513112288,0.0,-1.4896427515149353,Biotechnology,Healthcare,ISEE
2016Q3,2016,Q3,2016-11-08,2016-09-30,-60891000.0,1668000.0,-61210000.0,-1.71,0.0,0.0,350585000.0,-36589000.0,346941000.0,57182000.0,387174000.0,0.0,-532676000.0,1641951220.0,1476347220.0,-1.0279541495757711,6.067311391696688,0.0,0.0,1.67483253729827,-1.0279541495757711,1.664188690590068,984.3832254196643,-6.741354305233943,-44.875542376123974,0.0,0.0,0.0,0.004757762026327424,6.040834528348082,-0.17368398533879087,-277.356625,0.0,-1.011764705882353,0.4006543293772975,0.0,0.0,0.0,-1.0334279512439473,-1.0034039210552155,0.8096501451801644,0.0,-1.009773135197846,Biotechnology,Healthcare,ISEE
2016Q2,2016,Q2,2016-08-05,2016-06-30,-29945000.0,28198000.0,-30553000.0,-0.85,0.0,0.0,385854000.0,14505000.0,355088000.0,39696000.0,371349000.0,0.0,-471785000.0,1806053760.0,1611999760.0,0.40983838155515373,8.945183393792826,0.0,0.0,-2.0882457407417236,0.40983838155515373,-2.0644605308514303,64.04900205688347,-15.078091167139757,124.51249638055842,0.0,0.0,0.0,0.07307945492336479,8.897420395002015,-0.07760707417831615,-54.219566496547586,0.0,0.1747572815533981,-1.546133980622589,0.0,-0.547346078930939,0.0,0.1750915952728575,0.16851272281943122,-1.546133980622589,0.0,-0.547346078930939,Biotechnology,Healthcare,ISEE
2016Q1,2016,Q1,2016-05-09,2016-03-31,-36301000.0,15721000.0,-36745000.0,-1.03,0.0,0.0,398845000.0,33223000.0,331784000.0,34226000.0,365622000.0,0.0,-441840000.0,1490271120.0,1306449120.0,0.9423360562741093,9.69391690527669,0.0,0.0,-1.1069867252499679,0.9423360562741093,-1.0926466604460765,94.79493162012595,-10.263292471281785,44.856608975709605,0.0,0.0,0.0,0.03941631460843185,9.626745748845906,-0.09101530669809074,-40.49429704907342,0.0,-0.00980392156862746,-4.018498924693657,0.0,0.0,0.0,-0.018289433083676962,0.1081527147399335,-4.018498924693657,0.0,0.0,Biotechnology,Healthcare,ISEE
2015Q4,2015,Q4,2016-02-26,2015-12-31,-35649000.0,4782000.0,-41201000.0,-1.02,0.0,0.0,428851000.0,59947000.0,306485000.0,37505000.0,368904000.0,0.0,-405539000.0,2750277660.0,2528416660.0,1.7116955056821426,8.171843754166112,0.0,0.0,-0.6004170091304817,1.7116955056821426,-0.5946752965119189,575.1312547051443,-19.287200622738364,45.878486996847215,0.0,0.0,0.0,0.011150726009732985,8.0250899880016,-0.08312677363466565,-68.62826350592638,0.0,0.10526315789473675,0.6134198366987962,0.0,1.261312175927895,0.0,0.09915851717079827,0.13156840840587652,0.6134198366987962,0.0,1.261312175927895,Biotechnology,Healthcare,ISEE
2015Q3,2015,Q3,2015-11-05,2015-09-30,-39573000.0,3448000.0,-47443000.0,-1.14,0.0,0.0,450751000.0,83111000.0,288083000.0,34644000.0,367640000.0,0.0,-369890000.0,1409366640.0,1154471640.0,2.3894830659536543,8.315523611592194,0.0,0.0,-0.47957310813470455,2.3894830659536543,-0.4761463584844365,408.7490255220418,-8.903587294367373,16.95764267064528,0.0,0.0,0.0,0.007649456129881021,8.112284955547858,-0.08779348243265128,-57.11255987356648,0.0,-0.05555555555555539,0.6013924810864542,0.0,0.0,0.0,-0.06576714874363739,-0.11838476226397303,0.6013924810864542,0.0,0.0,Biotechnology,Healthcare,ISEE
2015Q2,2015,Q2,2015-08-10,2015-06-30,-37131000.0,1597000.0,-42421000.0,-1.08,0.0,0.0,471049000.0,113776000.0,460278000.0,22680000.0,357273000.0,0.0,-330317000.0,1788417180.0,1751697180.0,3.3119669315634734,20.294444444444444,0.0,0.0,-0.3280375521683567,3.3119669315634734,-0.3263517789340458,1119.8604758922982,-12.041267269936172,15.718755976655885,0.0,0.0,0.0,0.0033903054671594675,19.80983245149912,-0.07882619430250357,117.82180512550234,0.0,-5.909090909090909,-2.2526251606384875,0.0,2.657965884831414,0.0,-5.879237844940867,-6.628366724160807,-2.2526251606384875,0.0,2.657965884831414,Biotechnology,Healthcare,ISEE
2015Q1,2015,Q1,2015-05-11,2015-03-31,7610000.0,41678000.0,7537000.0,0.22,0.0,0.0,517425000.0,161593000.0,492904000.0,19523000.0,355832000.0,0.0,-273628000.0,1589185620.0,1549617620.0,4.731305264390701,25.247349280336014,0.0,0.0,0.0466418718632614,4.731305264390701,0.04709362410500455,38.13008349728874,52.20714914586071,9.834495429876293,0.0,0.0,0.0,0.08054887181717157,24.76745377247349,0.014707445523505822,-50.33369081176955,0.0,1.2075471698113207,2.086003854588976,0.0,0.0,0.0,1.212149089793984,1.2418185318275154,2.086003854588976,0.0,0.0,Biotechnology,Healthcare,ISEE
2014Q4,2014,Q4,2015-03-02,2014-12-31,-35871000.0,1684000.0,-31168000.0,-1.06,0.0,0.0,498370000.0,147121000.0,473625000.0,19831000.0,351249000.0,0.0,-281238000.0,1516740610.0,1476926610.0,4.352306008342455,23.883061872825376,0.0,0.0,-0.2440389471924719,4.352306008342455,-0.2438197130253329,900.6773218527316,-10.570799601349279,10.309477300997138,0.0,0.0,0.0,0.003379015590826093,23.42393222732086,-0.07197664385898028,145.08710637076717,0.0,-4.419354838709678,0.5969848283805536,0.0,1.664435087647659,0.0,-4.301822533136966,-3.2820325084199737,0.5969848283805536,0.0,1.664435087647659,Biotechnology,Healthcare,ISEE
2014Q3,2014,Q3,2014-11-12,2014-09-30,10864000.0,39575000.0,13658000.0,0.31,0.0,0.0,490486000.0,175895000.0,462644000.0,24039000.0,314591000.0,0.0,-245367000.0,1305361830.0,1210557830.0,5.245742745519072,19.24555929947169,0.0,0.0,0.06143575556792893,5.245742745519072,0.061764120640154636,32.98450612760581,30.038701905375554,7.421256033429034,0.0,0.0,0.0,0.08068527949829353,19.084903698157163,0.02214945992342289,-28.92640392669577,0.0,1.197452229299363,1.1135126633089376,0.0,0.0,0.0,1.2069372749957141,1.3230598197601533,1.1135126633089376,0.0,0.0,Biotechnology,Healthcare,ISEE
2014Q2,2014,Q2,2014-08-06,2014-06-30,-52499000.0,0.0,-42277000.0,-1.57,0.0,0.0,478126000.0,159431000.0,442155000.0,35362000.0,318695000.0,0.0,-256231000.0,1412011630.0,1163513630.0,4.7772450783567555,12.503676262654826,0.0,0.0,-0.32985154168288966,4.7772450783567555,-0.32928978680432286,0.0,-6.723992980818682,8.85656886051019,0.0,0.0,0.0,0.0,12.364430744867372,-0.10980160041495338,8.771348179898125,0.0,-1.453125,-3.73388630856185,0.0,4.276320652108201,0.0,-1.5383908712890435,-1.0398050757502653,-3.73388630856185,0.0,4.276320652108201,Biotechnology,Healthcare,ISEE
2014Q1,2014,Q1,2014-05-13,2014-03-31,-20682000.0,0.0,-20726000.0,-0.64,0.0,0.0,297093000.0,207205000.0,268332000.0,6555000.0,89888000.0,0.0,-203714000.0,1151660350.0,1085098350.0,6.418592404435908,40.93546910755149,0.0,0.0,-0.10002654376100963,6.418592404435908,-0.09981419367293261,0.0,-13.921046683106082,5.558072199029946,0.0,0.0,0.0,0.0,40.131502669717776,-0.06961456513616948,-68.2505837382956,0.0,0.015384615384615398,-2.1226289707696915,0.0,0.0,0.0,-0.014420247204237787,-0.013793778125611427,-2.1226289707696915,0.0,0.0,Biotechnology,Healthcare,ISEE
2013Q4,2013,Q4,2014-03-11,2013-12-31,-20388000.0,0.0,-20444000.0,-0.65,0.0,0.0,217682000.0,169720000.0,217400000.0,6295000.0,47962000.0,0.0,-183050000.0,1014334250.0,803738250.0,5.412852814543135,34.53534551231136,0.0,0.0,-0.12045722366250294,5.412852814543135,-0.12012726844214,0.0,-12.4378831910928,5.976515731793542,0.0,0.0,0.0,0.0,33.45448768864178,-0.0936595584384561,-39.65806193064081,0.0,0.9366471734892787,0.7530545794542025,0.0,1.8263410999504934,0.0,-0.26382345648400696,-0.3390973996200956,0.7530545794542025,0.0,1.8263410999504934,Biotechnology,Healthcare,ISEE
2013Q3,2013,Q3,2013-09-30,2013-09-30,-16132000.0,0.0,-15267000.0,-10.26,0.0,0.0,238376000.0,188801000.0,238333000.0,7908000.0,49575000.0,0.0,-162661000.0,53329450.0,-182749550.0,105.1816155988858,30.138214466363177,0.0,0.0,-0.08086291915826717,105.1816155988858,-0.0854444626882273,0.0,-0.8264544073890404,0.2824638111026954,0.0,0.0,0.0,0.0,29.85318664643399,-0.06767459811390408,-4.176608371065211,0.0,-25.039882135270332,-2.148653153373706,0.0,0.0,0.0,-0.6122326604037578,-1.0122578094108343,-2.148653153373706,0.0,0.0,Biotechnology,Healthcare,ISEE
2013Q2,2013,Q2,2013-06-30,2013-06-30,-10006000.0,0.0,-7587000.0,-0.394011,0.0,0.0,73483484.0,27262701.0,73451481.0,4554116.0,46220783.0,0.0,-147740074.0,791914487.1,718727128.1,0.9054121978822428,16.12859246448707,0.0,0.0,-0.27829230860141113,0.9054121978822428,-0.36702159481556873,0.0,-19.78599058315011,29.047543275334313,0.0,0.0,0.0,0.0,16.07059613764779,-0.13616665208742687,-114.76359582447273,0.0,-0.9204218148603291,0.0,0.0,0.0,0.0,-1.1667388479861411,-0.8383813908408044,0.0,0.0,0.0,Biotechnology,Healthcare,ISEE
2013Q1,2013,Q1,2013-03-31,2013-03-31,-4618000.0,0.0,-4127000.0,-0.20516898785002405,0.0,0.0,,,,,,,,591967632.5,,,0.0,0.0,0.0,0.0,,0.0,0.0,-32.04675360004331,0.0,0.0,0.0,0.0,0.0,0.0,0.0,-167.50640421618562,0.0,0.9220807303796074,0.0,0.0,0.0,0.0,-0.20538030818896438,-0.163803593268269,0.0,0.0,0.0,Biotechnology,Healthcare,ISEE
2012Q4,2012,Q4,2012-12-31,2012-12-31,-3831156.0,0.0,-3546131.0,-2.633096907216495,0.0,0.0,4879388.0,-9530811.0,4837236.0,14410199.0,14410199.0,0.0,-126471883.0,38266500.0,45001865.0,-6.550385567010309,0.3356814156417965,2.2625585421778305,-1.1583380469930629,-2.349847258944132,-6.550385567010309,0.40197586543264785,0.0,-2.4970596342200633,-4.015030830010164,0.0,0.0,0.0,0.0,0.298714542387652,-0.7851714190386171,-9.926487468576434,0.0,0.07749674933782807,0.0,0.0,0.0,0.0,0.07749674933782807,0.07988297872340426,0.0,0.0,0.0,Biotechnology,Healthcare,ISEE
2012Q3,2012,Q3,2012-09-30,2012-09-30,-4153000.0,0.0,-3854000.0,-2.854295532646048,0.0,0.0,,,,,,,,38266500.0,,,0.0,0.0,0.0,0.0,,0.0,0.0,-2.3035456296653023,0.0,0.0,0.0,0.0,0.0,0.0,0.0,-10.499627115277079,0.0,0.0,0.0,0.0,0.0,0.0,0.0,0.0,0.0,0.0,0.0,Biotechnology,Healthcare,ISEE
