Quarters,Year,Quarter,FillingDate,Date,NetIncome,Revenue,OperatingIncome,EPSDiluted,GrossProfit,GrossProfitRatio,TotalAssets,CommonStockEquity,CurrentAssets,CurrentLiability,TotalLiability,Inventory,RetainedEarnings,MarketCap,EnterpriseValue,bookValuePerShare,currentRatio,debtToAssets,debtToEquity,roic,shareholdersEquityPerShare,roe,priceToSalesRatio,peRatio,pbRatio,payoutRatio,inventoryTurnover,dividendYield,assetTurnover,quickRatio,returnOnAssets,priceToFreeCashFlowsRatio,grossProfitMargin,epsdilutedGrowth,fiveYNetIncomeGrowthPerShare,fiveYRevenueGrowthPerShare,fiveYShareholdersEquityGrowthPerShare,grossProfitGrowth,netIncomeGrowth,operatingIncomeGrowth,threeYNetIncomeGrowthPerShare,threeYRevenueGrowthPerShare,threeYShareholdersEquityGrowthPerShare,Industry,Sector,Symbol
2023Q1,2023,Q1,2023-05-22,2023-03-31,1777000.0,64380000.0,3150000.0,0.0763,14138000.0,0.219602361,95344000.0,23556000.0,81719000.0,53598000.0,55485000.0,0.0,7573000.0,29817060.0,39493060.0,1.0191226096737909,1.5246650994440092,0.21951040443027353,0.8884785192732213,0.0435365604674451,1.0191226096737909,0.07543725590083206,0.4631416589002796,4.194859313449634,1.2657947019867548,0.1710748452447946,0.0,0.01019550552603107,0.6752391340828998,1.397402888167469,0.018637774794428595,11.499059005013498,0.21960236098167132,1.9501867995018682,11.801728878183031,0.053727418397398356,0.061536782754599936,0.055626073321884566,1.9641888225718938,5.93730407523511,4.444793474770222,-0.041789752670341414,0.20685572198212077,Specialty Business Services,Industrials,SGRP
2022Q4,2022,Q4,2023-04-17,2022-12-31,-1843000.0,64642000.0,-638000.0,-0.0803,13393000.0,0.2071872776,94598000.0,22427000.0,80920000.0,54555000.0,56537000.0,0.0,6707000.0,29667300.0,40647300.0,0.9827352000350554,1.4832737604252588,0.2148565508784541,0.9062736879653989,-0.026680587912604563,0.9827352000350554,-0.0821777321977973,0.4589477429534977,-4.024321758003255,1.3228385428278415,0.0,0.0,0.0,0.6833336857016005,1.3391806433874072,-0.019482441489249245,-20.57371705963939,0.20718727762136072,-2.9827160493827156,-0.3091350372717758,0.16490854427257615,0.028796223914561127,0.04306853582554517,-3.0477777777777777,-1.3709302325581396,-1.7218088322607408,-0.021153949391744694,0.0938405302210287,Specialty Business Services,Industrials,SGRP
2022Q3,2022,Q3,2022-11-14,2022-09-30,900000.0,69832000.0,1720000.0,0.0405,12840000.0,0.1838698591,104204000.0,23958000.0,86308000.0,61577000.0,64344000.0,857000.0,9228000.0,32229150.0,43146150.0,1.0778782561749225,1.4016272309466198,0.21286131050631454,0.9258285332665498,0.020752435032812978,1.0778782561749225,0.037565740045078885,0.46152408637873754,8.952541666666667,1.345235411970949,0.0,66.50175029171528,0.0,0.6701470193082799,1.2628578852493626,0.008636904533415224,-29.924930362116992,0.18386985909038836,-0.44897959183673464,2.391063604251915,0.32767132946298383,0.08324135774223183,-0.008341056533827619,-0.44203347799132053,-0.27025880356385235,-0.06361091571486328,-0.008150047860119556,0.18393885752351274,Specialty Business Services,Industrials,SGRP
2022Q2,2022,Q2,2022-08-15,2022-06-30,1613000.0,67799000.0,2357000.0,0.0735,12948000.0,0.1909762681,100217000.0,24399000.0,81807000.0,58932000.0,60275000.0,857000.0,9260000.0,25733440.0,34667440.0,1.1188096111518708,1.3881592343718183,0.20434656794755382,0.8393376777736793,0.035366710262006655,1.1188096111518708,0.06610926677322841,0.3795548606911606,3.988443893366398,1.054692405426452,0.0,64.00350058343057,0.0,0.676521947374198,1.2757245639041608,0.0160950736900925,-30.41777777777778,0.19097626808654994,0.0986547085201793,3.4522686996400074,0.5024942958610777,0.13614312617807778,0.09441298284168709,0.109353507565337,0.14029995162070633,0.010917942490036529,-0.05142010391045401,0.25203703380126574,Specialty Business Services,Industrials,SGRP
2022Q1,2022,Q1,2022-05-16,2022-03-31,1454000.0,58994000.0,2067000.0,0.0669,11831000.0,0.2005458182,98224000.0,25447000.0,79808000.0,54951000.0,56376000.0,0.0,8113000.0,28057900.0,32066900.0,1.1790297919658992,1.4523484558970718,0.18396725851115817,0.7101033520650765,0.033268856445533894,1.1790297919658992,0.05713836601564035,0.475605993829881,4.824260660247593,1.102601485440327,0.0,0.0,0.0,0.6006067763479394,1.3477097778020417,0.014802899495031763,-8.071892980437283,0.2005458182188019,1.477857142857143,6.7011411531388925,0.4150590801724962,0.2446084645112137,0.11130941198572233,1.4762528660334098,1.5,1.2612302493503496,-0.006457034533989547,0.43709386294001445,Specialty Business Services,Industrials,SGRP
2021Q4,2021,Q4,2022-04-15,2021-12-31,-3053000.0,60023000.0,-4134000.0,-0.14,10646000.0,0.1773653433,89016000.0,19751000.0,72026000.0,50206000.0,51668000.0,0.0,7439000.0,26223600.0,26273600.0,0.92640712945591,1.434609409233956,0.15191650939157006,0.6846741937117108,-0.12724194184736387,0.92640712945591,-0.15457445192648472,0.4368925245322626,-2.14736324926302,1.327709989367627,0.0,0.0,0.0,0.6742945088523411,1.347329004501454,-0.0342972049968545,21.494754098360655,0.17736534328507406,-3.3333333333333335,-34.156170816029686,0.30246423033939124,0.05536357547116688,-0.15574940523394132,-2.4273024777933614,-2.5454205607476634,-4.549023545438225,0.02014008920048722,0.17400986941847854,Specialty Business Services,Industrials,SGRP
2021Q3,2021,Q3,2021-11-15,2021-09-30,2139000.0,67423000.0,2675000.0,0.06,12610000.0,0.18702816546282425,97711000.0,41222000.0,79854000.0,54423000.0,56489000.0,0.0,11829000.0,29600049.999999996,33338049.999999996,1.9357595679737027,1.4672840526983078,0.19483988496689217,0.46184076464024065,0.035324512677208285,1.9357595679737027,0.05188976759982534,0.4390200673360722,3.459566386161758,0.7180643830964047,0.0,0.0,0.0,0.6900246645720544,1.369531264355144,0.021891086980994973,-15.87985515021459,0.18702816546282425,1.9999999999999996,36.687811611921205,0.9512140112027572,1.14786761884741,0.050308179243711476,3.1614785992217898,0.4175940646528882,2.3407633508126584,0.11998189343843113,1.3679920704174877,Specialty Business Services,Industrials,SGRP
2021Q2,2021,Q2,2021-08-16,2021-06-30,514000.0,67176000.0,1887000.0,0.02,12006000.0,0.1787245444801715,94980000.0,23829000.0,78325000.0,52417000.0,54571000.0,0.0,10649000.0,30404660.0,28207660.0,1.1207318220299125,1.4942671270770933,0.15270583280690672,0.6086701078517772,0.030123619171592713,1.1207318220299125,0.02157035544924252,0.4526119447421698,14.788258754863813,1.2759519912711401,0.0,0.0,0.0,0.7072646873025901,1.410477516836141,0.0054116656138134345,-15.656364572605561,0.1787245444801715,-0.5,0.7570565846333128,1.185742920517954,0.2576286332424043,-0.020637898686679174,-0.4394765539803708,-0.3057395143487859,1.283142926915703,0.10156800727530615,0.30841812591709533,Specialty Business Services,Industrials,SGRP
2021Q1,2021,Q1,2021-05-13,2021-03-31,917000.0,61097000.0,2718000.0,0.04,12259000.0,0.2006481496636496,92393000.0,22912000.0,75679000.0,51272000.0,53791000.0,0.0,10135000.0,35595840.0,32301840.0,1.0813668114026809,1.4760298018411608,0.1777082679423766,0.7166113826815642,0.04375657940765399,1.0813668114026809,0.04002269553072626,0.5826119122051819,9.704427480916031,1.5535893854748601,0.0,0.0,0.0,0.6612730401653805,1.4186690591355906,0.009924994317751346,17.271149927219795,0.2006481496636496,109.96418732782368,7.402521516862402,1.2282052964579984,0.22425511990713692,0.06488881167477414,119.29384756657484,-0.07519564477713508,6.206687291041185,0.09089346210912333,0.126371483723077,Specialty Business Services,Industrials,SGRP
2020Q4,2020,Q4,2021-03-31,2020-12-31,7623.0,59360000.0,2939000.0,0.0003604766633565045,11512000.0,0.1939353099730458,75327000.0,22159000.0,66517000.0,42905000.0,45407000.0,0.0,9218000.0,24276499.999999996,10702499.999999996,1.0496920890573187,1.5503321291224799,0.031834534761772004,0.1082178798682251,0.16559755679211005,1.0496920890573187,0.00034401371903064216,0.4089706873315363,796.1596484323757,1.0955593663974006,0.0,0.0,0.0,0.7880308521512871,1.465703297983918,0.00010119877334820184,19.80138662316476,0.1939353099730458,-0.9927904667328699,-0.9927880074246657,0.7903809819391584,0.15347139996882447,-0.041944074567243674,-0.9933365384615385,-0.12032325651002694,1.0058537135773105,0.15642474417149288,0.09889139765893658,Specialty Business Services,Industrials,SGRP
2020Q3,2020,Q3,2020-11-16,2020-09-30,1144000.0,58865000.0,3341000.0,0.05,12016000.0,0.20412808969676377,82471000.0,18958000.0,67328000.0,47339000.0,50236000.0,0.0,7188000.0,16064710.0,13718710.0,0.8980577925153955,1.4222522655738397,0.16252985898073263,0.7070366072370503,0.07019645825513433,0.8980577925153955,0.06034391813482435,0.2729076700925847,3.510644667832168,0.8473842177444878,0.0,0.0,0.0,0.7137660510967492,1.3332770020490505,0.01387154272410908,-7.9884186971655895,0.20412808969676377,11.245901639344265,13.108450559182748,1.0276690780437696,0.05924236762373602,0.2171799027552674,12.106796116504855,0.7019867549668874,3.53849714811691,0.17838135163972224,-0.09747382237062548,Specialty Business Services,Industrials,SGRP
2020Q2,2020,Q2,2020-08-14,2020-06-30,-103000.0,50944000.0,1963000.0,-0.00488,9872000.0,0.19378140703517588,73910000.0,17753000.0,58458000.0,41197000.0,44206000.0,0.0,6044000.0,15915432.0,11642432.0,0.8410555239719537,1.4189868194285993,0.12722229738871602,0.5296569593871459,0.04333642981366509,0.8410555239719537,-0.005801836309356165,0.3124103329145729,-38.62968932038835,0.8964925364727089,0.0,0.0,0.0,0.6892707346773103,1.3735708910843023,-0.0013935867947503721,2.315645569620253,0.19378140703517588,-1.488,-4.460861382838996,0.6846205600186432,-0.047316333458798134,-0.16253817441465898,-1.3456375838926173,0.3290453622207177,-1.2937331596327315,0.16641027926430382,-0.14591415485692855,Specialty Business Services,Industrials,SGRP
2020Q1,2020,Q1,2020-06-29,2020-03-31,298000.0,61348000.0,1477000.0,0.01,11788000.0,0.19214970333181197,76166000.0,17822000.0,59901000.0,44369000.0,47758000.0,0.0,6149000.0,13718250.0,16257250.0,0.8444444444444444,1.3500642340372784,0.15294225770028622,0.6536303445180115,0.032101704910248254,0.8444444444444444,0.016720906744473123,0.22361364673664993,11.50859899328859,0.7697368421052632,0.0,0.0,0.0,0.8054512512144526,1.2943947350627691,0.003912506892839325,12.325471698113208,0.19214970333181197,1.3333333333333335,4.9234176607310935,1.0422882512198115,-0.04190991189832447,-0.021011543891703347,1.476038338658147,0.24746621621621623,2.194923508919105,0.5048513138065377,-0.10858681389840331,Specialty Business Services,Industrials,SGRP
2019Q4,2019,Q4,2020-04-14,2019-12-31,-626000.0,61053000.0,1184000.0,-0.03,12041000.0,0.19722208572879302,79535000.0,18955000.0,62161000.0,44754000.0,48174000.0,0.0,5851000.0,27427400.0,27201400.0,0.8984263911271211,1.3889484738794298,0.1286477651348463,0.5398048008441044,-0.004306469885093464,0.8984263911271211,-0.033025586916380904,0.449239185625604,-10.953434504792332,1.446974413083619,0.0,0.0,0.0,0.7676243163387187,1.335232604906824,-0.007870748726975546,5.995060109289618,0.19722208572879302,-1.7500000000000002,-1.2277735728944006,0.856057595264459,-0.015308964717633154,-0.03756694109183918,-1.6901874310915104,-0.6114210699048244,-7.870016967367908,0.3387547612884042,0.0234879010424338,Specialty Business Services,Industrials,SGRP
2019Q3,2019,Q3,2019-11-14,2019-09-30,907000.0,66440000.0,3047000.0,0.04,12511000.0,0.18830523780854908,87094000.0,19096000.0,67940000.0,51339000.0,56900000.0,0.0,6459000.0,21604250.0,27218250.0,0.9104171632896305,1.32336040826662,0.149103267733713,0.6800377042312526,0.061374194420972805,0.9104171632896305,0.047496857980728946,0.3251693257074052,5.9548649393605295,1.1313494972769167,0.0,0.0,0.0,0.762853927939927,1.2574845633923528,0.010414035410016764,9.348442232799654,0.18830523780854908,-0.4285714285714286,1.3240010331832315,1.1026629701992396,0.1396963382079764,-0.11042377701934016,-0.40446487196323044,-0.27966903073286054,16.363568287370022,0.9521003168049941,0.010174805293421093,Specialty Business Services,Industrials,SGRP
2019Q2,2019,Q2,2019-08-14,2019-06-30,1523000.0,68223000.0,4230000.0,0.07,14064000.0,0.20614748691790158,86880000.0,18601000.0,67749000.0,52434000.0,57995000.0,0.0,5553000.0,14154880.000000002,21144880.0,0.8935914681014604,1.2920814738528437,0.1705340699815838,0.7965163163270792,0.07341990599977015,0.8935914681014604,0.08187731842374066,0.20747958899491376,2.3235193696651346,0.7609741411752057,0.0,0.0,0.0,0.7852555248618784,1.245146279131861,0.017529926335174955,-6.460465540848928,0.20614748691790158,1.3333333333333337,1.6137738834412139,1.1846359314139117,0.12034553445504548,0.32242595204513397,1.4604200323101777,1.4408540103866128,4.317767760868916,1.2673710004996723,0.0027432028029972244,Specialty Business Services,Industrials,SGRP
2019Q1,2019,Q1,2019-05-15,2019-03-31,619000.0,57160000.0,1733000.0,0.03,10635000.0,0.18605668299510147,77044000.0,17046000.0,57444000.0,45222000.0,51072000.0,0.0,4033000.0,13542448.600000001,18423448.6,0.8204264330750349,1.2702666843571713,0.15537874461346762,0.7022761938284642,0.03285014627809581,0.8204264330750349,0.036313504634518365,0.2369217739678097,5.469486510500808,0.794464894990027,0.0,0.0,0.0,0.7419137116452936,1.2053646455265137,0.00803436997040652,183.00606216216218,0.18605668299510147,2.1625140712945594,2.6597442737193893,1.0172190688512595,0.0764987671362413,-0.13183673469387755,2.1613508442776737,-0.09361924686192469,5.40736972918657,1.1258600025729577,-0.0711650749698869,Specialty Business Services,Industrials,SGRP
2018Q4,2018,Q4,2019-04-15,2018-12-31,-533000.0,57000000.0,1912000.0,-0.025806139246635034,12250000.0,0.2149122807017544,69095000.0,16298000.0,55132000.0,42515000.0,44321000.0,0.0,3432000.0,11070544.0,16179544.0,0.78909654304251,1.2967658473479948,0.026137926043852667,0.1108111424714689,0.03916860862605158,0.78909654304251,-0.03270339919008467,0.1942200701754386,-5.192562851782364,0.6792578230457725,0.0,0.0,0.0,0.8249511542079745,1.2525696812889568,-0.007714016933207902,2.7710998748435545,0.2149122807017544,-1.8602046415545013,-1.1703487678601925,0.7789567342754686,0.023135801049805952,0.034453639587907446,-1.85829307568438,-0.17728055077452667,-1.5153954982095206,0.7571566482050518,-0.13288829771860647,Specialty Business Services,Industrials,SGRP
2018Q3,2018,Q3,2018-11-19,2018-09-30,621000.0,58388000.0,2324000.0,0.03,11842000.0,0.20281564705076385,71167000.0,16884000.0,56735000.0,42568000.0,45788000.0,0.0,3945000.0,20282228.0,26149228.0,0.8174687711823375,1.3328086825784626,0.045245689715739036,0.19071310116086235,0.09253415572357075,0.8174687711823375,0.036780383795309166,0.3473698020141125,8.165148148148148,1.2012691305377874,0.0,0.0,0.0,0.8204364382368232,1.2631789137380192,0.008725954445178243,2.9040990836197023,0.20281564705076385,1.3333333333333333,0.8624166492844119,1.0884635633185635,0.3010838546461314,0.13158146201624463,1.3522404991491774,2.8787388843977366,7.717972305606662,1.0556425084394858,-0.035810875578142595,Specialty Business Services,Industrials,SGRP
2018Q2,2018,Q2,2018-08-20,2018-06-30,-1763000.0,59224000.0,-1237000.0,-0.09,10465000.0,0.17670201269755503,70489000.0,17687000.0,56088000.0,32315000.0,44038000.0,0.0,3325000.0,26017740.0,35485740.0,0.856554796842462,1.7356645520656042,0.16630963696463277,0.6628031887827218,-0.033951725109393247,0.856554796842462,-0.09967772940577825,0.43931075239767664,-3.689412932501418,1.4710092158082209,0.0,0.0,0.0,0.8401878307253614,1.6519263499922636,-0.025010994623274555,-2.7540743093045412,0.17670201269755503,-16.676693548387096,-12.451201958001317,1.0470502611230175,0.4163651537324775,0.07553956834532374,-15.21774193548387,-2.6945205479452055,-61.55462984765063,1.0019574959858395,-0.029759937137583486,Specialty Business Services,Industrials,SGRP
2018Q1,2018,Q1,2018-05-15,2018-03-31,124000.0,54579000.0,730000.0,0.005741006528080004,9730000.0,0.17827369501090162,69300000.0,19823000.0,54634000.0,31745000.0,40741000.0,0.0,5101000.0,28907200.0,31455200.0,0.9600445563734986,1.7210269333753347,0.12981240981240982,0.4538162740251223,0.01785317948007053,0.9600445563734986,0.006255359935428542,0.5296396049762729,58.280645161290316,1.4582656510114513,0.0,0.0,0.0,0.7875757575757576,1.635312647661049,0.0017893217893217893,-26.184057971014493,0.17827369501090162,1.0956834421346666,1.7932047127610862,1.0665192667235095,0.5326711792014703,-0.11400473502094337,1.0977147360126083,-0.5957918050941307,2.6686963988397543,0.8571610609659194,0.08924770557589126,Specialty Business Services,Industrials,SGRP
2017Q4,2017,Q4,2018-04-02,2017-12-31,-1269000.0,50020000.0,1806000.0,-0.06,10982000.0,0.21955217912834865,57988000.0,19650000.0,46822000.0,32326000.0,32433000.0,0.0,4977000.0,25302330.0,23421330.0,0.95522823392154,1.4484316030439894,0.0018452093536593778,0.00544529262086514,-0.019115075267301444,0.95522823392154,-0.06458015267175572,0.505844262295082,-4.984698581560283,1.2876503816793894,0.0,0.0,0.0,0.862592260467683,1.3856029202499536,-0.02188383803545561,-602.4364285714286,0.21955217912834865,-6.999999999999999,-1.9499701018953344,0.6053146813798336,0.5203745587807982,0.24909008189262966,-6.158536585365853,1.181159420289855,-1.473561630243697,0.559602816683402,0.04694684826779436,Specialty Business Services,Industrials,SGRP
2017Q3,2017,Q3,2017-11-14,2017-09-30,246000.0,48752000.0,828000.0,0.01,8792000.0,0.180341319330489,58558000.0,20500000.0,46115000.0,33198000.0,33231000.0,0.0,6246000.0,21838120.0,20431120.0,0.9950490243665664,1.3890897041990482,0.0005635438368796748,0.0016097560975609755,0.029686737882663208,0.9950490243665664,0.012,0.44794305874630785,22.193211382113823,1.0652741463414634,0.0,0.0,0.0,0.8325420950169063,1.3400204831616362,0.004200963147648485,10.190443303779748,0.180341319330489,-0.5,-0.5811497791896444,0.8157739958226611,0.7456622799197138,-0.018421346432957463,-0.282798833819242,-0.14727085478887744,-0.3582635263427237,0.5708150956321154,0.24564186082596873,Specialty Business Services,Industrials,SGRP
2017Q2,2017,Q2,2017-08-14,2017-06-30,343000.0,42722000.0,971000.0,0.02,8957000.0,0.20965778755676232,55662000.0,20332000.0,42601000.0,30781000.0,30821000.0,0.0,5999000.0,20647000.0,21180000.0,0.9847435462779096,1.3840031188070563,0.0007186231181057095,0.0019673421207948064,0.035067982670615526,0.9847435462779096,0.016869958685815464,0.4832872992837414,15.048833819241983,1.0154928192012591,0.0,0.0,0.0,0.767525421292803,1.3236736948117345,0.0061621932377564585,-7.36603638958259,0.20965778755676232,3.0,-0.5341535585642893,0.7113962778303374,0.8958526066895611,0.11294731610337973,2.4057377049180326,1.002061855670103,-0.4065248315771617,0.37924099314231546,0.23462798609735117,Specialty Business Services,Industrials,SGRP
2017Q1,2017,Q1,2017-05-22,2017-03-31,-244000.0,39886000.0,485000.0,-0.01,8048000.0,0.20177505891791606,52051000.0,19561000.0,38932000.0,28624000.0,28670000.0,0.0,5591000.0,21061980.0,19369980.0,0.9473097970846046,1.3601173840134153,0.0008837486311502181,0.0023516180154388834,0.007258136720452334,0.9473097970846046,-0.012473799907980164,0.5280544551973123,-21.57989754098361,1.0767332958437708,0.0,0.0,0.0,0.7662869109142956,1.3414267747344886,-0.004687710130448983,3.4951842017922337,0.20177505891791606,-3.3153932584269667,-1.7743113807121766,0.8462668651510168,0.9513650612278304,-0.1127769815896814,-3.741573033707865,-0.4128329297820823,0.34169951995418063,0.4163322533619958,0.24298509597678025,Specialty Business Services,Industrials,SGRP
2016Q4,2016,Q4,2017-04-17,2016-12-31,89000.0,44543000.0,826000.0,0.004318920755083224,9071000.0,0.2036459151830815,57240000.0,18089000.0,42763000.0,32154000.0,32158000.0,0.0,5835000.0,20607000.0,23065000.0,0.8778085116707914,1.3299433974000126,6.988120195667365e-05,0.00022112886284482281,0.030963593603350503,0.8778085116707914,0.004920117198297308,0.46263161439507894,57.884831460674164,1.139200619160816,0.0,0.0,0.0,0.7781795946890286,1.2748958138956272,0.0015548567435359887,-17.857019064124785,0.2036459151830815,2.5342524884842716,-0.9280860301137428,0.8393163376929077,0.8866822993536512,0.24670148433205058,2.5344827586206895,0.9209302325581395,-0.9714903952860685,0.39334734829124185,0.13815897772631608,Specialty Business Services,Industrials,SGRP
2016Q3,2016,Q3,2016-11-21,2016-09-30,-58000.0,33438000.0,430000.0,-0.002815,7276000.0,0.217596746216879,55484000.0,18572000.0,39714000.0,30326000.0,30338000.0,0.0,5746000.0,20813070.0,21504070.0,0.9012471490270296,1.309569346435402,0.00021627856679403071,0.0006461339651087659,0.024707731928173316,0.9012471490270296,-0.003122980831359035,0.6224376457922125,-89.71150862068966,1.1206692870988586,0.0,0.0,0.0,0.6026602263715666,1.2624150893622634,-0.0010453464061711485,16.948754071661238,0.217596746216879,-1.2815,-1.228824016995129,0.8551858794535958,1.3001962378764338,0.03543475167212182,-1.204946996466431,-0.44871794871794873,-1.1743422475306473,0.1987620848319339,0.434425578054742,Specialty Business Services,Industrials,SGRP
2016Q2,2016,Q2,2016-08-15,2016-06-30,283000.0,29732000.0,780000.0,0.01,7027000.0,0.23634467913359344,45103000.0,18330000.0,30165000.0,14423000.0,20745000.0,0.0,5805000.0,21597450.0,23398450.0,0.8911468715056639,2.091451154406157,0.1401680597742944,0.34489907255864705,0.023014695074129104,0.8911468715056639,0.015439170758319694,0.7264042109511637,19.079019434628975,1.1782569558101474,0.0,0.0,0.0,0.6592022703589562,1.9977119877972682,0.006274527193313084,-4.984410339256866,0.23634467913359344,2.4793525179856113,-0.45906389543613857,0.8142793373969671,1.2764400296874325,0.13908250932079755,3.035971223021583,3.642857142857143,3.167609584251132,0.0316698527397358,0.47356524102272746,Specialty Business Services,Industrials,SGRP
2016Q1,2016,Q1,2016-05-16,2016-03-31,-139000.0,26611000.0,168000.0,-0.006759714049506395,6169000.0,0.23182142722934124,42567000.0,18163000.0,28520000.0,14669000.0,18696000.0,0.0,5523000.0,19946110.0,17244110.0,0.883285512814278,1.9442361442497784,0.0946038010665539,0.22171447448108791,0.007340155420481649,0.883285512814278,-0.007652920773000055,0.7495437976776521,-35.87429856115108,1.0981726587017564,0.0,0.0,0.0,0.6251556369957949,1.8622946349444407,-0.0032654403646016866,4.928616258957252,0.23182142722934124,-1.1351942809901279,-1.5247194633132652,0.5480102723156164,1.4281696789137186,-0.27149267831837504,-1.1350826044703595,-0.9226519337016574,-4.144035182344281,0.011734583422264376,0.4101285607102113,Specialty Business Services,Industrials,SGRP
2015Q4,2015,Q4,2016-03-30,2015-12-31,1029000.0,32277000.0,2172000.0,0.05,8468000.0,0.26235399820305483,43406000.0,18702000.0,30111000.0,13277000.0,19008000.0,0.0,5662000.0,20962020.0,21451020.0,0.9100287090652524,2.267906906680726,0.13203243791180944,0.3064378141375254,0.07418231701895543,0.9100287090652524,0.05502085338466474,0.649441397899433,5.092813411078717,1.1208437600256658,0.0,0.0,0.0,0.7436068746256278,2.178278225502749,0.023706400036861263,-38.818555555555555,0.26235399820305483,12.170688114387847,-0.1947195223844394,0.6094699544544437,1.5710285861674331,0.26124515936848375,12.184782608695652,8.48471615720524,-0.22894362058520612,0.0368885943586847,0.44843341924981933,Specialty Business Services,Industrials,SGRP
2015Q3,2015,Q3,2015-11-16,2015-09-30,-92000.0,28269000.0,229000.0,-0.004476,6714000.0,0.23750397962432346,41581000.0,17428000.0,28537000.0,14214000.0,19352000.0,0.0,4633000.0,30834000.0,30646000.0,0.8478303171823312,2.007668495849163,0.12356605180250595,0.29481294468671104,0.005714932105589685,0.8478303171823312,-0.005278861602019738,1.090735434574976,-83.78804347826087,1.7692219417030068,0.0,0.0,0.0,0.6798537793703855,1.9358379062895736,-0.002212549000745533,27.653811659192826,0.23750397962432346,-4.330357142857143,-1.264444743814271,0.6848493562017884,2.1406029284051518,-0.06333705357142858,-4.172413793103448,-0.5536062378167641,-1.1569937064486178,0.05523837130961035,0.4873894333193531,Specialty Business Services,Industrials,SGRP
2015Q2,2015,Q2,2015-08-14,2015-06-30,29000.0,29467000.0,513000.0,0.001344,7168000.0,0.24325516679675568,43084000.0,18158000.0,30281000.0,14894000.0,20036000.0,0.0,4724000.0,26738400.0,26820400.0,0.882827693504473,2.0331005774137236,0.11934824993036858,0.2831809670668576,0.012527009027675003,0.882827693504473,0.0015970921907699086,0.9074014999830319,230.50344827586207,1.4725410287476595,0.0,0.0,0.0,0.6839429950793798,1.9524640794950987,0.0006731037043914214,14.207438894792773,0.24325516679675568,1.3734370658516255,-0.9559065831051726,0.7560987221273712,2.5311262750223835,0.03688702444669463,1.3918918918918919,0.4699140401146132,-0.9604622861160859,0.18494945255439763,0.6996416887568424,Specialty Business Services,Industrials,SGRP
2015Q1,2015,Q1,2015-05-14,2015-03-31,-74000.0,29266000.0,349000.0,-0.003599,6913000.0,0.23621266999248275,42597000.0,18123000.0,30195000.0,14377000.0,19777000.0,0.0,4696000.0,30020520.0,31807520.0,0.8813831339363876,2.100229533282326,0.1267694908092119,0.29796391325939414,0.007835549249670533,0.8813831339363876,-0.004083209181702809,1.0257814528804756,-101.42067567567567,1.6564873365336863,0.0,0.0,0.0,0.687043688522666,2.030117548862767,-0.00173721154071883,34.98895104895105,0.23621266999248275,-1.0299916666666666,-2.9133001545461426,1.0750028036074188,3.0058873902656194,-0.24149659863945577,-1.027632561613144,-0.8098092643051771,-1.2358257397108674,0.3604137985911327,0.8155626157483421,Specialty Business Services,Industrials,SGRP
2014Q4,2014,Q4,2015-04-15,2014-12-31,2678000.0,32052000.0,1835000.0,0.12,9114000.0,0.2843504305503557,44570000.0,18757000.0,31959000.0,15504000.0,21359000.0,0.0,4770000.0,28781200.0,30912200.0,0.9123942017706003,2.061339009287926,0.13136638994839578,0.31215013061790264,0.12653072251260405,0.9123942017706003,0.1427733646105454,0.897953325845501,2.6868185212845406,1.5344244815268966,0.0,0.0,0.0,0.7191384339241642,1.9754256965944272,0.060085259142921246,-10.873139403097847,0.2843504305503557,4.999999999999999,7.201161604395267,1.1027154934579821,3.259100640899395,0.24746783465644676,5.992167101827676,2.3546617915904937,1.1690408901757063,0.3266794688292408,0.9610176566151583,Specialty Business Services,Industrials,SGRP
2014Q3,2014,Q3,2014-11-14,2014-09-30,383000.0,31009000.0,547000.0,0.02,7306000.0,0.23560901673707632,38155000.0,16443000.0,28385000.0,13566000.0,17686000.0,0.0,2244000.0,31081840.0,30082840.0,0.79882432957637,2.092363261093911,0.10798060542523916,0.2505625494131241,0.025657554042882058,0.79882432957637,0.023292586510977317,1.002348995452933,20.28840731070496,1.8902779298181598,0.0,0.0,0.0,0.8127113091337964,2.0246203744655755,0.01003800288297733,8.780180790960452,0.23560901673707632,-0.3333333333333333,1.2682378373159784,0.9603048258990855,3.2622522564154286,-0.05104559033640733,-0.3362218370883882,-0.45841584158415843,0.5127159414725638,0.7223439963230801,1.0387889377507733,Specialty Business Services,Industrials,SGRP
2014Q2,2014,Q2,2014-08-13,2014-06-30,577000.0,30924000.0,1010000.0,0.03,7699000.0,0.24896520501875566,38848000.0,16441000.0,30044000.0,13399000.0,19288000.0,0.0,1862000.0,31125630.0,32873630.0,0.7976034541308883,2.2422568848421522,0.1515908154859967,0.35818989112584393,0.03506791482716731,0.7976034541308883,0.03509518885712548,1.0065201785021343,13.485974870017332,1.8931713399428258,0.0,0.0,0.0,0.7960255354200988,2.1774012986043734,0.014852759472817133,-13.92022808586762,0.24896520501875566,2.5,1.2700835904937395,1.1303367126263797,3.4350181605494106,0.23579454253611556,2.5636856368563685,10.805825242718447,0.10054377532937653,0.8829885095578669,1.0374828087908268,Specialty Business Services,Industrials,SGRP
2014Q1,2014,Q1,2014-05-15,2014-03-31,-369000.0,28036000.0,-103000.0,-0.02,6230000.0,0.22221429590526465,34209000.0,15667000.0,25724000.0,11971000.0,15650000.0,0.0,1285000.0,40497290.0,40036290.0,0.7621248236610401,2.148859744382257,0.10754479815253296,0.23482479096189443,-0.011597045158873378,0.7621248236610401,-0.023552690368290035,1.444474604080468,-27.43718834688347,2.5848784068424075,0.0,0.0,0.0,0.8195504107106317,2.07693592849386,-0.01078663509602736,19.1567123935667,0.22221429590526465,-1.1320218931101094,-1.21643078960624,0.7205264341872278,3.812374463889358,-0.28374338928489307,-1.1188023180940116,-1.0514742628685658,-2.3933668671375705,0.6313811287545853,1.0950965022227275,Specialty Business Services,Industrials,SGRP
2013Q4,2013,Q4,2014-03-31,2013-12-31,3106000.0,31807000.0,2001000.0,0.15149002584987561,8698000.0,0.2734618165812557,34278000.0,15813000.0,25646000.0,15665000.0,15722000.0,0.0,1654000.0,40595940.0,42258940.0,0.7712529873677023,1.6371528886051707,0.0016628741466830036,0.003604629102637071,0.20249699218988967,0.7712529873677023,0.19642066654018844,1.2763209356430973,3.2675418544752097,2.567250996015936,0.0,0.0,0.0,0.9279129470797596,1.5670603255665496,0.09061205437890192,-18.385842391304347,0.2734618165812557,6.574501292493781,5.221493808401115,0.8583768876257372,3.643044879598329,0.33302681992337163,8.38368580060423,4.130769230769231,1.4364011443845572,0.5897468308624882,1.1789570569989685,Specialty Business Services,Industrials,SGRP
2013Q3,2013,Q3,2013-11-14,2013-09-30,331000.0,27753000.0,390000.0,0.02,6525000.0,0.23510971786833856,29928000.0,12882000.0,23036000.0,14443000.0,14572000.0,0.0,-1452000.0,37315460.0,36662460.0,0.6282982978100766,1.594959495949595,0.004310344827586207,0.010013972985561248,0.0409653490524246,0.6282982978100766,0.025694767893184287,1.3445559038662487,28.18388217522659,2.896713243285204,0.0,0.0,0.0,0.9273255813953488,1.5334764245655335,0.011059877038225073,228.92920245398773,0.23510971786833856,4.340923076923077,3.6407134082108477,0.4999320672035937,3.7006930506212847,-0.04227212681638045,3.546153846153846,0.44981412639405205,-0.046114377258112405,0.6583712628540603,1.327394331181887,Specialty Business Services,Industrials,SGRP
2013Q2,2013,Q2,2013-08-13,2013-06-30,-130000.0,28696000.0,269000.0,-0.005986369497144962,6813000.0,0.23741984945637024,30179000.0,12386000.0,23517000.0,15267000.0,15417000.0,0.0,-1783000.0,50997690.00000001,50495690.00000001,0.6047556271666422,1.5403812143839655,0.004970343616422015,0.012110447279186178,0.004055144445517571,0.6047556271666422,-0.010495720975294687,1.7771706858098693,-98.07248076923076,4.117365574035202,0.0,0.0,0.0,0.950859869445641,1.490797144167158,-0.0043076311342324135,-49.03624038461539,0.23741984945637024,-3.940260067360001,-41.481259053106136,0.4176262577243626,3.57886403426172,0.1294761273209549,-3.9545454545454546,-0.24860335195530725,-1.198499773263471,0.7174150860982559,1.4188961229555621,Specialty Business Services,Industrials,SGRP
2013Q1,2013,Q1,2013-05-15,2013-03-31,44000.0,26177000.0,358000.0,0.002036,6032000.0,0.2304312946479734,30007000.0,12819000.0,23332000.0,14835000.0,15050000.0,0.0,-1652000.0,40930000.0,38992000.0,0.6263865135597362,1.5727671048196832,0.0071649948345386075,0.01677197909353304,0.017006101803778838,0.6263865135597362,0.0034324050237928075,1.563586354433281,232.55681818181816,3.1929167641781726,0.0,0.0,0.0,0.872363115273103,1.4746882372767105,0.0014663245242776686,8.775728987993139,0.2304312946479734,-0.9660666666666666,1.164510334717811,0.40186250348583025,3.7661685035338874,-0.2675166970248937,-0.9668425018839487,-0.8032967032967033,0.14303010560034754,0.8647851342633558,1.846927447879314,Specialty Business Services,Industrials,SGRP
2012Q4,2012,Q4,2013-04-02,2012-12-31,1327000.0,30953000.0,1820000.0,0.06,8235000.0,0.2660485251833425,29270000.0,12839000.0,23996000.0,14267000.0,14535000.0,0.0,-1696000.0,35556900.0,36603900.0,0.6282848054807928,1.6819233195486087,0.009156132558934061,0.02087389983643586,0.10943646170944915,0.6282848054807928,0.10335695926474024,1.1487384098471878,6.698737754333083,2.7694446607991274,0.0,0.0,0.0,1.0574991458831569,1.626550781523796,0.045336522036214556,-29.70501253132832,0.2660485251833425,1.0,-0.14855601022586334,0.5623684111036349,3.6842944007062086,0.2622624156958921,1.2958477508650519,0.9444444444444444,3.088292306800767,1.0428399766842718,1.9328641200236325,Specialty Business Services,Industrials,SGRP
2012Q3,2012,Q3,2012-11-09,2012-09-30,578000.0,26423000.0,936000.0,0.03,6524000.0,0.2469061045301442,25657000.0,11557000.0,20538000.0,12334000.0,12663000.0,0.0,-3023000.0,38522500.0,37876500.0,0.5700123304562269,1.6651532349602725,0.01282301126398254,0.028467595396729255,0.0713967305535852,0.5700123304562269,0.050012979146837416,1.457915452446732,16.66198096885813,3.333261226962014,0.0,0.0,0.0,1.0298554000857465,1.5925085130533485,0.02252796507775656,41.42204301075269,0.2469061045301442,0.0,1.3102429177515516,0.7248186410060417,9.204401531670232,-0.027429934406678593,-0.19498607242339833,0.19846350832266324,2.4752541094975933,0.6958478421030925,2.041390017452391,Specialty Business Services,Industrials,SGRP
2012Q2,2012,Q2,2012-08-10,2012-06-30,718000.0,24343000.0,781000.0,0.03,6708000.0,0.27556176313519287,23537000.0,10458000.0,19767000.0,11525000.0,11900000.0,0.0,-3601000.0,23154100.0,23053100.0,0.5194198867587166,1.7151409978308025,0.015932361813315206,0.03585771658060815,0.06606933505291628,0.5194198867587166,0.06865557467967107,0.951160497884402,8.06201253481894,2.214008414610824,0.0,0.0,0.0,1.0342439563240855,1.6543167028199566,0.030505162085227515,-1218.6368421052632,0.27556176313519287,1.0977524429967425,1.3882729816040464,0.8304926240947209,2.921330197723103,0.1627665106604264,1.3387622149837133,0.6617021276595745,1.892022180206178,0.7168716335969689,1.8881979118753858,Specialty Business Services,Industrials,SGRP
2012Q1,2012,Q1,2012-05-11,2012-03-31,307000.0,21047000.0,470000.0,0.014301020170494247,5769000.0,0.27410082196987695,20990000.0,9766000.0,17199000.0,9564000.0,10002000.0,0.0,-4319000.0,27157950.0,26901950.0,0.4854600586568574,1.798306148055207,0.020867079561696044,0.04484947778005324,0.042199020226892356,0.4854600586568574,0.03143559287323367,1.2903477930346368,22.11559446254072,2.780867294695884,0.0,0.0,0.0,1.00271557884707,1.7083856127143455,0.014626012386850882,9.937047200878157,0.27410082196987695,-0.7618749701130224,1.5676749756556756,0.28523392162209343,1.3406419023704959,-0.20482425913163335,-0.7454394693200663,-0.6928104575163399,2.884354910868195,0.319872618361676,2.0653975792258636,Specialty Business Services,Industrials,SGRP
2011Q4,2011,Q4,2012-03-21,2011-12-31,1206000.0,23599000.0,1530000.0,0.06005677008117126,7255000.0,0.30742828085935847,21521000.0,9343000.0,17967000.0,10774000.0,11108000.0,0.0,-4626000.0,20081000.0,22351000.0,0.4652656740202181,1.6676257657323186,0.015519724919845733,0.03574868885796853,0.1271682636611959,0.4652656740202181,0.1290805950979343,0.850925886690114,4.162728026533997,2.1493096435834316,0.0,0.0,0.0,1.0965568514474235,1.5932801188045294,0.05603828818363459,25.67902813299233,0.30742828085935847,5.005677008117126,11.829665568732349,0.4048271053153347,0.945525678422882,0.43691820162408396,3.882591093117409,2.8154613466334166,1.4664516433765145,0.4077863907558963,1.80096082711511,Specialty Business Services,Industrials,SGRP
2011Q3,2011,Q3,2011-11-07,2011-09-30,247000.0,17564000.0,401000.0,0.01,5049000.0,0.28746299248462764,18890000.0,7868000.0,15106000.0,9588000.0,9979000.0,0.0,-5830000.0,24097200.0,26614200.0,0.39181315671530303,1.575511055486024,0.0,0.0,0.048661626951075725,0.39181315671530303,0.03139298423995933,1.3719653837394672,24.38987854251012,3.0626842907981695,0.0,0.0,0.0,0.9298041291688725,1.4949937421777222,0.013075701429327687,-108.0591928251121,0.28746299248462764,-0.5,1.1673072476012378,0.3030740176923478,0.6166028130851051,0.018559612668952997,-0.5147347740667977,-0.2774774774774775,3.0119737286213057,-0.03079162476331926,1.931399606418088,Specialty Business Services,Industrials,SGRP
2011Q2,2011,Q2,2011-08-05,2011-06-30,509000.0,15944000.0,555000.0,0.02,4957000.0,0.31090065228299046,17011000.0,7834000.0,14177000.0,8288000.0,8701000.0,0.0,-6046000.0,22413440.000000004,24345440.000000004,0.3914651209274435,1.7105453667953667,0.0,0.0,0.06699042658618491,0.3914651209274435,0.06497319377074291,1.4057601605619672,11.008565815324166,2.8610467194281344,0.0,0.0,0.0,0.9372758803127388,1.5985762548262548,0.02992181529598495,207.53185185185188,0.31090065228299046,1.0,3.8137787327603445,0.16717702175350876,0.2576589507168215,-0.052561162079510705,1.0118577075098814,0.3979848866498741,161.21428809381038,-0.19388252823028554,1.9639502013077863,Specialty Business Services,Industrials,SGRP
2011Q1,2011,Q1,2011-05-10,2011-03-31,253000.0,16418000.0,397000.0,0.01,5232000.0,0.3186746254111341,17331000.0,7144000.0,14527000.0,9370000.0,9707000.0,0.0,-6555000.0,33975470.0,35910470.0,0.36376597586435155,1.5503735325506938,0.0,0.0,0.05122678742736667,0.36376597586435155,0.035414333706606946,2.0694037032525276,33.57259881422925,4.7558048712206045,0.0,0.0,0.0,0.9473198315157809,1.4635005336179296,0.014598118977554671,16.508974732750243,0.3186746254111341,-0.8391708542713567,-0.6863427334428913,-0.0021923350546768717,0.20058002990261725,-0.20292504570383912,-0.788107202680067,-0.7595396729254997,1.9857196394928458,-0.08378335638695547,1.7678915482534527,Specialty Business Services,Industrials,SGRP
2010Q4,2010,Q4,2011-03-15,2010-12-31,1194000.0,18739000.0,1651000.0,0.06217778472113732,6564000.0,0.35028550082715193,19093000.0,6797000.0,16205000.0,11846000.0,11846000.0,0.0,-6808000.0,15938490.0,20278490.0,0.3539551111805447,1.3679723113287185,0.0,0.0,0.21259874405860477,0.3539551111805447,0.17566573488303663,0.8505517903836918,3.3372047738693467,2.3449301162277476,0.0,0.0,0.0,0.9814591735190907,1.259665709944285,0.06253600796103284,62.99798418972332,0.35028550082715193,2.108889236056866,0.6009508902517362,0.3966183656894611,0.37925724663940497,0.3276699029126214,2.6738461538461538,3.5232876712328767,-0.18474203922878424,0.00654378864051911,1.6389782642213786,Specialty Business Services,Industrials,SGRP
2010Q3,2010,Q3,2010-09-30,2010-09-30,325000.0,15674000.0,365000.0,0.02,4944000.0,0.3154268214878142,18104000.0,5184000.0,15063000.0,12317000.0,12317000.0,0.0,-8002000.0,18242850.0,22920850.0,0.26995781909076705,1.222943898676626,0.0,0.0,0.06347210819193577,0.26995781909076705,0.0626929012345679,1.16389243332908,14.032961538461537,3.519068287037037,0.0,0.0,0.0,0.8657755192222714,1.1234878623041324,0.017951833848873177,309.2008474576271,0.3154268214878142,-0.3333333333333333,1.2800831616265447,0.39474386113004667,0.29721149834640387,-0.051237766263673,-0.46895424836601307,-0.5290322580645161,1.1841828461202384,0.08027154287714532,3.8328041963782136,Specialty Business Services,Industrials,SGRP
2010Q2,2010,Q2,2010-06-30,2010-06-30,612000.0,15614000.0,775000.0,0.03,5211000.0,0.33373895222236455,18046000.0,4785000.0,15289000.0,12891000.0,12891000.0,0.0,-8327000.0,14928420.0,19740420.0,0.25001306233345527,1.1860212551392444,0.0,0.0,0.15752351097178682,0.25001306233345527,0.12789968652037617,0.9560919687459972,6.098210784313726,3.119836990595611,0.0,0.0,0.0,0.8652332926964424,0.9895275773795671,0.033913332594480775,-11.266732075471698,0.33373895222236455,15.890833333333333,4.201709454066529,0.20269875973143844,-0.06058413257023077,0.22008897213767267,16.0,18.871794871794872,1.3481568709481415,0.23514766310989899,0.8874590598969866,Specialty Business Services,Industrials,SGRP
2010Q1,2010,Q1,2010-05-13,2010-03-31,36000.0,13128000.0,39000.0,0.0017761113029749864,4271000.0,0.32533516148689823,16293000.0,4211000.0,11927000.0,11703000.0,11703000.0,0.0,-8939000.0,16459540.0,19780540.0,0.2200219447202048,1.0191403913526447,0.0,0.0,-0.14818332937544526,0.2200219447202048,0.008549038233198766,1.2537736136502133,114.30236111111111,3.9087010211351223,0.0,0.0,0.0,0.8057447983796723,0.9332649747927881,0.0022095378383354815,-99.15385542168674,0.32533516148689823,-0.8881809400406636,-0.9696549814242221,-0.10915640735710776,-0.1449837511892969,-0.1334956380604585,-0.881578947368421,-0.680327868852459,1.0699693515056996,-0.15737465108365745,0.060834097614555105,Specialty Business Services,Industrials,SGRP
2009Q4,2009,Q4,2010-04-15,2009-12-31,304000.0,14191000.0,122000.0,0.01588379748158211,4929000.0,0.3473328165738849,17351000.0,4100000.0,13072000.0,12820000.0,12820000.0,0.0,-8975000.0,15311200.0,18514200.0,0.2142222686660745,1.019656786271451,0.0,0.0,0.04623969117389016,0.2142222686660745,0.07414634146341463,1.0789373546614052,12.591447368421054,3.7344390243902446,0.0,0.0,0.0,0.8178779321076595,0.9274570982839313,0.017520603999769464,-17.65997693194925,0.3473328165738849,0.5883797481582109,-0.38490238869577614,-0.1234084555510935,0.0877807659594773,0.1370242214532872,0.9363057324840764,-0.6175548589341693,3.8642268715835777,-0.11364362716914032,-0.10422163539676357,Specialty Business Services,Industrials,SGRP
2009Q3,2009,Q3,2009-11-16,2009-09-30,157000.0,14708000.0,319000.0,0.01,4335000.0,0.294737557791678,19567000.0,3587000.0,15351000.0,15336000.0,15341000.0,0.0,-9279000.0,13588690.0,15917690.0,0.1874183604159047,1.000978090766823,0.0,0.0,0.08317922536984032,0.1874183604159047,0.04376916643434625,0.9238978787054664,21.638041401273885,3.7883161416225253,0.0,0.0,0.0,0.7516737363929065,0.9029081898800209,0.008023713395001788,323.5402380952381,0.294737557791678,0.0,-0.26331847959414717,0.35662498394505565,0.09461841408595449,0.04006717850287908,-0.3347457627118644,23.53846153846154,1.1115792781544336,0.14489424373459492,-0.22672058485187632,Specialty Business Services,Industrials,SGRP
2009Q2,2009,Q2,2009-08-14,2009-06-30,236000.0,13478000.0,13000.0,0.01,4168000.0,0.309244695058614,17612000.0,3442000.0,13265000.0,13700000.0,13724000.0,0.0,-9436000.0,7655600.0,10014600.0,0.1798422070118606,0.9682481751824817,0.0,0.0,0.002540498146087763,0.1798422070118606,0.06856478791400349,0.5680071227185042,8.109745762711865,2.22417199302731,0.0,0.0,0.0,0.7652736770383829,0.8917518248175182,0.013399954576425165,47.55031055900621,0.309244695058614,2.0,1.0190972623816301,0.1129489125997637,0.06722598553702928,0.01708150317227916,2.52258064516129,1.0984848484848484,1.333735304874863,0.031658942718168416,-0.4222214208272834,Specialty Business Services,Industrials,SGRP
2009Q1,2009,Q1,2009-05-15,2009-03-31,-155000.0,15171000.0,-132000.0,-0.01,4098000.0,0.2701206248764089,19046000.0,3031000.0,14692000.0,15448000.0,15493000.0,0.0,-9672000.0,10526450.0,13157450.0,0.15836773081143216,0.9510616261004661,0.0,0.0,-1.1250412405146817,0.15836773081143216,-0.0511382382052128,0.693853404521785,-16.97814516129032,3.472929726162983,0.0,0.0,0.0,0.7965452063425391,0.8978508544795443,-0.008138191746298436,8.461776527331189,0.2701206248764089,-1.4106866952789698,0.8066678747947229,0.16762095601409635,-0.8047936578187712,-0.2845670391061452,-1.332618025751073,-1.2704918032786885,-1.1971817233847644,-0.05389155181015922,-0.47732017943289023,Specialty Business Services,Industrials,SGRP
2008Q4,2008,Q4,2009-04-15,2008-12-31,466000.0,15976000.0,488000.0,0.024349461803741246,5728000.0,0.3585378067100651,20648000.0,3179000.0,16241000.0,16876000.0,16876000.0,0.0,-9477000.0,14353500.0,18162500.0,0.16610931131779705,0.9623726001422138,0.0,0.0,0.02019834108706809,0.16610931131779705,0.14658697703680404,0.8984414121181773,7.700375536480687,4.515099087763447,0.0,0.0,0.0,0.7737311119721039,0.8766887888125148,0.022568771793878343,-12.226149914821125,0.3585378067100651,4.982905982905983,1.2207723558445942,0.29519511857822445,-0.8044900766309471,0.13786253476360746,4.982905982905983,0.1674641148325359,-0.37305111903418825,0.19473592012639893,-0.35272167534122756,Specialty Business Services,Industrials,SGRP
2008Q3,2008,Q3,2008-11-14,2008-09-30,-117000.0,17271000.0,418000.0,-0.006113491482913575,5034000.0,0.2914712523883967,21464000.0,2558000.0,16958000.0,17751000.0,17881000.0,0.0,-9943000.0,15310400.0,17972400.0,0.13366077960079423,0.9553264604810997,0.0,0.0,0.0,0.13366077960079423,-0.045738858483189995,0.8864802269700655,-32.71452991452992,5.985301016419078,0.0,0.0,0.0,0.8046496459187477,0.9024280322235367,-0.005450987700335445,95.69,0.2914712523883967,-39.989810847528474,0.6658135191992257,0.024328482356335134,-0.8551899441321664,-0.030244654209208244,-40.0,-0.09130434782608696,0.8988276046098217,0.5420719303991169,-0.3577281785722324,Specialty Business Services,Industrials,SGRP
2008Q2,2008,Q2,2008-08-14,2008-06-30,3000.0,18910000.0,460000.0,0.00015679715674489102,5191000.0,0.27451084082496036,20749000.0,2527000.0,16695000.0,17159000.0,17390000.0,0.0,-9826000.0,15689059.999999998,18573060.0,0.1320754716981132,0.9729587971327001,0.0,0.0,-0.05512298165725656,0.1320754716981132,0.001187178472497032,0.8296700158646217,1307.4216666666666,6.208571428571428,0.0,0.0,0.0,0.911369222613138,0.9188181129436447,0.00014458528121837197,-87.16144444444443,0.27451084082496036,1.0156797156744892,-0.9951367092403041,0.07418622530185354,-0.8613130327254848,0.044466800804828975,1.012,3.423076923076923,-0.974493428036413,0.4570363540741128,-0.5037307544915579,Specialty Business Services,Industrials,SGRP
2008Q1,2008,Q1,2008-05-15,2008-03-31,-250000.0,17454000.0,104000.0,-0.01,4970000.0,0.2847484817233872,20520000.0,2514000.0,16577000.0,16999000.0,17265000.0,0.0,-9829000.0,21424480.000000004,24070480.000000004,0.1314234931256208,0.9751750102947232,0.0,0.0,0.3805887032617342,0.1314234931256208,-0.09944311853619729,1.2274825254955886,-21.424480000000003,8.522068416865553,0.0,0.0,0.0,0.8505847953216374,0.9059356432731337,-0.012183235867446393,9.611700314042173,0.2847484817233872,-1.1311172413793102,-1.192672990095825,-0.08259681653207265,-0.8610075759764343,-0.25843031930766935,-1.1724137931034482,-0.9245830311820159,-1.2108394578772972,0.18501770636097012,-0.489281752141751,Specialty Business Services,Industrials,SGRP
2007Q4,2007,Q4,2008-03-31,2007-12-31,1450000.0,18432000.0,1379000.0,0.07626762045024195,6702000.0,0.3636067708333333,19943000.0,2550000.0,15969000.0,16418000.0,16418000.0,0.0,-9579000.0,13118279.999999998,17991280.0,0.13412581527456344,0.9726519673529054,0.0,0.0,0.5670117284789205,0.13412581527456344,0.5686274509803921,0.7117122395833332,2.2617724137931035,5.144423529411764,0.0,0.0,0.0,0.9242340670912099,0.9132659276403947,0.07270721556435843,-4.02401226993865,0.3636067708333333,1.8474180050026885,-0.4331525692690301,0.0009434328039233374,-0.8476937990846161,0.7264296754250387,1.8299942759015455,1.9807965860597438,1.953451856408856,0.1461677268287083,-0.31893410062924293,Specialty Business Services,Industrials,SGRP
2007Q3,2007,Q3,2007-11-19,2007-09-30,-1747000.0,14365000.0,-1406000.0,-0.09,3882000.0,0.2702401670727463,16032000.0,1062000.0,12226000.0,14074000.0,14318000.0,0.0,-11029000.0,19012000.0,20530000.0,0.05585945718493583,0.8686940457581356,0.0,0.0,-1.3914377661792614,0.05585945718493583,-1.6450094161958568,1.3234946049425687,-2.7206639954207215,17.902071563088512,0.0,0.0,0.0,0.8960204590818364,0.8205911610061105,-0.10896956087824351,-21.827784156142364,0.2702401670727463,0.0,-2.416292638710068,-0.2052749274053873,0.0,0.035476126967191254,-0.004600345025876941,0.15858767205266308,-9.252099676394858,0.33383852474163195,-0.6737523991790941,Specialty Business Services,Industrials,SGRP
2007Q2,2007,Q2,2007-08-20,2007-06-30,-1739000.0,12506000.0,-1671000.0,-0.09,3749000.0,0.29977610746841515,14398000.0,2508000.0,10746000.0,11161000.0,11376000.0,0.0,-9282000.0,23216870.8,24041870.8,0.13246012464349846,0.9628169518860317,0.0,0.0,-0.6953901090049939,0.13246012464349846,-0.6933811802232854,1.8564585638893332,-3.3376755031627368,9.257125518341308,0.0,0.0,0.0,0.868592860119461,0.9056536152674491,-0.12078066398110848,36.793773058637086,0.29977610746841515,-2.0,-2.597456251705126,-0.29992202570535964,0.0,-0.26763039656182847,-2.416502946954813,-4.822299651567945,0.8577554735827245,0.043866767084143346,-0.2139504434701896,Specialty Business Services,Industrials,SGRP
2007Q1,2007,Q1,2007-05-21,2007-03-31,-509000.0,15413000.0,-287000.0,-0.03,5119000.0,0.3321222344773892,17694000.0,3927000.0,14154000.0,12973000.0,13225000.0,0.0,-7689000.0,20070040.0,21547040.0,0.2074046688496884,1.0910352270099437,0.0,0.0,-0.08541781722993753,0.2074046688496884,-0.12961548255665903,1.3021501330046066,-9.857583497053046,5.110781767252356,0.0,0.0,0.0,0.8710862439244942,1.0507978108378941,-0.028766813609133038,7.438858413639733,0.3321222344773892,-4.409714285714286,-2.036495851279855,-0.05720512173324016,0.0,-0.17819874779258307,-3.8476190476190477,-27.09090909090909,0.3582483724276067,0.19908983301907637,-0.7443500228865181,Specialty Business Services,Industrials,SGRP
