Quarters,Year,Quarter,FillingDate,Date,NetIncome,Revenue,OperatingIncome,EPSDiluted,GrossProfit,GrossProfitRatio,TotalAssets,CommonStockEquity,CurrentAssets,CurrentLiability,TotalLiability,Inventory,RetainedEarnings,MarketCap,EnterpriseValue,bookValuePerShare,currentRatio,debtToAssets,debtToEquity,roic,shareholdersEquityPerShare,roe,priceToSalesRatio,peRatio,pbRatio,payoutRatio,inventoryTurnover,dividendYield,assetTurnover,quickRatio,returnOnAssets,priceToFreeCashFlowsRatio,grossProfitMargin,epsdilutedGrowth,fiveYNetIncomeGrowthPerShare,fiveYRevenueGrowthPerShare,fiveYShareholdersEquityGrowthPerShare,grossProfitGrowth,netIncomeGrowth,operatingIncomeGrowth,threeYNetIncomeGrowthPerShare,threeYRevenueGrowthPerShare,threeYShareholdersEquityGrowthPerShare,Industry,Sector,Symbol
2023Q1,2023,Q1,2023-05-15,2023-03-31,-2875175.0,0.0,-402877.0,-0.21,0.0,0.0,14092468.0,8079332.0,227667.0,2679803.0,6013136.0,0.0,-5786719.0,139822548.32999998,141660430.32999998,0.5830279940800447,0.08495661807976183,0.14005438933762349,0.24429148350383423,-0.07029967735213122,0.5830279940800447,-0.3558679108619376,0.0,-12.157742426982704,17.306201593151513,0.0,0.0,0.0,0.0,5.2245000845211385,-0.20402210599307374,-76.74604686023164,0.0,0.5714285714285715,-2.123256703117738,0.0,-0.9814504686855089,0.0,-1.7161834404055818,-11.453205677071171,-2.123256703117738,0.0,-0.9814504686855089,Shell Companies,Financial Services,LCA
2022Q4,2022,Q4,2023-04-25,2022-12-31,4014579.0,0.0,38541.0,-0.49,0.0,0.0,15606032.0,9718358.0,1755082.0,3804341.0,5887674.0,0.0,-4133842.0,125250000.0,125265996.0,0.77746864,0.46133666776979243,0.10083998289892011,0.16193188190844585,0.0025581121851374353,0.77746864,0.41309231456589685,0.0,7.799697054161843,12.887979636066092,0.0,0.0,0.0,0.0,0.4094575118266212,0.2572453394943699,-1010.5207106320495,0.0,-6.444444444444445,16.843240836989697,0.0,-0.8945980469540181,0.0,-0.26575249514870297,1.101250492578484,16.843240836989697,0.0,-0.8945980469540181,Shell Companies,Financial Services,LCA
2022Q3,2022,Q3,2022-11-14,2022-09-30,5467610.0,0.0,-380650.0,0.09,0.0,0.0,504235198.0,480969992.0,463459.0,2640206.0,23265206.0,0.0,-21800870.0,613750000.0,615201239.0,7.695519872,0.175538954157365,0.002982163890907116,0.0031264154209437664,-0.0007497813907942919,7.695519872,0.011367881761737851,0.0,28.062992788439555,1.2760671355979314,0.0,0.0,0.0,0.0,190.65554808980815,0.010843372342285395,-4413.181661297745,0.0,0.28571428571428553,2.4053057551156414,0.0,-0.7918277760696756,0.0,0.26693675569687186,0.17777120157943962,2.4053057551156414,0.0,-0.7918277760696756,Shell Companies,Financial Services,LCA
2022Q2,2022,Q2,2022-08-15,2022-06-30,4315614.0,0.0,-462949.0,0.07,0.0,0.0,501772336.0,475502382.0,779109.0,2103287.0,26269954.0,0.0,-25204260.0,611875000.0,613224208.0,7.608038112,0.3704244832017694,0.00299680132226341,0.0031623648101935273,-0.001017711477869425,7.608038112,0.009075904061401737,0.0,35.44541981743502,1.2867969187165922,0.0,0.0,0.0,0.0,238.1590039780591,0.008600741193512111,-2291.3834619691197,0.0,-0.7878787878787878,-0.8889351649830579,0.0,-0.7111138581594905,0.0,-0.792650942090819,-0.0060019079200412,-0.8889351649830579,0.0,-0.7111138581594905,Shell Companies,Financial Services,LCA
2022Q1,2022,Q1,2022-05-13,2022-03-31,20813280.0,0.0,-460187.0,0.33,0.0,0.0,500991181.0,471186768.0,983358.0,1887746.0,29804413.0,0.0,-28814482.0,613750000.0,614906257.0,7.538988288,0.5209164792297268,0.00260226536802052,0.002766868869288791,-0.0019927294914048174,7.538988288,0.044172038379481825,0.0,7.372096084807392,1.3025620447813595,0.0,0.0,0.0,0.0,0.07811167392223319,0.041544204347980326,-1637.055194432812,0.0,17.256157635467982,6.012910530778015,0.0,-0.7601406780672721,0.0,17.42761582959015,0.4734431406651372,6.012910530778015,0.0,-0.7601406780672721,Shell Companies,Financial Services,LCA
2021Q4,2021,Q4,2022-04-14,2021-12-31,-1266969.0,0.0,-873955.0,-0.0203,0.0,0.0,501117245.0,461014133.0,1086180.0,1561446.0,40103112.0,0.0,-38987117.0,608125000.0,608937411.0,7.376226128,0.6956244404225315,0.0017036172842145954,0.0018518130766286074,-0.00223136037052457,7.376226128,-0.0027482216038700056,0.0,-119.99602989496982,1.3191027269439481,0.0,0.0,0.0,0.0,0.026450482437432993,-0.0025282885644855426,-8376.262034958196,0.0,-1.8023715415019763,0.0,0.0,0.0,0.0,-4.945432124139349,0.06684469424777296,0.0,0.0,0.0,Shell Companies,Financial Services,LCA
2021Q3,2021,Q3,2021-11-22,2021-09-30,321123.0,0.0,-936559.0,0.0253,0.0,0.0,501395582.0,462088537.0,1372401.0,973712.0,39307045.0,0.0,-37912713.0,121750000.0,122489810.0,36.96708296,1.4094526923772122,0.0017026715644255517,0.0018475074182591118,-0.00994638819454027,36.96708296,0.0006949382516277395,0.0,94.78455295945791,0.26347764605985025,0.0,0.0,0.0,0.0,0.11697709384294329,0.0006404583756384196,-183.65188954036495,0.0,-0.9277142857142857,0.0,0.0,0.0,0.0,-0.9705416715133506,-28.97756225593752,0.0,0.0,0.0,Shell Companies,Financial Services,LCA
2021Q2,2021,Q2,2021-08-16,2021-06-30,10900924.0,0.0,-31242.0,0.35,0.0,0.0,501710747.0,461767414.0,1695248.0,360000.0,39943333.0,0.0,4998328.0,171656401.29,171733272.29,26.33576696870528,4.709022222222222,0.0005979541036221813,0.0006496777184888148,-0.00013551693454712338,26.33576696870528,0.02360695811246655,0.0,3.936739704129668,0.3717377971802921,0.0,0.0,0.0,0.0,0.6198027777777778,0.021727507463578412,-116.25340148899036,0.0,9.101851851851851,0.0,0.0,0.0,0.0,12.431733690448599,0.9757230554044604,0.0,0.0,0.0,Shell Companies,Financial Services,LCA
2021Q1,2021,Q1,2021-05-14,2021-03-31,-953567.0,0.0,-1286900.0,-0.0432,0.0,0.0,504183416.0,451166790.0,4183416.0,2516626.0,53016626.0,0.0,-953567.0,140887012.825,138584327.825,31.43087467792651,1.662311364501519,0.0003913555934969507,0.0004373438036075306,-0.0018544799358752172,31.43087467792651,-0.0021135576047164287,0.0,-36.936841570912165,0.31227256958562927,0.0,0.0,0.0,0.0,0.993393535630642,-0.001891309729235521,-112.37787078544137,0.0,0.0,0.0,0.0,0.0,0.0,0.0,0.0,0.0,0.0,0.0,Shell Companies,Financial Services,LCA
