Quarters,Year,Quarter,FillingDate,Date,NetIncome,Revenue,OperatingIncome,EPSDiluted,GrossProfit,GrossProfitRatio,TotalAssets,CommonStockEquity,CurrentAssets,CurrentLiability,TotalLiability,Inventory,RetainedEarnings,MarketCap,EnterpriseValue,bookValuePerShare,currentRatio,debtToAssets,debtToEquity,roic,shareholdersEquityPerShare,roe,priceToSalesRatio,peRatio,pbRatio,payoutRatio,inventoryTurnover,dividendYield,assetTurnover,quickRatio,returnOnAssets,priceToFreeCashFlowsRatio,grossProfitMargin,epsdilutedGrowth,fiveYNetIncomeGrowthPerShare,fiveYRevenueGrowthPerShare,fiveYShareholdersEquityGrowthPerShare,grossProfitGrowth,netIncomeGrowth,operatingIncomeGrowth,threeYNetIncomeGrowthPerShare,threeYRevenueGrowthPerShare,threeYShareholdersEquityGrowthPerShare,Industry,Sector,Symbol
2022Q4,2022,Q4,2023-04-17,2022-12-31,159693.0,2811580.0,-705564.0,0.0,1405790.0,0.5,117915033.0,112922795.0,117915033.0,4992238.0,4992238.0,0.0,-4992245.0,39476547.0,39567337.0,0.009439661060021283,23.619673781578523,0.0007727937454760327,0.0008069584179173036,0.005896935453560936,0.009439661060021283,0.0014141785987497033,14.0406984684768,61.80068475136669,0.34958882305383954,0.0,0.0,0.0,0.02384411833222317,23.619673781578523,0.00135430568891076,-432.3448876330661,0.5,-1.0,0.0,0.0,3.52134969086224,10.318074860638841,-0.8272492922535707,-3.6767285092167272,0.0,0.0,3.52134969086224,Shell Companies,Financial Services,GMFIW
2022Q3,2022,Q3,2022-11-15,2022-09-30,924413.0,0.0,-150867.0,0.32,-150867.0,0.0,117427097.0,113299597.0,117427097.0,4127500.0,4127500.0,0.0,-4078948.0,902137500.0,902136982.0,0.009419262335287027,28.44993264688068,0.0,0.0,-0.003182554024311109,0.009419262335287027,0.008159014016616494,0.0,243.97577165184822,7.962406962489019,0.0,0.0,0.0,0.0,28.43821247728649,0.007872229013717336,-16404.886165260403,0.0,8.191011235955056,0.0,0.0,0.0,0.6735109470253566,8.228470891816867,0.6735109470253566,0.0,0.0,0.0,Shell Companies,Financial Services,GMFIW
2022Q2,2022,Q2,2022-08-08,2022-06-30,-127885.0,0.0,-462089.0,-0.0445,-462089.0,0.0,116992824.0,112912824.0,152260.0,55000.0,4080000.0,0.0,-3812517.0,950251500.0,950195990.0,0.009387107619403916,2.7683636363636364,0.0,0.0,-0.001774185769513475,0.009387107619403916,-0.0011325994290958482,0.0,-1857.6289244242873,8.41579783709953,0.0,0.0,0.0,0.0,2125.383163636364,-0.0010931012315763913,-2690.878636680278,0.0,0.6821428571428572,0.0,0.0,0.0,0.0,0.6724223608848451,-0.6082730057079215,0.0,0.0,0.0,Shell Companies,Financial Services,GMFIW
2022Q1,2022,Q1,2022-05-12,2022-03-31,-390396.0,0.0,-287320.0,-0.14,0.0,0.0,117330311.0,113207811.0,656849.0,97500.0,4122500.0,0.0,-3517530.0,1640687.4000000001,1128963.4000000001,9.625532343638405,6.736912820512821,0.0,0.0,-0.002923998064834451,9.625532343638405,-0.0034484899632941405,0.0,-1.0506558724986936,0.014492704924751174,0.0,0.0,0.0,0.0,5.248451282051282,-0.003327324343323355,-5.190176328792778,0.0,0.0,0.0,0.0,0.0,0.0,0.0,0.0,0.0,0.0,0.0,Shell Companies,Financial Services,GMFIW
2021Q4,2021,Q4,2022-02-28,2021-12-31,0.0,0.0,0.0,0.0,0.0,0.0,329786.0,24555.0,25000.0,305231.0,305231.0,0.0,-445.0,2117016.0,2092016.0,0.0020877971635547394,0.08190518001120463,0.0,0.0,,0.0020877971635547394,0.0,0.0,0.0,86.21527183872938,0.0,0.0,0.0,0.0,0.08190518001120463,0.0,0.0,0.0,0.0,0.0,0.0,0.0,0.0,0.0,0.0,0.0,0.0,0.0,Shell Companies,Financial Services,GMFIW
2021Q3,2021,Q3,2021-09-30,2021-09-30,0.0,0.0,0.0,0.0,0.0,0.0,134407.0,24555.0,25000.0,109852.0,109852.0,0.0,-445.0,0.0,84852.0,0.0,0.22757892437097185,0.817308622318778,4.473712074933822,,0.0,0.0,0.0,0.0,0.0,0.0,0.0,,0.0,0.22757892437097185,0.0,0.0,0.0,0.0,0.0,0.0,0.0,0.0,1.0,1.0,0.0,0.0,0.0,Shell Companies,Financial Services,GMFIW
2021Q2,2021,Q2,2021-06-30,2021-06-30,-445.0,0.0,-445.0,0.0,0.0,0.0,84115.0,24555.0,25000.0,59560.0,59560.0,0.0,-445.0,0.0,34560.0,0.0,0.41974479516453994,0.7080782262378886,2.425575239258807,-0.005290376270581942,0.0,-0.01812258195886785,0.0,0.0,0.0,0.0,0.0,,0.0,0.41974479516453994,-0.005290376270581942,0.0,0.0,0.0,0.0,0.0,0.0,0.0,0.0,0.0,0.0,0.0,0.0,Shell Companies,Financial Services,GMFIW
