Quarters,Year,Quarter,FillingDate,Date,NetIncome,Revenue,OperatingIncome,EPSDiluted,GrossProfit,GrossProfitRatio,TotalAssets,CommonStockEquity,CurrentAssets,CurrentLiability,TotalLiability,Inventory,RetainedEarnings,MarketCap,EnterpriseValue,bookValuePerShare,currentRatio,debtToAssets,debtToEquity,roic,shareholdersEquityPerShare,roe,priceToSalesRatio,peRatio,pbRatio,payoutRatio,inventoryTurnover,dividendYield,assetTurnover,quickRatio,returnOnAssets,priceToFreeCashFlowsRatio,grossProfitMargin,epsdilutedGrowth,fiveYNetIncomeGrowthPerShare,fiveYRevenueGrowthPerShare,fiveYShareholdersEquityGrowthPerShare,grossProfitGrowth,netIncomeGrowth,operatingIncomeGrowth,threeYNetIncomeGrowthPerShare,threeYRevenueGrowthPerShare,threeYShareholdersEquityGrowthPerShare,Industry,Sector,Symbol
2023Q1,2023,Q1,2023-05-08,2023-03-31,-58194000.0,214854000.0,-24432000.0,-0.26,115811000.0,0.5390218474,7917511000.0,2775892000.0,374366000.0,563383000.0,5062097000.0,0.0,-2738525000.0,2282084600.0,6537289600.0,12.893674143368743,0.6644964438046587,0.5516099693451642,1.5733241783181766,-0.0032710043241606134,12.893674143368743,-0.020964072089259957,10.621559756858145,-9.803779599271403,0.822108569065367,-0.7184933154620752,0.0,0.0183218448606156,0.027136558446208662,0.4984992447411441,-0.007350037151827134,28.26811098724142,0.5390218473940444,-17.7741935483871,-0.13541653118160482,-0.4055025980225138,-0.4241748890370282,-0.11539959822485658,-17.80935875216638,-1.3976303626066011,-6.082554469282093,-0.3780627196593467,-0.2803279136288783,REIT—Retail,Real Estate,MAC
2022Q4,2022,Q4,2023-02-24,2022-12-31,3462000.0,228225000.0,61444000.0,0.0155,130919000.0,0.5736400482,8094139000.0,2865773000.0,368031000.0,502945000.0,5144790000.0,0.0,-2643094000.0,2422904280.0,6821208280.0,13.318150554424708,0.7317519808328943,0.5557878361120312,1.5697768106545773,0.008900522384612,13.318150554424708,0.0012080510214870473,10.616296549457772,174.9642027729636,0.8454627355341823,11.418544194107453,0.0,0.016315543427080824,0.028196328232070144,0.5710604539263736,0.000427716894903831,46.131226533643044,0.5736400481980501,1.246815286624204,-0.9307363749675744,-0.4175383675761912,-0.4899526454421721,0.18208084656849025,1.2564064583024737,0.6360199163937482,-0.9153951715500299,-0.37983346967937615,-0.2845361243495538,REIT—Retail,Real Estate,MAC
2022Q3,2022,Q3,2022-11-07,2022-09-30,-13502000.0,210704000.0,37557000.0,-0.0628,110753000.0,0.5256331157,8068810000.0,2899231000.0,344496000.0,508117000.0,5090665000.0,1204153000.0,-2608239000.0,1708163960.0,6046895960.0,13.476396106612622,0.6779855820608246,0.5513480922217774,1.5344493074197951,0.004982902643025395,13.476396106612622,-0.00465709700261897,8.106936555547119,-31.62798029921493,0.5891782890014629,-5.1906384239371945,0.08300523272374856,0.041028848307980925,0.02611339218546477,2.9396083972785796,-0.0016733570377788051,10.0737409622212,0.5256331156503911,0.2369380315917376,-1.5054377701011505,-0.43074506843468313,-0.4930841928413231,0.021056707446367166,0.23661446259964947,0.04548617877126075,-1.1913346841168893,-0.40094850023121825,-0.2962753310327074,REIT—Retail,Real Estate,MAC
2022Q2,2022,Q2,2022-08-08,2022-06-30,-17687000.0,204091000.0,35923000.0,-0.0823,108469000.0,0.5314737054,8114386000.0,2941474000.0,323963000.0,394699000.0,5057993000.0,1246730000.0,-2560793000.0,1872562900.0000002,6300699900.0,13.681910786548212,0.8207849525841211,0.5588249067766803,1.5415811936464507,0.004569573065157086,13.681910786548212,-0.0060129717277800174,9.175137071208432,-26.4680683552892,0.6366069868372116,-2.0014134675185162,0.07669824260264853,0.01890403788305322,0.02515174900479223,3.847572453945918,-0.0021797089761320205,37.467743807275205,0.5314737053569241,0.5158823529411766,-1.4372263909103467,-0.45682772782995074,-0.4981412806210444,-0.08594566353187043,0.5265031857364673,2.6458946513752157,-1.7391581003223664,-0.41133982533021396,-0.30027617672779416,REIT—Retail,Real Estate,MAC
2022Q1,2022,Q1,2022-05-10,2022-03-31,-37354000.0,216144000.0,9853000.0,-0.17,118668000.0,0.5490228736,8209680000.0,2982638000.0,348007000.0,405464000.0,5106176000.0,0.0,-2513179000.0,3359769160.0,7810706160.0,13.884423631056844,0.8582932146873705,0.5577782568869919,1.535278837056324,0.001350837074644999,13.884423631056844,-0.01252381281268461,15.544124102450219,-22.48600658564009,1.1264421495333996,-1.1060127429458693,0.0,0.012296678144399659,0.026327944572748268,0.7203450861235523,-0.004549994640473198,51.33807774585905,0.5490228736397957,-0.4166666666666668,-1.3606042912205445,-0.4151604050803554,-0.4962043274486801,-0.054377968316705445,-0.49386122775444913,-0.5887386259287086,-4.141076416491152,-0.37222643160127966,-0.3126019064678306,REIT—Retail,Real Estate,MAC
2021Q4,2021,Q4,2022-02-25,2021-12-31,-25005000.0,229402000.0,23958000.0,-0.12,125492000.0,0.5470396945,8345655000.0,3046867000.0,378332000.0,441442000.0,5169506000.0,0.0,-2443696000.0,3711693144.96,8208315144.96,14.184863808445941,0.8570367115045692,0.5522725298373824,1.5127263513635483,0.002814812308641849,14.184863808445941,-0.00820679077885579,16.179863928649272,-37.109509547690465,1.2181999230553877,0.0,0.0,0.0,0.027487596839313393,3.7182370503939364,-0.002996169863240213,-17.538371460917524,0.5470396945100741,-1.24,-1.4514548636084363,-0.4346500885088942,-0.5025659191024532,0.040218832891246684,-1.234344248467695,-0.3624121779859485,-2.3992621945393484,-0.3890650207674536,-0.3209989073687846,REIT—Retail,Real Estate,MAC
2021Q3,2021,Q3,2021-11-08,2021-09-30,106702000.0,212137000.0,37576000.0,0.5,120640000.0,0.5686891018539906,8412226000.0,3074734000.0,351377000.0,425370000.0,5177435000.0,0.0,-2394634000.0,3562805940.0,8075504940.0,14.42088230603994,0.8260502621247384,0.5504244655338552,1.5059172598345092,0.004819992585903968,14.42088230603994,0.034702839335044915,16.79483513012817,8.34756129219696,1.1587363134502042,0.3371258270697831,0.0,0.010096536439478374,0.025217700998522864,0.6955427039988715,0.012684157558296699,36.13173579701032,0.5686891018539906,9.333333333333334,4.24332951028736,-0.43510009417652995,-0.5017065305808384,-0.04375396322130628,10.069443263918401,-0.10214809681966978,-0.04545789086888577,-0.4199513523461016,-0.3311672386293618,REIT—Retail,Real Estate,MAC
2021Q2,2021,Q2,2021-08-06,2021-06-30,-11765000.0,215473000.0,41851000.0,-0.06,126160000.0,0.58550259197208,8643452000.0,2968494000.0,454392000.0,413104000.0,5516506000.0,0.0,-2469336000.0,3755065250.0,8532363250.0,14.427183522310298,1.099945776366242,0.5751551579160733,1.6746963274980513,-0.006955980123004565,14.427183522310298,-0.0039632891291004795,17.427080191021613,-79.79314173395665,1.264973164843857,-3.5590310242243945,0.0,0.01115080490279097,0.024929044553032745,0.9321962508230373,-0.0013611459865803617,61.752816241284044,0.58550259197208,0.85,-1.1829322568733665,-0.4170544097518877,-0.5072680582617888,0.3384256312327604,0.8150273567700145,4.381380995242381,-2.032854804938191,-0.36962559302240944,-0.3366273643400161,REIT—Retail,Real Estate,MAC
2021Q1,2021,Q1,2021-05-10,2021-03-31,-63604000.0,190424000.0,7777000.0,-0.4,94260000.0,0.4950006301726673,9669584000.0,2833896000.0,1384128000.0,436463000.0,6672279000.0,0.0,-2426555000.0,1855386000.0,6873874000.0,17.870450245932652,3.1712378827071253,0.6310820610276512,2.1533256689730322,0.000891144705193725,17.870450245932652,-0.02244401347120713,9.743446204259968,-7.2927253002955785,0.6547120995265882,-0.41931325073894726,0.0,0.014374367382312899,0.019693091243635715,3.0171469288347468,-0.006577739021658016,35.53086041479155,0.4950006301726673,0.6853856935436425,-1.1448236480204625,-0.287095797074032,-0.4180381168636997,-0.0981716592837803,0.6659769559600458,-0.5756534075407869,-0.6847633010144012,-0.28467127900408606,-0.2019145294504945,REIT—Retail,Real Estate,MAC
2020Q4,2020,Q4,2021-02-24,2020-12-31,-190418000.0,194643000.0,18327000.0,-1.271398,104521000.0,0.5369882297334093,9184005000.0,2257049000.0,723465000.0,475800000.0,6738745000.0,0.0,-2339619000.0,1598052035.25,9612625035.25,15.070042964046843,1.5205233291298865,0.9233302899987532,3.757060657522278,0.001694652232246227,15.070042964046843,-0.08436591319018771,8.210169568132427,-2.0980842610073624,0.7080271785193852,-0.12958333770967032,0.0,0.015440673680028093,0.021193694907613834,1.4840332072299285,-0.020733655959464307,26.763557783453358,0.5369882297334093,-7.4759866666666674,-1.4730833180680192,-0.37440089895642775,-0.5065354234255887,0.018832428427999103,-7.580866116894237,0.11784080512351326,-6.473404219251131,-0.2863023505335837,-0.4228601399665643,REIT—Retail,Real Estate,MAC
2020Q3,2020,Q3,2020-11-06,2020-09-30,-22191000.0,185844000.0,16395000.0,-0.15,102589000.0,0.5520167452271798,9183288000.0,2464328000.0,793363000.0,399582000.0,6534751000.0,0.0,-2126749000.0,1015960540.0,6445591540.0,16.469918329702057,1.9854823290338404,0.6371638350011456,2.374383198989745,0.0020466592179307214,16.469918329702057,-0.009004888959586548,5.466738447299886,-11.44563719525934,0.4122667680600959,-1.1108106890180705,0.0,0.024262753354574184,0.02023719608924385,1.9520223633697213,-0.0024164547599944595,12.619216981952329,0.5520167452271798,0.16666666666666666,-1.6997584341138563,-0.396532594534206,-0.5190140832328148,0.04300572392968615,0.11645962732919254,0.6690420441820217,-2.1943962976563913,-0.27808751625521433,-0.38048259505805326,REIT—Retail,Real Estate,MAC
2020Q2,2020,Q2,2020-08-10,2020-06-30,-25116000.0,178587000.0,9823000.0,-0.18,98359000.0,0.550762373521029,9228348000.0,2502397000.0,755532000.0,380533000.0,6539789000.0,0.0,-2082082000.0,1292594940.0,6761660940.0,17.3654564128187,1.9854572402393484,0.6346121754402847,2.3403248964892462,0.0010973019307494894,17.3654564128187,-0.010036776738463161,7.237900519074737,-12.86625,0.5165427148450066,-0.6316690555820991,0.0,0.012273759945246265,0.019352001029870135,1.9589601953050064,-0.002721613879320546,-19.86102055867982,0.550762373521029,-4.6,-2.9191141310218445,-0.39146384464439676,-0.4989481409287455,-0.25810466291541584,-4.339005583621377,-0.7744120889215507,-1.9262984083873842,-0.2908929038767868,-0.36302714929725405,REIT—Retail,Real Estate,MAC
2020Q1,2020,Q1,2020-05-11,2020-03-31,7522000.0,226952000.0,43544000.0,0.05,132578000.0,0.5841675772850646,9299648000.0,2533991000.0,806462000.0,371187000.0,6575288000.0,0.0,-2042688000.0,796290310.0,6122521310.0,17.916040357190834,2.172656908781827,0.6304202051518509,2.313617530606857,0.005275994629233306,17.916040357190834,0.002968439903693423,3.5086287408791286,26.465378556235045,0.31424354309072133,15.244881680404148,0.0,0.1440077802780245,0.02440436455229273,2.143687683027692,0.0008088478187561508,16.02193782696177,0.5841675772850646,-0.7370732040785204,-0.6575074690346271,-0.2010922027215316,-0.49080103032544303,-0.11304824854826193,-0.7202781599791752,-0.2692856303804266,-0.8897098417775975,-0.0673101466261505,-0.34991730005860455,REIT—Retail,Real Estate,MAC
2019Q4,2019,Q4,2020-02-25,2019-12-31,26891000.0,241841000.0,59591000.0,0.190167,149476000.0,0.6180755124234518,8853571000.0,2632262000.0,264408000.0,424524000.0,6022601000.0,0.0,-1944012000.0,3806693938.0000005,9030865938.0,18.6147071958271,0.6228340447183198,0.588460407670532,1.9792771388258463,0.0075184780782623535,18.6147071958271,0.01021592835363653,15.740482126686544,35.390036982633596,1.4461683289885277,4.282399315756201,0.0,0.030251447023477512,0.02731564472685654,0.5893589055035757,0.0030373055120922394,45.764533998557354,0.6180755124234518,-0.42373636363636363,-0.978950265738373,-0.16210647579785356,-0.4778685855380009,0.07441616411376983,-0.4200901425459878,0.1672836966954614,-0.2625206713659814,-0.09467298426393475,-0.34722039702490004,REIT—Retail,Real Estate,MAC
2019Q3,2019,Q3,2019-11-05,2019-09-30,46371000.0,231127000.0,51051000.0,0.33,139123000.0,0.6019331363276467,8775973000.0,2707211000.0,246624000.0,427556000.0,5868204000.0,0.0,-1864807000.0,4465815120.0,9528591120.0,19.150097617565503,0.576822685215504,0.5747968914671912,1.8633205908220674,0.006401430061545926,19.150097617565503,0.01712869813250611,19.32191011867934,24.07655172413793,1.6495999462177127,2.476181233960881,0.0,0.025711543562510937,0.02633633900195454,0.5558687049181862,0.005283858553347873,41.77602334914265,0.6019331363276467,1.9649329296232743,0.2870804556373197,-0.12560782876479012,-0.15424842989746285,-0.009878230174150066,1.9471844413372315,-0.046435175672899114,2.4367319232319358,-0.07173844149371338,-0.33829509324989926,REIT—Retail,Real Estate,MAC
2019Q2,2019,Q2,2019-08-05,2019-06-30,15734000.0,227972000.0,53537000.0,0.111301,140511000.0,0.6163520081413507,8944099000.0,2764144000.0,283484000.0,421541000.0,5974729000.0,0.0,-1805097000.0,4585866585.92,9715155585.92,19.553301361908453,0.672494490452886,0.5718165686672296,1.8502596102084408,0.006382794582158942,19.553301361908453,0.0056921781209662015,20.115920314424578,72.86555526121774,1.6590548777198293,8.272340155078174,0.0,0.028382203791017697,0.025488537190833868,0.569187813285066,0.001759148685630604,69.23316805942208,0.6163520081413507,1.0105312595964522,-0.02516664420941238,-0.10656027676213634,-0.149004209138178,0.0775466069525073,1.0109918200408998,0.27560162020490825,-0.6439167414932755,-0.10230104180767184,-0.33219563385004097,REIT—Retail,Real Estate,MAC
2019Q1,2019,Q1,2019-05-07,2019-03-31,7824000.0,226522000.0,41970000.0,0.055359,130399000.0,0.575657110567627,9002921000.0,2854713000.0,273716000.0,420307000.0,5917652000.0,0.0,-1714789000.0,6092856404.46,11114959404.46,20.198519259359962,0.6512287447032764,0.5565993525878989,1.7553498372691054,0.005056396176623784,20.198519259359962,0.0027407308545552567,26.89741572324101,194.68482887461656,2.1343148696418868,14.621165644171779,0.0,0.018775430176930084,0.025160944986632672,0.5487964749575905,0.000869051277913024,61.643630154390934,0.575657110567627,-0.33458741510908113,-0.5623267157271421,-0.1463702700434043,-0.13871180319762608,-0.1919153735560954,-0.33407098476466085,-0.3899177253830276,-0.9800110772645543,-0.04846367441592777,-0.34222315929519675,REIT—Retail,Real Estate,MAC
2018Q4,2018,Q4,2019-02-25,2018-12-31,11749000.0,246874000.0,68794000.0,0.083195,161368000.0,0.6536451793222453,9026808000.0,2950232000.0,357974000.0,477431000.0,5838376000.0,0.0,-1614357000.0,6112075695.360001,10991824695.36,20.89078200666481,0.7497921165571569,0.5519625542052075,1.6888366745394938,0.01004039352058212,20.89078200666481,0.003982398672375596,24.757875253611157,130.05523226146906,2.071727137174297,9.719210145544302,0.0,0.01868285107900225,0.02734898094653171,0.6522073346724448,0.0013015675086918874,62.91380026103963,0.6536451793222453,-0.8413151038189662,-0.9191007614862383,-0.0401158135909935,-0.12375694034379392,0.08613390230933358,-0.8412897822445561,0.12172055634365471,-0.9690432354745037,-0.15849305380159825,-0.3159368608423074,REIT—Retail,Real Estate,MAC
2018Q3,2018,Q3,2018-11-05,2018-09-30,74028000.0,242198000.0,61329000.0,0.524278,148571000.0,0.6134278565471226,9010730000.0,3044448000.0,337069000.0,465387000.0,5722801000.0,0.0,-1520209000.0,7699628365.8,12479132365.8,21.561267836951114,0.7242767846974668,0.5407978043954264,1.6006129846855652,0.007701894966163448,21.561267836951114,0.024315738025415444,31.79063561961701,26.00241923934187,2.529072057003437,1.5223699140865619,0.0,0.014636810329778892,0.0268788433345578,0.6155049453465611,0.00821553858566398,93.5431274774939,0.6134278565471226,8.470339595375723,0.9351684438828356,-0.09449278263216161,-0.07965717783115224,0.021057406172898897,8.471340839303991,0.4493784563028785,1.4736604441040897,-0.16660934576293654,-0.3703268000718519,REIT—Retail,Real Estate,MAC
2018Q2,2018,Q2,2018-08-03,2018-06-30,7816000.0,234545000.0,42314000.0,0.05536,145507000.0,0.6203798844571404,9115217000.0,3070510000.0,317930000.0,442821000.0,5800042000.0,0.0,-1489742000.0,8023505758.05,12898951758.05,21.748234320755202,0.7179650468247892,0.5450114901268944,1.617939039442959,0.004886955579665169,21.748234320755202,0.002545505469775379,34.208811776204996,256.6372107871673,2.613085695226526,14.452789150460594,0.0,0.014079007781188913,0.025731148254616427,0.6049171109771216,0.000857467244060125,114.81505620975359,0.6203798844571404,1.2306666666666668,-0.9644301222454571,-0.0903634301459555,-0.08238019945309524,0.17438115915125785,1.2328061239686654,0.1771873695924329,-0.39043731201476184,-0.18427040390004903,-0.37249024852074736,REIT—Retail,Real Estate,MAC
2018Q1,2018,Q1,2018-05-07,2018-03-31,-33573000.0,236734000.0,35945000.0,-0.24,123901000.0,0.5233764478275195,9157273000.0,3157760000.0,346607000.0,446756000.0,5748688000.0,0.0,-1393418000.0,7900164480.0,12685830480.0,22.391649648286815,0.7758306547645695,0.5355132472298249,1.5529492425010134,0.004106555559236077,22.391649648286815,-0.010631903627888123,33.371482254344535,-58.82825842194621,2.50182549655452,-3.389092425460936,0.0,0.014402484946743791,0.025852019482219216,0.6646357295705038,-0.0036662661471379087,83.18764720748041,0.5233764478275195,-2.033204613258598,-2.811000678539934,-0.12081541627328288,0.021447316103050694,-0.2291741840759497,-2.025098470275717,-0.46935250524078065,-2.5331262987180945,-0.16421747003508472,-0.36359794335666135,REIT—Retail,Real Estate,MAC
2017Q4,2017,Q4,2018-02-23,2017-12-31,32751000.0,256743000.0,67738000.0,0.232287,160738000.0,0.6260657544704238,9605862000.0,3681578000.0,337920000.0,467599000.0,5637863000.0,0.0,-830279000.0,9260484934.800001,14339710934.800001,26.11159617908523,0.7226704933072996,0.5382405035591808,1.4043608474409615,0.0054319839147683215,26.11159617908523,0.008895913654416665,36.06908439490074,70.68856626362555,2.515357527342895,6.3464627034289025,0.0,0.022445152868713028,0.026727741872619032,0.6113208112078939,0.0034094805859172243,107.00938229931015,0.6260657544704238,0.8707024989731901,-0.8166911179861404,-0.0030641742645076465,0.16669169223537275,0.11001539980802033,0.8716996228140359,0.20160360456246784,-0.9742879591518824,-0.10786652586848704,-0.2675853289863945,REIT—Retail,Real Estate,MAC
2017Q3,2017,Q3,2017-11-03,2017-09-30,17498000.0,242451000.0,56373000.0,0.124171,144807000.0,0.5972629521016618,9606911000.0,3746321000.0,314161000.0,460268000.0,5569817000.0,0.0,-758758000.0,7746272849.33,12725615849.33,26.585077672265573,0.6825610296609801,0.5257081074239159,1.3481041800742648,0.0055763445065241946,26.585077672265573,0.004670715616734391,31.94984903889858,110.67368912632872,2.0677013126558026,6.427363127214539,0.0,0.014518724319106259,0.02523714438491207,0.572329599276943,0.0018213971171378604,70.66284310163013,0.5972629521016618,-0.34008110075945597,-0.6202976120716905,0.07074593999609291,0.21450397891494824,-0.035744964208423505,-0.3431188527667242,-0.05214043111275515,-0.5127725963908375,-0.07983943129980262,0.17411261454837876,REIT—Retail,Real Estate,MAC
2017Q2,2017,Q2,2017-08-07,2017-06-30,26638000.0,247423000.0,59474000.0,0.188161,150175000.0,0.6069565076811776,9682206000.0,3859556000.0,335071000.0,474370000.0,5521531000.0,0.0,-663805000.0,8219569992.320001,13119950992.32,27.262474991924858,0.7063494740392521,0.5151216571925861,1.2922507148490656,0.006622831031493935,27.262474991924858,0.006901830158702192,33.22071914219778,77.14139567835423,2.129667244708977,4.21762144305128,0.0,0.013668476587579872,0.02555440361421767,0.6003056685709467,0.0027512325187049316,93.91325699896028,0.6069565076811776,-0.6079979166666666,-0.8126658672121554,0.1344165328164864,0.29443859605511347,0.0528917276047984,-0.6152968531115058,0.16398864859575302,0.6480157336723946,-0.03173926489849606,0.1865132663377175,REIT—Retail,Real Estate,MAC
2017Q1,2017,Q1,2017-05-01,2017-03-31,69243000.0,247045000.0,51095000.0,0.48,142631000.0,0.5773482563905361,9712064000.0,3957453000.0,335025000.0,477211000.0,5438167000.0,0.0,-574597000.0,9247582400.0,14057694400.0,27.559632580294714,0.7020479410575197,0.5047750920916502,1.2387785780399667,0.006048721156186737,27.559632580294714,0.01749685972265495,37.43278512011982,33.38814898256864,2.3367510365884323,1.6597056742197767,0.0,0.012427356148781113,0.025436920514527086,0.5972431482090731,0.007129586460715251,90.04111232279172,0.5773482563905361,0.8614752191111457,5.53390459574358,0.05977636123717199,0.3378962258510492,-0.16630037058252767,0.8649806076276665,-0.33395468884427876,2.812392877257523,-0.08370399965871428,0.17517457318651716,REIT—Retail,Real Estate,MAC
2016Q4,2016,Q4,2017-02-24,2016-12-31,37128000.0,272000000.0,76714000.0,0.25786,171082000.0,0.6289779411764705,9958148000.0,4105887000.0,349222000.0,506107000.0,5530980000.0,0.0,-488782000.0,10199899950.24,15071753950.24,28.51606746134369,0.6900161428314566,0.49867706324509337,1.2094585165154326,0.008895045560603684,28.51606746134369,0.009042625868661266,37.49963217,68.680645,2.4842135086133643,3.1252424046541694,0.0,0.011375993937790513,0.02731431587479921,0.5913196221352401,0.003728404116910092,103.6080322431359,0.6289779411764705,1.701688948493357,-0.7908861490758088,0.2037758034337698,0.3407230599513369,0.11256925838254038,1.7041514930808448,0.2814285237029366,-0.749256780368834,0.037281183864944965,0.19607806896452915,REIT—Retail,Real Estate,MAC
2016Q3,2016,Q3,2016-11-02,2016-09-30,13730000.0,253367000.0,59866000.0,0.095444,153772000.0,0.6069140811550044,9941765000.0,4163202000.0,333449000.0,497546000.0,5451257000.0,0.0,-419777000.0,11633443624.19,16443364624.19,28.940540446676366,0.6701872791661474,0.4922769749637011,1.1755619833003539,0.006185484044172705,28.940540446676366,0.0032979423049854413,45.91538607707397,211.82526628168245,2.794350027740667,8.057246904588492,0.0,0.009509308126956478,0.025485112552952115,0.5637127019411271,0.0013810425010046003,104.45010346917704,0.6069140811550044,-0.6946475989378379,-0.02574751885145372,0.14789336549462437,0.4056278473290781,-0.04899965985342775,-0.6963867144310292,-0.13015808438916657,-0.6477048096398079,-0.07021008242264591,0.23532710929637912,REIT—Retail,Real Estate,MAC
2016Q2,2016,Q2,2016-08-03,2016-06-30,45222000.0,259904000.0,68824000.0,0.31257,161695000.0,0.6221335570056636,9997679000.0,4236172000.0,299420000.0,447011000.0,5420578000.0,0.0,-378389000.0,12354061507.37,17193435507.370003,29.279984308335077,0.6698269170109907,0.4913652458735673,1.1596582952722412,0.007445415395570656,29.279984308335077,0.010675203934117878,47.5331718918139,68.2967444350648,2.916326699522588,2.5094644199725797,0.0,0.00918588594789657,0.025996433772278546,0.5691649646205574,0.004523249846289323,123.73859682862582,0.6221335570056636,-0.88675,3.1421018951042825,0.2389945472547883,0.39250550769270803,0.08683524224337259,-0.8925626314101421,0.2932952495490078,-0.799168720827209,-0.01635483160131901,0.23540573293298753,REIT—Retail,Real Estate,MAC
2016Q1,2016,Q1,2016-05-06,2016-03-31,420915000.0,256000000.0,53216000.0,2.76,148776000.0,0.58115625,10211345000.0,4667011000.0,335013000.0,460567000.0,5181475000.0,0.0,-175775000.0,12043212160.0,16595675160.0,30.707252079166228,0.7273925400647463,0.4562540977706659,0.998276627160296,0.005689609709640267,30.707252079166228,0.0901894167380364,47.0437975,7.152995355356782,2.580497916118046,1.0865139042324459,0.0,0.037974088135635735,0.025070154813102485,0.6356946980569602,0.04122032895764466,111.67563505531291,0.58115625,0.02698744396220675,10634.901923499685,0.151088122894459,0.4189341324284152,-0.2806254925947595,0.014353225258399023,-0.425114510413966,20.067743583459244,-0.11782539475101579,0.4007829129982822,REIT—Retail,Real Estate,MAC
2015Q4,2015,Q4,2016-02-23,2015-12-31,414959000.0,320758000.0,92568000.0,2.687472,206813000.0,0.6447633418340306,11258576000.0,4715414000.0,341829000.0,839839000.0,6187337000.0,0.0,-212760000.0,12458938320.34,17656170320.34,30.539259917422616,0.40701729736294695,0.4693081967026736,1.120525578453981,0.009281527737846943,30.539259917422616,0.08800054459693253,38.842174849388016,7.506126099409822,2.6421727382452525,1.1170910861073022,0.0,0.03720597919994759,0.02849010389946295,0.3577352325862457,0.03685714783112891,98.31398702981235,0.6447633418340306,11.680104178462237,13.895742601457684,0.33041646044139406,0.3796707253720283,-0.016581074655254397,11.351073012471351,0.07479738987065462,1.120817982629881,0.1373270107156465,0.36452404473122135,REIT—Retail,Real Estate,MAC
2015Q3,2015,Q3,2015-11-05,2015-09-30,33597000.0,326262000.0,86126000.0,0.211944,210300000.0,0.644573992680729,13350181000.0,5427976000.0,306116000.0,641118000.0,7535965000.0,0.0,338693000.0,12177359750.619999,18910508750.62,34.241997022283094,0.47747216581035007,0.5113157641832721,1.2575880954521539,0.007198603478869063,34.241997022283094,0.006189599954016009,37.323867783008744,90.61344577358096,2.243443919173555,3.471053963151472,0.0,0.00957654223807115,0.024438769781473375,0.45943492461606134,0.002516595093354914,86.50413257338106,0.644573992680729,1.3549333333333333,2.2741604393582397,0.4055268282234758,0.5285060942270584,0.007772740777657444,1.333935394234109,0.05294944678770096,-0.35189759173510293,0.2809057357548358,0.5643001740386712,REIT—Retail,Real Estate,MAC
2015Q2,2015,Q2,2015-08-04,2015-06-30,14395000.0,322794000.0,81795000.0,0.09,208678000.0,0.6464742219496026,13360376000.0,5493328000.0,318736000.0,664660000.0,7475729000.0,0.0,415017000.0,11824174600.0,18453056600.0,34.658002157715096,0.4795474377877411,0.5044175403446729,1.226798763882295,0.006809053482574385,34.658002157715096,0.0026204515732539545,36.63071370595488,205.3521118443904,2.152461058214619,7.93782563390066,0.0,0.009663676651053513,0.02416054757740351,0.46148557157042697,0.0010774397367259725,106.76552023043098,0.6464742219496026,-0.42040558729013855,26.480268980235856,0.382238978801642,0.443594218580676,0.09713306309574507,-0.41509893949859816,0.33732812321174566,-0.9095794740745223,0.32189814245234316,0.6455826431164499,REIT—Retail,Real Estate,MAC
2015Q1,2015,Q1,2015-05-07,2015-03-31,24611000.0,318335000.0,61163000.0,0.155281,190203000.0,0.597493206841849,13196667000.0,5576537000.0,326472000.0,675884000.0,7223102000.0,0.0,510506000.0,13365714268.35,19721907268.35,35.18475374889597,0.4830296323037681,0.49060524145983225,1.1609990214357047,0.005259812211058892,35.18475374889597,0.004413312419517704,41.986317144988774,135.76971951921905,2.3967767573944188,4.720572101905652,0.0,0.00869224028491387,0.024122378779429684,0.46050505708080086,0.0018649405944698007,82.43825490871524,0.597493206841849,-0.982811781026954,3.3682048691914828,0.06925989503131455,0.8370376561320249,-0.06647918016373167,-0.9827801298749459,-0.22733014982692842,2.460017401898886,0.23724247320975486,0.7080615683463181,REIT—Retail,Real Estate,MAC
2014Q4,2014,Q4,2015-02-23,2014-12-31,1429221000.0,322909000.0,79158000.0,9.034153,203748000.0,0.6309765289911399,13121778000.0,5640120000.0,310695000.0,714079000.0,7081929000.0,0.0,596741000.0,13195628486.359999,19403121486.36,35.65138331124469,0.4350989176267612,0.4795386722744433,1.1156500216307454,0.006636015290335142,35.65138331124469,0.2534025871789962,40.864851974890755,2.3081854531874355,2.33960066210648,0.07210431416834766,0.0,0.007809631811514198,0.02460863154368257,0.41615143422506473,0.10891976681818577,127.12551528285162,0.6309765289911399,34.44848598996284,61.92585872075678,0.029805563894149102,0.8607295567213765,0.30080698707799175,38.795650721167235,0.2860345723940733,6.326322530768406,0.30065542250814226,0.6761999805669457,REIT—Retail,Real Estate,MAC
2014Q3,2014,Q3,2014-11-03,2014-09-30,35914000.0,263492000.0,61552000.0,0.254853,156632000.0,0.5944468902281663,9206108000.0,3190820000.0,215351000.0,660847000.0,5667055000.0,0.0,-740906000.0,8994954493.72,13867014493.72,22.642698275149268,0.3258711925755886,0.5355725785532822,1.5452263054637994,0.007716248224983518,22.642698275149268,0.01125541396882306,34.13748612375328,62.614540943086254,2.8190103151290264,2.7380408754246255,0.0,0.010932128680434545,0.02862143264015586,0.3045031603381721,0.003901105657244082,84.5915181759362,0.5944468902281663,1.232145672394766,-0.8556079749218005,-0.24452804430386985,0.2251070326752525,0.033356204148414,1.2323470909995027,0.049444179226624835,1.6014260325266059,0.21861256253909986,0.09974474363608661,REIT—Retail,Real Estate,MAC
2014Q2,2014,Q2,2014-08-01,2014-06-30,16088000.0,254337000.0,58652000.0,0.114174,151576000.0,0.595965195783547,9062263000.0,3237625000.0,202411000.0,634624000.0,5471585000.0,0.0,-689497000.0,9405570285.0,14109177285.0,22.976966010732436,0.3189463367285196,0.5252669228425615,1.470246554187097,0.008742162854388731,22.976966010732436,0.004969074553106058,36.98073927505632,146.158165791273,2.905083289448284,6.181004475385381,0.0,0.010572458339776257,0.02806550637517362,0.29464375756353367,0.0017752740126831454,101.50516706057564,0.595965195783547,-0.0973245627905507,1.4213315102835844,-0.29689033467878656,0.37080488916841703,0.0014005972358024366,-0.09714349851282339,0.05054630127171771,1.7824584769604657,0.24490112242354597,0.09274483835378815,REIT—Retail,Real Estate,MAC
2014Q1,2014,Q1,2014-05-05,2014-03-31,17819000.0,264512000.0,55830000.0,0.126484,151364000.0,0.5722386886039197,9008391000.0,3303836000.0,213505000.0,655915000.0,5345271000.0,0.0,-618277000.0,8781012004.72,13327218004.72,23.45152219007431,0.32550711601350785,0.5118707658226647,1.3956903429831262,0.0071160309623677,23.45152219007431,0.0053934275187993595,33.19702699582627,123.19731753633761,2.6578232105709847,5.637409506706325,0.0,0.011439797593489698,0.02936284626189072,0.3014064322358842,0.0019780446918878187,89.6836106741837,0.5722386886039197,-0.8770069437329615,-0.27964653161044467,-0.28894294125004666,0.357792930325197,0.0007669522902782186,-0.8770068609450711,-0.032056727751868096,484.750968610809,0.2831115464290976,0.08365819276533402,REIT—Retail,Real Estate,MAC
2013Q4,2013,Q4,2014-02-21,2013-12-31,144878000.0,256568000.0,57679000.0,1.0283832586888653,151248000.0,0.5895045368089551,9075250000.0,3358749000.0,218943000.0,692291000.0,5356533000.0,0.0,-548806000.0,8296386923.76,12809398923.76,23.841309527588507,0.31625862534685556,0.5049697804468196,1.3644148461227676,0.006504978414335087,23.841309527588507,0.043134512284186764,32.336015885691126,14.316160707215728,2.4700824395511543,0.6863153825977719,0.0,0.011984976220821736,0.028271177102559157,0.29192926096106986,0.01596407812456957,89.03708908402108,0.5895045368089551,2.795878719954766,0.29825141420571505,-0.3923325138662444,0.3949363834022255,-0.038694259419331876,2.800278047372977,-0.03924377446489548,4.6999794388335125,0.16634351169640185,0.07707773203048619,REIT—Retail,Real Estate,MAC
2013Q3,2013,Q3,2013-11-04,2013-09-30,38123000.0,266556000.0,60035000.0,0.270921,157336000.0,0.5902549558066598,9205527000.0,3296619000.0,218566000.0,703254000.0,5550757000.0,0.0,-606464000.0,7942022215.12,12643466215.119999,23.427430863360875,0.31079240217616966,0.517466517669222,1.4449810548322388,0.007544093502613515,23.427430863360875,0.011564272365111043,29.794948210207234,52.08156634525089,2.409141673672329,2.426461716024447,0.0,0.011647411388989967,0.02895608257951989,0.2728203465604177,0.0041413164069802845,54.37171621028418,0.5902549558066598,-0.825928757758388,2.24301725899986,-0.34748130399231186,0.32869303895034446,0.037460024397481126,-0.8259199897715493,0.14072089532387086,3.1852486754281255,0.293587616370236,0.045761753423066036,REIT—Retail,Real Estate,MAC
2013Q2,2013,Q2,2013-08-08,2013-06-30,218997000.0,256977000.0,52629000.0,1.55638,151655000.0,0.5901500912533029,9549889000.0,3334907000.0,272149000.0,594376000.0,5872120000.0,0.0,-562995000.0,8518535089.08,13685721089.08,23.700702957579136,0.45787346730016015,0.5435735431061031,1.5565852361100325,0.00627476889628009,23.700702957579136,0.06566809809089129,33.14901757386848,9.724488336689543,2.554354615909829,0.4202386334059371,0.0,0.01080361811480656,0.02690889915055557,0.3363005908717714,0.022931889574842178,113.21215098984636,0.5901500912533029,10.839640941767145,5.0726828547214176,-0.3316993837109618,0.31156309761532214,-0.016893446820648122,11.104631881494583,-0.044446865297674165,437.6565822171188,0.2395425615665278,-0.012805250280623395,REIT—Retail,Real Estate,MAC
2013Q1,2013,Q1,2013-05-06,2013-03-31,18092000.0,262782000.0,55077000.0,0.131455,154261000.0,0.5870303141006614,9762684000.0,3017020000.0,304884000.0,608940000.0,6406093000.0,0.0,-701447000.0,8877031993.5,14539622993.5,21.921492469835606,0.5006798699379249,0.5846540766862883,1.8918644888002067,0.0063815263762757425,21.921492469835606,0.005996645696747121,33.78097431901728,122.66515578017908,2.9423179142001046,5.035540570417864,0.0,0.010262777025779343,0.026916983075555862,0.37237823102440304,0.001853178900392556,82.54402419032387,0.5870303141006614,-0.8962622693116874,-0.8993522276187382,-0.3202717220228329,0.2243690202662043,0.0268116858479828,-0.8961703788300516,-0.08282959484438228,3.0048347903640207,0.01647453424533309,0.1445470794851377,REIT—Retail,Real Estate,MAC
2012Q4,2012,Q4,2013-02-22,2012-12-31,174247000.0,251163000.0,60051000.0,1.267186,150233000.0,0.5981494089495666,9311209000.0,3077529000.0,292275000.0,541373000.0,5894958000.0,0.0,-639741000.0,8016658683.0,13235902683.0,22.38088807254263,0.539877311945738,0.5650576632959264,1.7096085853293341,0.007265327727148191,22.38088807254263,0.056619125278754484,31.918151491262645,11.501860409361422,2.604901101825523,0.5188841127824295,0.0,0.011278264870092387,0.026974262955541003,0.3945837712630663,0.018713681542321732,29.133370460549987,0.5981494089495666,2.839957575757575,1.1493962710785806,-0.43997278603834516,0.28040876280375354,0.180186337355455,2.969812954229604,0.20070781596784837,9.545838864569024,-0.07845220155564413,0.16811119441522304,REIT—Retail,Real Estate,MAC
2012Q3,2012,Q3,2012-11-05,2012-09-30,43893000.0,215669000.0,50013000.0,0.33,127296000.0,0.5902378181379799,7609856000.0,2938030000.0,270834000.0,352952000.0,4324148000.0,0.0,-734684000.0,7612958400.0,11074255400.0,21.88965876918492,0.7673394682563068,0.4617224031571688,1.195917332362161,0.008045789220151839,21.88965876918492,0.01493960238663322,35.299270641585025,43.360891258287204,2.591177898115404,2.417720365434124,0.0,0.013939521855261943,0.0283407465266097,0.5924063328724586,0.005767914662248536,116.56115015387442,0.5902378181379799,-0.6699999999999999,0.013505809293180465,-0.4662478981543577,0.22829272220687627,0.09983497636965293,-0.6708535177047558,0.29570714267209,-0.814718701495227,-0.35077455965610477,0.18436303726319775,REIT—Retail,Real Estate,MAC
2012Q2,2012,Q2,2012-08-03,2012-06-30,133354000.0,204545000.0,38599000.0,1.0,115741000.0,0.5658461463247696,7731053000.0,2796258000.0,271121000.0,327722000.0,4593275000.0,0.0,-705292000.0,7839950400.0,11564057400.0,21.061234634851772,0.8272895930087086,0.49018510156378436,1.3552565607322358,0.007384274409494294,21.061234634851772,0.047690163067928636,38.32873157495906,14.697628867525534,2.8037292696167517,0.6239257915023172,0.0,0.01061269469255826,0.02645758604940362,0.6476586863256052,0.01724913798935281,663.9524390243903,0.5658461463247696,10.090909090909092,2.8108543360378406,-0.4698866937446606,0.1406588700422177,-0.07248409276681679,10.479243673585442,-0.13122059915820747,4.70653733895713,-0.39987344885512005,0.25651243057471423,REIT—Retail,Real Estate,MAC
2012Q1,2012,Q1,2012-05-07,2012-03-31,-14068000.0,214729000.0,44429000.0,-0.11,124786000.0,0.581132497240708,8069835000.0,2724722000.0,423151000.0,351885000.0,4997711000.0,0.0,-765674000.0,7638765750.0,11473335750.0,20.59923037959372,1.20252639356608,0.500510605235423,1.4823670084507703,0.006318244418056569,20.59923037959372,-0.005163095537820005,35.5739827876067,-135.7471877665624,2.803502797716611,-6.107904464031845,0.0,0.011248675874109637,0.02660884640144439,1.0009889594611876,-0.0017432822356343097,-7669.443524096386,0.581132497240708,-1.0892054295646416,-1.9107457358684998,-0.4294234231175454,0.10172793107532732,-0.016410757637859822,-1.0862501302825753,-0.17465772510263602,-1.6057186193494866,-0.3852111041744493,0.19265134061917158,REIT—Retail,Real Estate,MAC
2011Q4,2011,Q4,2012-02-24,2011-12-31,163107000.0,207576000.0,53831000.0,1.233108797713819,126868000.0,0.6111881913130612,7938549000.0,2813337000.0,269801000.0,371968000.0,4773898000.0,0.0,-678631000.0,6693013800.0,10981843800.0,21.269170579029733,0.7253338996902959,0.5455965567511141,1.539540055101824,0.007545061066704891,21.269170579029733,0.05797634623935917,32.24367845993756,10.258624399933787,2.3790302406003976,0.5092791848295903,0.0,0.01241100085584763,0.026147851452450566,0.540834157777013,0.02054619805206216,394.6352476415094,0.6111881913130612,11.33108797713819,-0.4047786865663586,-0.42558349500040143,0.025973374957717663,0.11115198332413709,11.603894598562707,0.2911899450720779,0.5567009935017023,-0.4763791998351655,0.24444254419600747,REIT—Retail,Real Estate,MAC
2011Q3,2011,Q3,2011-11-04,2011-09-30,12941000.0,202683000.0,41691000.0,0.1,114177000.0,0.5633279554772724,7629104000.0,2719731000.0,337344000.0,375013000.0,4642564000.0,0.0,-768816000.0,5631252480.0,9303600480.0,20.589048873546513,0.899552815502396,0.4963109691518165,1.3921994491366978,0.007221738100482184,20.589048873546513,0.004758191159346273,27.783546128683707,108.7870427324009,2.070518179922941,5.833011359245808,0.0,0.013404655583832034,0.026567077863927403,0.692413329671238,0.0016962673467290524,-222.77286494184668,0.5633279554772724,1.6666666666666667,-0.8632778300446052,-0.4632431063769918,0.06352965897522796,0.0777617308073514,1.6734492089925062,0.13491220906492446,0.17269332612204516,-0.4714619643112554,0.16771344141169492,REIT—Retail,Real Estate,MAC
2011Q2,2011,Q2,2011-08-05,2011-06-30,-19216000.0,190940000.0,36735000.0,-0.15,105939000.0,0.5548287420131979,7449780000.0,2769045000.0,267637000.0,317051000.0,4397655000.0,0.0,-715510000.0,7045468500.0,10600162500.0,21.026835546848304,0.8441449482890765,0.48357521967091643,1.3010005254519157,0.005317708324307894,21.026835546848304,-0.006939576641044115,36.89886089871164,-91.66148652164863,2.544367642996051,-3.949104912572856,0.0,0.010770894795711599,0.025630287068879886,0.5840763788791078,-0.0025794050294102645,-1012.1345352679213,0.5548287420131979,-577.0617647058823,-1.3420725987624673,-0.4825128795905809,0.07987648645975287,0.03416667480158924,-566.1764705882352,0.21764062448208427,-1.5693401740186623,-0.4694321506845253,0.1635950888137384,REIT—Retail,Real Estate,MAC
2011Q1,2011,Q1,2011-05-06,2011-03-31,34000.0,191069000.0,30169000.0,0.0002603887450794186,102439000.0,0.5361361602353076,7498278000.0,2825761000.0,383084000.0,332900000.0,4360624000.0,0.0,-630017000.0,6467330220.0,9852155220.0,21.641069431893026,1.1507479723640732,0.4730219391705669,1.2551840017609415,0.00016769526270304553,21.641069431893026,1.2032157001246743e-05,33.84813978196358,47553.898676470584,2.2887038995866953,3041.6176470588234,0.0,0.01599036951603192,0.02548171726895162,0.9198708320817062,4.534374425701475e-06,1164.6551809832522,0.5361361602353076,-0.9985567535444435,-0.998615815526336,-0.5090048111457611,0.056900499499930535,-0.1331071017534358,-0.9985567535444435,-0.37521486114275066,-0.9998006354819717,-0.47906766356579034,0.20870670709577246,REIT—Retail,Real Estate,MAC
2010Q4,2010,Q4,2011-02-25,2010-12-31,23558000.0,203885000.0,48287000.0,0.1804187663700277,118168000.0,0.5795816268975158,7645010000.0,2890279000.0,638097000.0,553578000.0,4445648000.0,0.0,-564357000.0,6185290380.0,6700519380.0,22.13518005115873,1.1526776714392553,0.12229401923607687,0.3234770760885022,0.00808842075404313,22.13518005115873,0.008150770219760791,30.33715270863477,65.63895895237287,2.1400322875404068,3.2058748620426183,0.0,0.012210259399333165,0.02666902986392431,1.023637138759127,0.0030814871399775802,354.1737505726065,0.5795816268975158,2.006979439500462,-0.5641208564715554,-0.503054797068558,0.9095990616582666,0.1331690336686453,1.7948748368727014,0.30738614826447175,-0.6939744203786808,-0.5212521070559333,0.266351827142783,REIT—Retail,Real Estate,MAC
2010Q3,2010,Q3,2010-11-05,2010-09-30,8429000.0,190679000.0,36934000.0,0.06,104281000.0,0.5468929457360275,7699522000.0,2917066000.0,684219000.0,332729000.0,4468023000.0,0.0,-522335000.0,5592648350.0,8737246350.0,22.402263982858855,2.0563852264154914,0.4681454251315861,1.2356580207646999,0.007887604883392697,22.402263982858855,0.0028895472368468864,29.330174534164748,165.87520316763556,1.917216939897829,8.961798552615969,0.0,0.01350683884853944,0.02476504385596924,1.8156427603244683,0.0010947432840636082,-606.1177359921968,0.5468929457360275,17.833545454545455,-0.6148977917369689,-0.5615800772196442,0.6444026610259654,0.035509656918723,20.15681818181818,-0.005814266487213998,-0.7993819887695783,-0.5135730496233701,0.2570564987444692,REIT—Retail,Real Estate,MAC
2010Q2,2010,Q2,2010-08-09,2010-06-30,-440000.0,181881000.0,37150000.0,-0.0035643115208269203,100705000.0,0.5536862014174103,7738306000.0,2963708000.0,755602000.0,313516000.0,4466382000.0,0.0,-465143000.0,4607004720.0,7935515720.0,24.008133110833885,2.410090713073655,0.5038273234477934,1.3155040914961933,-0.0006579208521430005,24.008133110833885,-0.0001484626690618644,25.329774522902337,-2617.6163181818183,1.554473220708653,-173.3068181818182,0.0,0.016551969150142308,0.02350398136232917,2.2746175633779457,-5.6859989770370934e-05,530.5775331106761,0.5536862014174103,0.9554461059896635,-1.0193286917429327,-0.5150396014056693,0.6988867280806886,0.01613424010655258,0.930784961459808,0.14756123930435858,-1.013523383664325,-0.4930284809101993,0.30026042921104695,REIT—Retail,Real Estate,MAC
2010Q1,2010,Q1,2010-05-07,2010-03-31,-6357000.0,182114000.0,32373000.0,-0.08,99106000.0,0.5441975905202237,7266949000.0,1856901000.0,282372000.0,328075000.0,5119423000.0,0.0,-399284000.0,3714192810.0,8006023810.0,19.15298449732339,0.8606934390002287,0.6001163624514222,2.3485446989365615,0.00441200966091618,19.15298449732339,-0.0034234458379849004,20.39487798851269,-146.0670445965078,2.0002104635626776,-1.9839546956111374,0.0,0.003395623395221639,0.02506058594879364,0.7287388554446392,-0.0008747825256514117,-1633.3301715039577,0.5441975905202237,0.46048414023372286,-1.195465466126999,-0.24175942915686466,0.30420552742437845,-0.13986165716319074,0.5578046744574291,-0.03384367445608381,-1.5614820915080643,-0.33978485640581363,0.024377008038981973,REIT—Retail,Real Estate,MAC
2009Q4,2009,Q4,2010-02-26,2009-12-31,-14376000.0,192161000.0,33507000.0,-0.14828109044775195,115221000.0,0.5996065798991471,7252471000.0,1857571000.0,269098000.0,336679000.0,5124005000.0,0.0,-345930000.0,3485388450.0000005,7950737450.0,19.159895204794175,0.7992717098482531,0.624840002807319,2.4395482056944258,0.005378024703190615,19.159895204794175,-0.0077391389077456525,18.137855496172484,-60.6112348706177,1.8763150641348298,-0.7787284362826934,0.0,0.003211980575651474,0.026495934971680686,0.6756554462856311,-0.0019822209561403278,-209.43326823699078,0.5996065798991471,-1.0862580803516801,-1.2803297276182088,-0.27295501875400474,0.2815940987980381,-0.03130044390637611,-1.1006454864951905,-0.3304492046998641,-1.0715752458966454,-0.27450582109818794,-0.0757729703630212,REIT—Retail,Real Estate,MAC
2009Q3,2009,Q3,2009-11-06,2009-09-30,142838000.0,200296000.0,50044000.0,1.71904,118944000.0,0.5938411151495786,7319427000.0,1495724000.0,286125000.0,335483000.0,5563167000.0,0.0,-275337000.0,2406410091.9866,5589396091.9866,18.482220468284034,0.8528748103480653,0.44197517100723865,2.162835523131273,0.009504645730769468,18.482220468284034,0.09549756505879427,12.014269341307864,4.211782039769879,1.608859717425541,0.040990492726025285,0.0,0.00243308487588931,0.027364983625084313,0.6496305326946522,0.019514915580140357,-84.72678304297584,0.5938411151495786,7.153361540058561,4.46907719589188,0.17435081659974333,0.22707988898031536,-0.004561089305291701,7.571494295178506,-0.020684526721590577,1.4632427722574461,-0.13418534114116604,-0.04529880168509039,REIT—Retail,Real Estate,MAC
2009Q2,2009,Q2,2009-08-07,2009-06-30,-21736000.0,205915000.0,51101000.0,-0.279366,119489000.0,0.5802831265327927,7968948000.0,1344474000.0,255662000.0,339888000.0,6385426000.0,0.0,-383503000.0,1357671930.5692,7284384930.5692005,16.761660388205318,0.7521948406533917,0.7475440923946297,4.430833173419494,0.01005544486623016,16.761660388205318,-0.01616691732231341,6.5933610012344905,-15.61547583006533,1.0098164267729983,-0.4290577843209422,0.0,0.0068691115946472436,0.025839671685647842,0.54633290966436,-0.0027275871294429326,478.5590167674304,0.5802831265327927,-2.6111072664359862,-1.8531261954571876,0.21272194330471222,0.09284229205765668,0.02497040608004941,-2.550799086757991,0.10110107953198733,-1.6352660508525394,-0.08375559487849661,-0.1391703764972923,REIT—Retail,Real Estate,MAC
2009Q1,2009,Q1,2009-05-11,2009-03-31,14016000.0,210779000.0,46409000.0,0.1734,116578000.0,0.5530816637331043,8035504000.0,1378705000.0,267630000.0,329491000.0,6387213000.0,0.0,-322437000.0,480301417.156,6043519417.156,17.271795769666863,0.8122528384690325,0.6987404897066818,4.072468004395429,0.006975879441517853,17.271795769666863,0.010166061630297997,2.2786967257459234,8.567020140482306,0.34837141894458934,5.112442922374429,0.0,0.1491896493337358,0.02623096199068534,0.6212643137445333,0.0017442589786527392,-13.967935123480487,0.5530816637331043,-0.7810964022204299,-0.4764495763526601,0.2941931029354332,0.10456327129454153,-0.2088522120350451,-0.7783365754139584,-0.07113263815223266,-0.06661246412611813,-0.11399290913789749,-0.15648486625529495,REIT—Retail,Real Estate,MAC
2008Q4,2008,Q4,2009-02-27,2008-12-31,63231000.0,239234000.0,49963000.0,0.7921295116154692,147353000.0,0.6159366979609922,8090435000.0,1364299000.0,623339000.0,403891000.0,6460075000.0,0.0,-243870000.0,1393313142.1264,5034702142.1264,17.091323884921525,1.5433347115929792,0.4548550232465869,2.6973376070788,0.009719776223767294,17.091323884921525,0.04634687850683758,5.824059883320933,5.508821393487371,1.0212667033593075,1.191219496765827,0.0,0.05405963506886011,0.029569979858932182,0.5495789705638402,0.007815525370391086,-226.73932337288852,0.6159366979609922,9.278586038142231,0.7241105864741569,0.31515380285436273,0.08648760009980865,0.11046384566110252,8.73084025854109,-0.2091583962518005,0.9137295971663103,-0.046174385936851726,0.4744662558746684,REIT—Retail,Real Estate,MAC
2008Q3,2008,Q3,2008-11-07,2008-09-30,6498000.0,225807000.0,63177000.0,0.077066,132695000.0,0.5876478585694863,8074670000.0,1371469000.0,258781000.0,2827321000.0,6419610000.0,0.0,-246055000.0,4758653741.7672,10743640741.7672,17.63193617832779,0.09152869447791744,0.7472514666234038,4.39952270157036,0.00878325189450531,17.63193617832779,0.004737985328140848,21.073986819572468,183.08147667617732,3.469749401384355,10.823484148968914,0.0,0.014779600243383434,0.027964858006581075,0.06899994729993517,0.0008047387695100853,-82.59544106930954,0.5876478585694863,-0.680002325262734,-0.8892200905956636,0.37105030296426367,0.034849531855141176,0.09202307572029331,-0.6689591930307198,0.04309277329238694,-0.5030095807956454,-0.13085312903895516,0.29424431355987235,REIT—Retail,Real Estate,MAC
2008Q2,2008,Q2,2008-08-08,2008-06-30,19629000.0,209297000.0,60567000.0,0.240833,121513000.0,0.5805768835673708,8058765000.0,1383997000.0,256606000.0,2982953000.0,6383705000.0,0.0,-192482000.0,4573668971.35,10496150971.35,18.070577771417664,0.08602415123536979,0.7415886925602124,4.318137250297508,0.008580414712228921,18.070577771417664,0.014182834211345833,21.85252999971333,58.25142609595497,3.304681275573574,2.8042182485098577,0.0,0.012034976808510211,0.025971349207974174,0.06485150788497171,0.0024357330186449166,-35.92403857636571,0.5805768835673708,-0.8076920619964386,-0.591312773955054,0.2501247495799557,0.228532107012146,0.0,-0.7998715360616627,0.03402533547307679,0.38983060322923163,-0.10051099747609049,0.2787276962721349,REIT—Retail,Real Estate,MAC
2008Q1,2008,Q1,2008-05-19,2008-03-31,98082000.0,210944000.0,58574000.0,1.25233,0.0,0.0,7838193000.0,1344537000.0,64260000.0,3385000000.0,6210033000.0,0.0,-153896000.0,5072067563.776199,10775505563.7762,17.904318148354815,0.018983751846381094,0.7358453664001384,4.289727988147593,0.007992467304580092,17.904318148354815,0.07294853172504735,24.04461640898153,12.928130451500275,3.772352537547274,0.753828429273465,0.0,0.014577290044013775,0.02691232532804436,0.3341391432791728,0.012513343317777452,-45.679487407473246,0.0,1.1241970657373568,1.8511107089741121,0.3132414208584094,0.21865923911514518,0.0,1.2153908702821132,-0.3380421761634609,2.8935384016416186,0.13388284122494798,0.2191786975608019,REIT—Retail,Real Estate,MAC
2007Q4,2007,Q4,2008-02-27,2007-12-31,44273000.0,244927000.0,88486000.0,0.5895545287203793,0.0,0.0,8121134000.0,1312634000.0,85273000.0,3376000000.0,6469800000.0,0.0,-317780000.0,5129087715.8781,10835815715.878101,17.47948680352238,0.025258590047393364,0.7096247888533793,4.390376906281568,0.012503944423409144,17.47948680352238,0.03372836601825033,20.941291551679072,28.962842567016583,3.9074774201171847,1.4897793237413322,0.0,0.012859401837838944,0.03015921175540263,0.0762864336492891,0.005451578560334062,-10.432014521746586,0.0,1.549987364652872,-0.175131255005825,0.44479536341279247,0.1775070686415563,0.0,0.8441704502853334,0.26260666076881367,0.11457003690230874,0.19638239916523131,0.16919257114763087,REIT—Retail,Real Estate,MAC
2007Q3,2007,Q3,2007-11-06,2007-09-30,24007000.0,223984000.0,70082000.0,0.231199,0.0,0.0,7459960000.0,1325938000.0,42850000.0,2735000000.0,5803449000.0,0.0,-298095000.0,6373245167.3808,11484242167.3808,17.821206926843725,0.0156672760511883,0.6869311631697758,3.864795337338548,0.010698421211110188,17.821206926843725,0.018105673115937547,28.45401978436317,66.36861298143042,4.806593647199794,3.0681884450368644,0.0,0.011557377453011287,0.030024825870380002,0.07398500914076782,0.0032181137700470243,-60.95474399017569,0.0,0.26315473166041087,-0.28011484197984493,0.11592025056075017,0.6173968316855841,0.0,0.22672457843638222,0.10055120212314891,-0.0001855784286243031,0.4284129718437489,0.1831935808152897,REIT—Retail,Real Estate,MAC
2007Q2,2007,Q2,2007-08-06,2007-06-30,19570000.0,215788000.0,63679000.0,0.183033,0.0,0.0,7498814000.0,1370972000.0,49034000.0,2738000000.0,5784881000.0,0.0,-264360000.0,5882103170.2109995,10986087170.210999,18.464095785335243,0.017908692476260042,0.6832479109363161,3.737165310451271,0.010145465666276905,18.464095785335243,0.014274543900240121,27.258713043408342,75.14183916978794,4.290461927895683,3.4485947879407255,0.0,0.011473617181994968,0.02877628382301521,0.07281957633308984,0.0026097460211708147,-81.49101799934886,0.0,3.7500324397269877,1.6540435814109673,0.38207298146615326,0.8536628113264089,0.0,1.2525322283609577,0.013448133176305822,-0.17022698338236744,0.37288883102025167,0.20383925526953084,REIT—Retail,Real Estate,MAC
2007Q1,2007,Q1,2007-05-08,2007-03-31,8688000.0,211671000.0,62834000.0,0.038533,0.0,0.0,7391217000.0,1391017000.0,47945000.0,2774000000.0,5647735000.0,0.0,-226886000.0,6604487849.7775,11584504849.7775,18.697202638303004,0.01728370583994232,0.676232209120636,3.5931832608803487,0.009963460661890433,18.697202638303004,0.006245789950805778,31.20166602783329,190.0462663955312,4.747956243365465,7.321477900552487,0.0,0.009631178290704697,0.028638179612369655,0.06971485219899062,0.001175449185161253,-133.90008616043914,0.0,-0.9814001303753073,-0.8117160931948858,0.33314132220276776,0.7097709142702052,0.0,-0.9436309017887846,-0.1856872553847749,-0.6517971731494396,0.39447636123806834,0.19572067581362085,REIT—Retail,Real Estate,MAC
