Quarters,Year,Quarter,FillingDate,Date,NetIncome,Revenue,OperatingIncome,EPSDiluted,GrossProfit,GrossProfitRatio,TotalAssets,CommonStockEquity,CurrentAssets,CurrentLiability,TotalLiability,Inventory,RetainedEarnings,MarketCap,EnterpriseValue,bookValuePerShare,currentRatio,debtToAssets,debtToEquity,roic,shareholdersEquityPerShare,roe,priceToSalesRatio,peRatio,pbRatio,payoutRatio,inventoryTurnover,dividendYield,assetTurnover,quickRatio,returnOnAssets,priceToFreeCashFlowsRatio,grossProfitMargin,epsdilutedGrowth,fiveYNetIncomeGrowthPerShare,fiveYRevenueGrowthPerShare,fiveYShareholdersEquityGrowthPerShare,grossProfitGrowth,netIncomeGrowth,operatingIncomeGrowth,threeYNetIncomeGrowthPerShare,threeYRevenueGrowthPerShare,threeYShareholdersEquityGrowthPerShare,Industry,Sector,Symbol
2023Q1,2023,Q1,2023-05-09,2023-03-31,995000000.0,3823000000.0,1317000000.0,1.53,1410000000.0,0.3688202982,23420000000.0,10977000000.0,3189000000.0,2931000000.0,12317000000.0,212000000.0,4712000000.0,32947110000.0,38738110000.0,16.861751152073733,1.0880245649948823,0.28514090520922286,0.6083629406941787,0.06025394078127035,16.861751152073733,0.09064407397285233,8.618129741041066,8.278168341708543,3.0014676141022134,0.5989949748743718,11.382075471698114,0.0180895987538816,0.16323654995730144,0.8536335721596725,0.042485055508112726,50.5323773006135,0.36882029819513473,-0.1639344262295082,5.022152157438381,-0.20093710640242549,-0.018361955341715027,-0.1840277777777778,-0.17152373022481265,-0.1773891317926296,1.322348031155051,0.07770434634122292,0.6478822891666853,Oil & Gas E&P,Energy,DVN
2022Q4,2022,Q4,2023-02-15,2022-12-31,1201000000.0,4299000000.0,1601000000.0,1.83,1728000000.0,0.4019539428,23721000000.0,11167000000.0,3891000000.0,3105000000.0,12425000000.0,201000000.0,4297000000.0,40166030000.0,45409030000.0,17.101071975497703,1.2531400966183575,0.2823236794401585,0.5997134413898093,0.0684958410609826,17.101071975497703,0.10754902838721232,9.343110025587347,8.36095545378851,3.5968505417748724,0.7285595337218984,12.791044776119403,0.021784577664260073,0.18123181990641204,1.0373590982286633,0.05063024324438262,36.84956880733945,0.4019539427773901,-0.36458333333333326,4.017443529862174,-0.13223273952583325,-0.02981815570171872,-0.33307603241991507,-0.36555731642894873,-0.36918833727344363,2.0972196380949657,1.0600208689907815,0.1288711765969701,Oil & Gas E&P,Energy,DVN
2022Q3,2022,Q3,2022-11-02,2022-09-30,1893000000.0,5432000000.0,2538000000.0,2.88,2591000000.0,0.476988218,23557000000.0,10873000000.0,4009000000.0,3460000000.0,12550000000.0,0.0,3981000000.0,39385150000.0,44785150000.0,16.6,1.158670520231214,0.28484102389947785,0.6171249885036328,0.10964397200306589,16.6,0.17410098408902785,7.250579896907216,5.20141970417327,3.622289156626506,0.531959852086635,0.0,0.02556801230920791,0.23058963365454005,0.9742774566473988,0.08035827991679756,-39.8232052578362,0.47698821796759944,-0.017064846416382343,5.667456809963841,0.38218829516539454,0.22480011221770252,-0.029224428624953166,-0.020186335403726708,-0.013986013986013986,9.52624133342671,0.7825514450914833,0.007367777438092338,Oil & Gas E&P,Energy,DVN
2022Q2,2022,Q2,2022-08-02,2022-06-30,1932000000.0,5626000000.0,2574000000.0,2.93,2669000000.0,0.4744045503,23194000000.0,10090000000.0,6351000000.0,4094000000.0,12968000000.0,0.0,3107000000.0,36262380000.0,39525380000.0,15.33434650455927,1.551294577430386,0.2897301026127447,0.666005946481665,0.11713419222298367,15.33434650455927,0.19147670961347868,6.445499466761465,4.692336956521739,3.59389296333003,0.42960662525879917,0.0,0.022888734826561303,0.24256273174096749,1.4179286761113825,0.08329740450116409,18.08597506234414,0.4744045503021685,0.9533333333333335,2.6339424280350436,0.379987707643365,0.16913556477723973,0.9326574945691528,0.9417085427135679,0.9024390243902439,1.461637653127015,0.8471176834507105,-0.09011241072460714,Oil & Gas E&P,Energy,DVN
2022Q1,2022,Q1,2022-05-03,2022-03-31,995000000.0,3812000000.0,1353000000.0,1.5,1381000000.0,0.3622770199,21778000000.0,9300000000.0,4973000000.0,3754000000.0,12343000000.0,0.0,2013000000.0,39203190000.0,43300190000.0,14.027149321266968,1.3247202983484283,0.308660115713105,0.7227956989247312,0.06555320018585423,14.027149321266968,0.10698924731182796,10.284152675760755,9.850047738693467,4.2153967741935485,0.6703517587939698,0.0,0.017013921571178262,0.1750390302139774,1.2325519445924347,0.045688309302966294,30.179515011547345,0.3622770199370409,-0.3333333333333333,0.3945060665518761,-0.14994310442154465,0.13891948556528896,-0.2432876712328767,-0.3419312169312169,-0.22597254004576658,3.054660252841734,0.6624492671049869,-0.22517719162150135,Oil & Gas E&P,Energy,DVN
2021Q4,2021,Q4,2022-02-16,2021-12-31,1512000000.0,4273000000.0,1748000000.0,2.25,1825000000.0,0.4271003978,21025000000.0,9262000000.0,4249000000.0,3087000000.0,11626000000.0,0.0,1692000000.0,29557550000.0,34180550000.0,13.80327868852459,1.3764172335600906,0.3202853745541023,0.7270567911898078,0.0978728623306262,13.80327868852459,0.16324767868710863,6.917282939386848,4.887161044973545,3.1912707838479806,0.3664021164021164,0.0,0.018743096095583025,0.20323424494649228,1.2105604146420472,0.07191438763376932,26.846094459582197,0.4271003978469459,0.8145161290322581,2.567241930473073,0.18835050802263906,0.22033373254376348,0.5625,0.8042959427207638,0.6336448598130842,-0.09983540407715392,-0.2117148727446356,-0.3102868584767268,Oil & Gas E&P,Energy,DVN
2021Q3,2021,Q3,2021-11-03,2021-09-30,838000000.0,3466000000.0,1070000000.0,1.24,1168000000.0,0.33698788228505483,21057000000.0,8924000000.0,4227000000.0,3505000000.0,11996000000.0,0.0,750000000.0,24040270000.0,28467270000.0,13.181683899556868,1.2059914407988588,0.32046350382295674,0.7561631555356343,0.05881497860705123,13.181683899556868,0.09390407888839086,6.936027120600116,7.1719182577565626,2.6938895114298522,0.3926014319809069,0.0,0.013685370422212398,0.16460084532459515,1.1178316690442225,0.03979674217599848,21.580134649910235,0.33698788228505483,2.263157894736842,-0.3468132168904636,-0.06915536457633951,0.18274013071366413,1.8982630272952854,2.2734375,2.496732026143791,-0.7604388579306908,-0.025302079115317906,-0.2726222977430409,Oil & Gas E&P,Energy,DVN
2021Q2,2021,Q2,2021-08-04,2021-06-30,256000000.0,2417000000.0,306000000.0,0.38,403000000.0,0.16673562267273478,20065000000.0,8399000000.0,3076000000.0,3072000000.0,11530000000.0,0.0,243000000.0,19761630000.0,24982630000.0,12.406203840472674,1.0013020833333333,0.33690505855968106,0.8048577211572806,0.017040741082127383,12.406203840472674,0.030479819026074533,8.176098469176665,19.298466796875,2.352855101797833,0.89453125,0.0,0.011588112923883303,0.12045850984301022,0.8997395833333334,0.012758534762023424,33.83840753424658,0.16673562267273478,0.1875,1.1262068511322905,-0.2480847506732464,0.34121122599704584,-0.5,0.20187793427230047,0.7687861271676301,1.4635537405508732,-0.1729414615916609,-0.19345742439652314,Oil & Gas E&P,Energy,DVN
2021Q1,2021,Q1,2021-05-05,2021-03-31,213000000.0,1762000000.0,173000000.0,0.32,806000000.0,0.45743473325766176,20457000000.0,8353000000.0,3467000000.0,2945000000.0,11971000000.0,0.0,218000000.0,14289900000.0,19939900000.0,12.77217125382263,1.1772495755517827,0.367991396587965,0.9012330899078176,-0.07234681866055387,12.77217125382263,0.02549982042379983,8.110045402951192,16.77218309859155,1.7107506285167007,0.9530516431924883,0.0,0.014205837689556959,0.08613188639585471,1.0638370118845502,0.010412083883267342,153.65483870967742,0.45743473325766176,2.185185185185185,1.0510486214515586,-0.39298362202640386,-0.04557409819328545,7.955555555555556,3.088235294117647,42.25,1.8570738779630231,-0.633405613994237,-0.2564444165633848,Oil & Gas E&P,Energy,DVN
2020Q4,2020,Q4,2021-02-17,2020-12-31,-102000000.0,1280000000.0,4000000.0,-0.27,90000000.0,0.0703125,9912000000.0,2885000000.0,3260000000.0,1440000000.0,6893000000.0,0.0,208000000.0,6055230000.0,8362230000.0,7.532637075718016,2.263888888888889,0.45843422114608556,1.5750433275563258,0.0003458691145987562,7.532637075718016,-0.03535528596187175,4.7306484375,-14.84125,2.0988665511265165,-1.3529411764705883,0.0,0.02279021606115705,0.129136400322841,2.091666666666667,-0.010290556900726392,38.56834394904459,0.0703125,-0.08000000000000007,0.9757304598111717,-0.5217390517651614,-0.5586637661694509,3.736842105263158,-0.10869565217391304,1.0421052631578946,0.5630711488250654,-0.5594855157919855,-0.572656746838993,Oil & Gas E&P,Energy,DVN
2020Q3,2020,Q3,2020-10-30,2020-09-30,-92000000.0,1067000000.0,-95000000.0,-0.25,19000000.0,0.01780693533270853,10326000000.0,3023000000.0,3477000000.0,1709000000.0,7178000000.0,0.0,351000000.0,3566420000.0000005,6401420000.0,8.018567639257295,2.034523112931539,0.4398605461940732,1.502480979159775,-0.0064916109942746445,8.018567639257295,-0.030433344359907376,3.342474226804124,-9.691358695652175,1.1797618260006617,-0.4673913043478261,0.0,0.012056908608632745,0.10333139647491768,1.2873025160912814,-0.008909548711989153,13.307537313432837,0.01780693533270853,0.8595505617977528,0.9714008890139387,-0.6769708090222506,-0.7146145393371365,1.0374753451676528,0.8626865671641791,0.8411371237458194,-1.5629857136209224,-0.5282935455349248,-0.4083649069646041,Oil & Gas E&P,Energy,DVN
2020Q2,2020,Q2,2020-08-05,2020-06-30,-670000000.0,394000000.0,-598000000.0,-1.78,-507000000.0,-1.2868020304568528,10357000000.0,3227000000.0,3378000000.0,1452000000.0,7004000000.0,0.0,586000000.0,4275180000.0,7342180000.0,8.559681697612731,2.3264462809917354,0.43844742686106014,1.4071893399442206,-0.07429948392685415,8.559681697612731,-0.20762317942361327,10.850710659898477,-1.5952164179104478,1.3248156182212583,-0.0626865671641791,0.0,0.009824147755182238,0.03804190402626243,1.3698347107438016,-0.06469054745582697,-21.26955223880597,-1.2868020304568528,0.6307053941908713,0.7406163340969375,-0.8734060841442165,-0.7704085898506277,-1.3706140350877194,0.6310572687224669,-2.0381944444444446,-3.199531908254018,-0.8313228496805011,-0.347384755334933,Oil & Gas E&P,Energy,DVN
2020Q1,2020,Q1,2020-05-06,2020-03-31,-1816000000.0,2087000000.0,576000000.0,-4.82,1368000000.0,0.6554863440344992,11144000000.0,3919000000.0,4055000000.0,1554000000.0,7104000000.0,0.0,1298000000.0,2646530000.0,5659530000.0,10.232375979112271,2.6093951093951095,0.3854091888011486,1.095942842561878,0.054616721557002985,10.232375979112271,-0.463383516203113,1.2681025395304264,-0.36433507709251106,0.67530747639704,-0.018722466960352423,0.0,0.012847010991751463,0.187275664034458,1.364864864864865,-0.16295764536970567,-85.37193548387097,0.6554863440344992,-1.835294117647059,0.4598441545628065,-0.3157349689522949,-0.7668903622028099,1.6833166833166833,-1.8286604361370717,193.0,-5.405831927724762,-0.19437616587244574,-0.16919310407764576,Oil & Gas E&P,Energy,DVN
2019Q4,2019,Q4,2020-02-19,2019-12-31,-642000000.0,1224000000.0,-3000000.0,-1.7,-2002000000.0,-1.6356209150326797,13717000000.0,5802000000.0,3851000000.0,1927000000.0,7797000000.0,0.0,3148000000.0,9946510000.0,13020510000.0,15.148825065274151,1.998443175921121,0.31304221039585917,0.7400896242674939,-0.00013125172699640782,15.148825065274151,-0.11065149948293691,8.126233660130719,-3.8732515576323987,1.7143243709065838,-0.0529595015576324,0.0,0.0034182844032731078,0.08923233943282059,1.1914893617021276,-0.046803236859371586,52.35005263157895,-1.6356209150326797,-7.296296296296296,-0.6803486407617876,-0.7819697441514577,-0.7123418240541748,-2.858867223769731,-6.889908256880734,-1.0111940298507462,-3.653624983237756,-0.4036285733413671,0.3392921097019834,Oil & Gas E&P,Energy,DVN
2019Q3,2019,Q3,2019-11-06,2019-09-30,109000000.0,1847000000.0,268000000.0,0.27,1077000000.0,0.5831077422847861,14394000000.0,6542000000.0,2846000000.0,1658000000.0,7852000000.0,0.0,3812000000.0,9551820000.0,12715820000.0,16.478589420654913,1.7165259348612787,0.2983882173127692,0.6565270559461939,0.017328816763532266,16.478589420654913,0.016661571384897586,5.171532214401733,21.90784403669725,1.460076429226536,0.3211009174311927,0.0,0.003664223153283877,0.1283173544532444,1.3039806996381182,0.007572599694317076,-238.7955,0.5831077422847861,-0.773109243697479,-0.8894737103076221,-0.6433979169105624,-0.696079406879155,-0.06833910034602077,-0.7797979797979798,-0.16770186335403728,-0.855116799967531,-0.15411037325395005,0.478558365825886,Oil & Gas E&P,Energy,DVN
2019Q2,2019,Q2,2019-08-07,2019-06-30,495000000.0,1921000000.0,322000000.0,1.19,1156000000.0,0.6017699115044248,16649000000.0,6994000000.0,5167000000.0,3467000000.0,9655000000.0,0.0,3738000000.0,11993500000.0,13080500000.0,16.85301204819277,1.490337467551197,0.25791338819148296,0.6139548184157849,0.01952522422118457,16.85301204819277,0.07077494995710609,6.243362831858407,6.057323232323232,1.7148269945667716,0.07474747474747474,0.0,0.0030850043773710764,0.11538230524355818,1.243726564753389,0.029731515406330712,103.39224137931035,0.6017699115044248,2.608108108108108,-0.2790361445783132,-0.581242219432052,-0.6797974799449263,1.1567164179104477,2.5615141955835963,1.7990074441687345,1.3980968459826568,-0.025099755936931107,0.8219472484532725,Oil & Gas E&P,Energy,DVN
2019Q1,2019,Q1,2019-05-01,2019-03-31,-317000000.0,1501000000.0,-403000000.0,-0.74,536000000.0,0.3570952698201199,18077000000.0,7857000000.0,2703000000.0,1968000000.0,10220000000.0,0.0,3280000000.0,13688360000.0,18214360000.0,18.1036866359447,1.3734756097560976,0.32378160092935776,0.7449408171057655,-0.021256317569394466,18.1036866359447,-0.04034618811251114,9.119493670886076,-10.795236593059936,1.7421865852106402,-0.10725552050473186,0.0,0.0024838622011694607,0.08303368921834375,1.2017276422764227,-0.01753609559108259,-75.21076923076923,0.3570952698201199,-1.2983870967741935,-1.9175271661830802,-0.622115485726657,-0.6404703590890263,-0.8035910589959692,-1.2758920800696258,-1.2958883994126285,0.8855141807609719,-0.22077439296660617,0.35283399354407363,Oil & Gas E&P,Energy,DVN
2018Q4,2018,Q4,2019-02-20,2018-12-31,1149000000.0,3708000000.0,1362000000.0,2.48,2729000000.0,0.7359762675296656,19566000000.0,9186000000.0,4437000000.0,2226000000.0,10380000000.0,0.0,3650000000.0,10345860000.0,13878860000.0,20.013071895424837,1.9932614555256065,0.30394561995297964,0.6473982146745046,0.06968482331770609,20.013071895424837,0.12508164598301763,2.7901456310679613,2.2510574412532636,1.126263879817113,0.03220191470844212,0.0,0.0035763097509535218,0.18951241950321987,1.4820305480682838,0.05872431769395891,-132.63923076923078,0.7359762675296656,-0.5175097276264591,3.9097912917179753,0.2547219346805287,-0.6036242163255533,0.6960845245494096,-0.5471028774142688,5.394366197183099,1.228122169726967,0.1560610384139796,0.17256329873889312,Oil & Gas E&P,Energy,DVN
2018Q3,2018,Q3,2018-11-07,2018-09-30,2537000000.0,2579000000.0,213000000.0,5.14,1609000000.0,0.6238852268321055,20172000000.0,8898000000.0,4757000000.0,3224000000.0,11274000000.0,0.0,2505000000.0,19738200000.0,22684200000.0,18.122199592668025,1.4754962779156326,0.2998215348007139,0.6797033041132838,0.026391304994275687,18.122199592668025,0.2851202517419645,7.653431562621171,1.9450335041387468,2.218273769386379,0.014978320851399291,0.0,0.0019252008795128226,0.1278504858219314,1.3424317617866004,0.12576839183025976,83.6364406779661,0.6238852268321055,7.192771084337349,3.8418099212396557,-0.22370462441595787,-0.6465590803292962,0.28003182179793157,6.969411764705883,2.5434782608695654,1.605543059937733,-0.4005008791968287,-0.3550204336173746,Oil & Gas E&P,Energy,DVN
2018Q2,2018,Q2,2018-08-01,2018-06-30,-425000000.0,2249000000.0,-138000000.0,-0.83,1257000000.0,0.5589150733659404,29159000000.0,8014000000.0,13820000000.0,8377000000.0,16311000000.0,0.0,6000000.0,22903160000.0,27510160000.0,15.381957773512475,1.6497552823206398,0.20806612023731952,0.7570501622161218,-0.009657814359185,15.381957773512475,-0.05303219366109309,10.18370831480658,-13.47244705882353,2.8578936860494135,-0.0988235294117647,0.0,0.00183380808587112,0.07712884529647793,0.3104930165930524,-0.01457525978257142,-214.04822429906542,0.5589150733659404,-1.1842105263157894,-1.480127471946898,-0.4385917632206934,-0.6918395781445223,1.436046511627907,-1.1573604060913705,-1.5369649805447472,0.8809415078084104,-0.477110772828557,-0.5874186096121107,Oil & Gas E&P,Energy,DVN
2018Q1,2018,Q1,2018-05-02,2018-03-31,-197000000.0,3810000000.0,257000000.0,-0.38,516000000.0,0.13543307086614173,29316000000.0,8905000000.0,3635000000.0,3482000000.0,15591000000.0,0.0,473000000.0,16480605274.869999,25038605274.87,17.177157348198975,1.0439402642159679,0.3404966571155683,1.120943290286356,0.011502255197895479,17.177157348198975,-0.022122403144300955,4.325618182380577,-20.914473699073604,1.850713674887142,-0.16243654822335024,0.0,0.0019416762592326827,0.12996316004911992,0.8957495692130959,-0.006719879929048983,-484.723684555,0.13543307086614173,0.373,0.8847796864149668,0.5130785298294637,-0.6461373105658218,1.5512820512820513,0.384375,1.454867256637168,0.9567101973077856,-0.07712471206201181,-0.6086773066199045,Oil & Gas E&P,Energy,DVN
2017Q4,2017,Q4,2018-02-21,2017-12-31,-320000000.0,3983000000.0,-565000000.0,-0.6060606060606061,-936000000.0,-0.2349987446648255,30241000000.0,9254000000.0,4791000000.0,3315000000.0,16137000000.0,0.0,702000000.0,21735000000.0,29468000000.0,17.626666666666665,1.4452488687782805,0.3441023775668794,1.1244867084503998,-0.013238362345051054,17.626666666666665,-0.034579641236222175,5.456942003514938,-16.980468749999996,2.3487140695915283,-0.1,0.0,0.0014722797331492984,0.1317086075195926,1.310105580693816,-0.01058166065936973,-293.7162162162162,-0.2349987446648255,-2.4094432699083863,0.30852340936374545,-0.00755813953488374,-0.6644985430961557,-2.073394495412844,-2.4035087719298245,-2.733128834355828,0.3889822595704948,-0.482410897970531,-0.6652905582122352,Oil & Gas E&P,Energy,DVN
2017Q3,2017,Q3,2017-11-01,2017-09-30,228000000.0,3156000000.0,326000000.0,0.43,872000000.0,0.27629911280101394,27559000000.0,7129000000.0,4622000000.0,2832000000.0,15625000000.0,0.0,-428000000.0,19309460000.0,26931460000.0,13.553231939163497,1.6320621468926553,0.37748104067636706,1.4592509468368635,0.016885510193125848,13.553231939163497,0.03198204516762519,6.118333333333333,21.17265350877193,2.7085790433440877,0.13157894736842105,0.0,0.0015536426186957067,0.11451794332160092,1.498234463276836,0.008273159403461664,551.6988571428572,0.27629911280101394,-0.4625,1.241146078467665,0.11111111111111104,-0.7510999138852487,-0.21014492753623187,-0.46352941176470586,-0.3985239852398524,-0.8255067213556481,-0.5401049475262368,-0.7500328344553631,Oil & Gas E&P,Energy,DVN
2017Q2,2017,Q2,2017-08-02,2017-06-30,425000000.0,3259000000.0,542000000.0,0.8,1104000000.0,0.3387542190856091,26814000000.0,6899000000.0,4086000000.0,2532000000.0,15484000000.0,0.0,-656000000.0,16816220000.0,25005220000.0,13.115969581749049,1.613744075829384,0.3937495338256135,1.530366719814466,0.03057318881853928,13.115969581749049,0.06160313088853457,5.1599324946302545,9.891894117647059,2.4374865922597477,0.07764705882352942,0.0,0.001962391072428881,0.12154098605206236,1.4285150078988942,0.01584992914149325,221.26605263157896,0.3387542190856091,-0.25233644859813087,-0.3156690660098365,0.32159992933458065,-0.7615814753193874,-0.13884555382215288,-0.24778761061946902,-0.23229461756373937,-0.5116180819602872,-0.439491455405394,-0.7508002426490821,Oil & Gas E&P,Energy,DVN
2017Q1,2017,Q1,2017-05-03,2017-03-31,565000000.0,3551000000.0,706000000.0,1.07,1282000000.0,0.3610250633624331,26134000000.0,6466000000.0,3775000000.0,2470000000.0,15212000000.0,0.0,-1081000000.0,21903000000.0,30165000000.0,12.316190476190476,1.5283400809716599,0.3972220096426112,1.6054747912155893,0.040575091225316655,12.316190476190476,0.08738014228270956,6.168121655871586,9.691592920353983,3.3874110733065264,0.05663716814159292,0.0,0.0014609870793955166,0.13587663580010714,1.3923076923076922,0.021619346445243742,326.910447761194,0.3610250633624331,0.6984126984126985,0.0953592632981945,0.15030774214447687,-0.7756205050794229,0.6584734799482536,0.7069486404833837,0.10832025117739404,0.3518812463256907,-0.26097436880792585,-0.7554069716107386,Oil & Gas E&P,Energy,DVN
2016Q4,2016,Q4,2017-02-15,2016-12-31,331000000.0,2808000000.0,637000000.0,0.63,773000000.0,0.27528490028490027,25913000000.0,5927000000.0,3772000000.0,2616000000.0,15538000000.0,0.0,-1646000000.0,23931080000.0,32126080000.0,11.311068702290076,1.4418960244648318,0.39184965075444755,1.713176986671166,0.033802209646995415,11.311068702290076,0.05584612788932006,8.522464387464387,18.07483383685801,4.037637928125528,0.09365558912386707,0.0,0.0012953865851436709,0.10836259792382202,1.2672018348623852,0.012773511364951955,-177.26725925925925,0.27528490028490027,-0.6666666666666666,-0.5016336178990319,-0.2031555946536507,-0.7888741259488554,-0.1785334750265675,-0.6666666666666666,-0.5651877133105802,0.2389460486041966,-0.16768778801170434,-0.7759747356880936,Oil & Gas E&P,Energy,DVN
2016Q3,2016,Q3,2016-11-02,2016-09-30,993000000.0,2882000000.0,1465000000.0,1.89,941000000.0,0.32650936849410134,26813000000.0,5840000000.0,4451000000.0,2851000000.0,16752000000.0,0.0,-1977000000.0,23113640000.0,32082640000.0,11.145038167938932,1.5612065941774815,0.4234513109312647,1.944178082191781,0.072835797934013,11.145038167938932,0.17003424657534247,8.02,5.819144008056395,3.9578150684931503,0.032225579053373615,0.0,0.0013844638923163983,0.1074851751016298,1.2195720799719396,0.03703427441912505,76.53523178807947,0.32650936849410134,1.6217105263157894,-0.2514781802938711,-0.18415340086830678,-0.7834581722654268,0.5922165820642978,1.632484076433121,1.9786239144956579,0.7757700314952221,-0.1871323529411765,-0.7826360691096717,Oil & Gas E&P,Energy,DVN
2016Q2,2016,Q2,2016-08-03,2016-06-30,-1570000000.0,2488000000.0,-1497000000.0,-3.04,591000000.0,0.23754019292604503,27244000000.0,4847000000.0,3982000000.0,2929000000.0,18325000000.0,0.0,-2970000000.0,18995000000.0,29979000000.0,9.25,1.3595083646295665,0.4664146234033182,2.6216216216216215,-0.07638520579804015,9.25,-0.32391169795749947,7.634646302250804,-3.0246815286624207,3.918918918918919,-0.021019108280254776,0.0,0.0017372992892866542,0.09132286007928352,0.9866848753840901,-0.057627367493760094,-115.12121212121212,0.23754019292604503,0.5279503105590062,-1.4609512624779801,-0.2854156003963803,-0.8178318088482359,0.3431818181818182,0.4862565445026178,0.5722857142857143,-2.763492897298627,-0.38248695424539597,-0.81468653443636,Oil & Gas E&P,Energy,DVN
2016Q1,2016,Q1,2016-05-04,2016-03-31,-3056000000.0,2126000000.0,-3500000000.0,-6.44,440000000.0,0.20696142991533395,28637000000.0,6410000000.0,2950000000.0,2600000000.0,18129000000.0,0.0,-1400000000.0,13143760000.0,24053760000.0,13.382045929018789,1.1346153846153846,0.438069630198694,1.9570982839313573,-0.1737744218167215,13.382045929018789,-0.4767550702028081,6.18238946378175,-1.0752421465968587,2.0505085803432137,-0.04090314136125654,0.0,0.00951021625470946,0.07423962007193491,1.0315384615384615,-0.10671508887104096,-5.902002694207454,0.20696142991533395,0.4208633093525179,-7.48731331299181,-0.18900697547536485,-0.7056214349173151,-0.36324167872648333,0.32568402471315094,0.3548387096774194,-0.9344757640154602,-0.08620901387694944,-0.724319532820092,Oil & Gas E&P,Energy,DVN
2015Q4,2015,Q4,2016-02-17,2015-12-31,-4532000000.0,2886000000.0,-5425000000.0,-11.12,691000000.0,0.23943173943173943,29532000000.0,7049000000.0,4026000000.0,3295000000.0,18543000000.0,0.0,1781000000.0,13216000000.0,24019000000.0,17.06779661016949,1.2218512898330804,0.4440268183665177,1.8602638672152079,-0.2384832979176859,17.06779661016949,-0.6429280749042418,4.579348579348579,-0.7290379523389232,1.874875868917577,-0.02206531332744925,0.0,0.007566585956416465,0.09772450223486388,1.08103186646434,-0.15346065285114452,-22.984347826086957,0.23943173943173943,-0.28703703703703687,-9.259312555470345,1.2325369596863271,-0.6250102339322862,-0.3879539415411869,-0.29227259766181923,0.0034900808229243203,-11.448776120617739,-0.08588602961878493,-0.6751359325538752,Oil & Gas E&P,Energy,DVN
2015Q3,2015,Q3,2015-11-04,2015-09-30,-3507000000.0,3601000000.0,-5444000000.0,-8.64,1129000000.0,0.3135240211052485,34351000000.0,11548000000.0,4298000000.0,3501000000.0,18429000000.0,0.0,6413000000.0,15243990000.000002,25356990000.0,28.097323600973237,1.2276492430734076,0.3464236849000029,1.0304814686525805,-0.16140236646861453,28.097323600973237,-0.30368895046761346,4.233265759511247,-1.0866830624465356,1.3200545549012817,-0.028229255774165955,0.0,0.006494362696380672,0.10482955372478239,0.8891745215652671,-0.10209309772641262,42.344416666666675,0.3135240211052485,-0.24495677233429397,-2.7759752732860687,0.6197523894019438,-0.3447171474145744,0.8816666666666667,-0.24538352272727273,-0.24776529910611964,-3.7470635412119426,0.622510588447328,-0.4840030558565128,Oil & Gas E&P,Energy,DVN
2015Q2,2015,Q2,2015-08-05,2015-06-30,-2816000000.0,3393000000.0,-4363000000.0,-6.94,600000000.0,0.1768346595932803,40606000000.0,15323000000.0,4730000000.0,3998000000.0,20455000000.0,0.0,10018000000.0,24450390000.0,34770390000.0,37.28223844282238,1.1830915457728863,0.2966310397478205,0.7860732232591529,-0.09941044664636861,37.28223844282238,-0.18377602297200288,7.2061273209549075,-2.1706667258522727,1.5956659922991583,-0.03480113636363636,0.0,0.004008116025961139,0.08355907993892528,0.8344172086043021,-0.06934935723784662,-71.07671511627908,0.1768346595932803,0.21846846846846849,-5.318631404092829,0.6459167255317481,-0.014224830240287643,-0.23857868020304568,0.21756043345373716,0.2060054595086442,-6.803016623564758,0.76093541649003,-0.3222936184071882,Oil & Gas E&P,Energy,DVN
2015Q1,2015,Q1,2015-05-06,2015-03-31,-3599000000.0,3265000000.0,-5495000000.0,-8.88,788000000.0,0.24134762633996937,45342000000.0,17997000000.0,5806000000.0,5560000000.0,22323000000.0,0.0,12933000000.0,24727100000.0,34618100000.0,43.895121951219515,1.0442446043165468,0.25911958008027874,0.6528310273934544,-0.11788736743020732,43.895121951219515,-0.19997777407345668,7.573384379785605,-1.717636843567658,1.3739567705728732,-0.027507641011392053,0.0,0.004003704437641292,0.07200829253231,0.633273381294964,-0.07937453133959683,-52.27716701902749,0.24134762633996937,-7.792079207920793,-4.291768292682927,0.10548023026814118,0.15724680107314204,-0.7578365089121082,-7.821078431372549,-12.945652173913043,-9.934400794389623,0.3543222166915548,-0.2003074885913734,Oil & Gas E&P,Energy,DVN
2014Q4,2014,Q4,2015-02-20,2014-12-31,-408000000.0,5995000000.0,460000000.0,-1.01,3254000000.0,0.5427856547122603,50637000000.0,21539000000.0,6498000000.0,5935000000.0,24296000000.0,0.0,16631000000.0,25034890000.0,34816890000.0,52.66259168704156,1.09486099410278,0.22240654067184074,0.5228654997910767,-0.018264886107424223,52.66259168704156,-0.018942383583267563,4.17596163469558,-15.34000612745098,1.162305120943405,-0.2426470588235294,0.0,0.003954481126140359,0.11839168987104291,0.667396798652064,-0.008057349369038451,-20.53723543888433,0.5427856547122603,-1.408906882591093,-1.6685263725105661,2.6420192690587405,0.5118932873543723,0.264671589584143,-1.4015748031496063,-0.7406989853438557,-1.7870256506705633,1.1795838976195456,-0.017030486476125817,Oil & Gas E&P,Energy,DVN
2014Q3,2014,Q3,2014-11-05,2014-09-30,1016000000.0,5336000000.0,1774000000.0,2.47,2573000000.0,0.48219640179910045,50839000000.0,22176000000.0,5973000000.0,5994000000.0,24071000000.0,0.0,17138000000.0,27885620000.000004,36536620000.0,54.220048899755504,0.9964964964964965,0.23719978756466492,0.543786075036075,0.032613582520275165,54.220048899755504,0.045815295815295816,5.2259407796101955,6.86161909448819,1.2574684343434344,0.09645669291338582,0.0,0.003514356144851719,0.10495879147898267,0.9037370704037371,0.019984657448022188,-193.6501388888889,0.48219640179910045,0.50609756097561,1.1983252897971983,1.7460543644080635,0.6340128107681581,0.6861074705111402,0.5051851851851852,0.0,-0.01880143778471864,0.9352555914499733,0.05346507671783511,Oil & Gas E&P,Energy,DVN
2014Q2,2014,Q2,2014-08-06,2014-06-30,675000000.0,4510000000.0,1774000000.0,1.64,1526000000.0,0.33835920177383594,51115000000.0,21474000000.0,4392000000.0,4679000000.0,25056000000.0,0.0,16220000000.0,32395200000.000004,43044200000.0,52.63235294117647,0.938662107287882,0.24170986990120316,0.5753469311725808,0.02362171802592743,52.63235294117647,0.03143336127409891,7.182971175166298,11.998222222222223,1.508577815032132,0.14666666666666667,0.0,0.003056008297525559,0.08823241709869901,0.8563795682838213,0.013205516971534775,-5.460171919770774,0.33835920177383594,1.0759493670886073,1.3130151742225553,1.3218524251805985,0.6887591683362426,-0.011658031088082901,1.0833333333333333,1.5710144927536231,-0.745475113122172,0.6636073116835892,0.03653411149787529,Oil & Gas E&P,Energy,DVN
2014Q1,2014,Q1,2014-05-09,2014-03-31,324000000.0,3725000000.0,690000000.0,0.79,1544000000.0,0.41449664429530203,52765000000.0,20494000000.0,5020000000.0,7580000000.0,27719000000.0,0.0,15644000000.0,27240510000.000004,40741510000.0,50.353808353808354,0.662269129287599,0.2942859850279541,0.7576851761491168,0.011253539503636667,50.353808353808354,0.015809505221040306,7.312888590604028,21.018912037037037,1.329194398360496,0.2777777777777778,0.0,0.003303902900496356,0.07059603904103098,0.6077836411609499,0.006140433999810481,-157.45959537572256,0.41449664429530203,0.5490196078431373,1.089278743484351,1.0037654653039267,0.7274834576642644,0.5181907571288102,0.5652173913043478,0.15966386554621848,-0.19053581553581547,0.6723271474891346,0.10768427550371494,Oil & Gas E&P,Energy,DVN
2013Q4,2013,Q4,2014-02-28,2013-12-31,207000000.0,2614000000.0,595000000.0,0.51,1017000000.0,0.38905891354246364,42877000000.0,20499000000.0,8005000000.0,6655000000.0,22378000000.0,0.0,15410000000.0,25119220000.0,31075220000.0,50.49014778325123,1.202854996243426,0.2803834223476456,0.5864676325674423,0.007973147715079648,50.49014778325123,0.010098053563588468,9.609495026778882,30.337222222222223,1.2253875798819454,0.42995169082125606,0.0,0.003543103647326629,0.06096508617673811,1.1398948159278737,0.004827763136413462,-246.26686274509805,0.38905891354246364,-0.5142857142857143,1.0332122042600431,0.054856124915928964,0.3140460501619899,-0.382138517618469,-0.5174825174825175,-0.2160737812911726,-0.6162500219132935,1.056988823240516,0.10929894106452356,Oil & Gas E&P,Energy,DVN
2013Q3,2013,Q3,2013-11-06,2013-09-30,429000000.0,2720000000.0,759000000.0,1.05,1646000000.0,0.6051470588235294,40846000000.0,20612000000.0,6315000000.0,4782000000.0,20234000000.0,0.0,15292000000.0,23219520000.0,28967520000.0,51.27363184079602,1.320577164366374,0.24648680409342408,0.48845332815835435,0.016608975889233706,51.27363184079602,0.020813118571705803,8.536588235294118,13.531188811188809,1.1265049485736462,0.20745920745920746,0.0,0.003832981904880032,0.06659158791558537,1.2212463404433291,0.010502864417568428,-473.8677551020408,0.6051470588235294,-0.37499999999999994,-0.8198294243070362,-0.4997245289111485,-0.10387721337952385,-0.19115479115479114,-0.3718887262079063,-0.34285714285714286,-0.7778868813825608,0.2508642507817902,0.19579829780968636,Oil & Gas E&P,Energy,DVN
2013Q2,2013,Q2,2013-08-07,2013-06-30,683000000.0,3091000000.0,1155000000.0,1.68,2035000000.0,0.6583629893238434,40020000000.0,20066000000.0,6357000000.0,4865000000.0,19954000000.0,0.0,14952000000.0,21016560000.0,27803560000.0,49.91542288557214,1.3066803699897225,0.2536231884057971,0.50583075849696,0.02618608406633722,49.91542288557214,0.03403767567028805,6.799275315431899,7.692737920937042,1.0473716734775242,0.13030746705710103,0.0,0.004234755830640219,0.07723638180909545,1.186022610483042,0.017066466766616693,-85.08728744939272,0.6583629893238434,1.5029940119760479,-0.4175586326629726,-0.033450279605355474,-0.04996037182754338,1.2486187845303867,1.5100821508588498,11.97752808988764,0.0709025693064423,0.5329880614846912,0.3198076758217232,Oil & Gas E&P,Energy,DVN
2013Q1,2013,Q1,2013-05-01,2013-03-31,-1339000000.0,1972000000.0,89000000.0,-3.34,905000000.0,0.45892494929006084,41582000000.0,19708000000.0,8403000000.0,6800000000.0,21874000000.0,0.0,14358000000.0,22541120000.0,29418120000.0,48.54187192118226,1.2357352941176472,0.29224183540955223,0.616602394966511,0.0019064517099210165,48.54187192118226,-0.0679419525065963,11.430588235294117,-4.2085735623599705,1.1437548203775119,-0.060492905153099324,0.0,0.0035934328019193366,0.047424366312346686,1.1573529411764707,-0.03220143331249098,-24.395151515151515,0.45892494929006084,-2.752808988764045,-2.959443461561228,-0.2734693877551021,-0.035577595994012584,-0.3653576437587658,-2.750700280112045,-0.9124015748031497,-2.2367610837438425,-0.32573203194321215,0.279753273298052,Oil & Gas E&P,Energy,DVN
2012Q4,2012,Q4,2013-02-21,2012-12-31,-357000000.0,3096000000.0,1016000000.0,-0.89,1426000000.0,0.46059431524547806,43326000000.0,21278000000.0,8971000000.0,6003000000.0,22048000000.0,110000000.0,15778000000.0,21076200000.0,28083200000.0,52.538271604938274,1.4944194569381977,0.2687531736139962,0.5472318826957421,0.021990646008875268,52.538271604938274,-0.0167778926590845,6.807558139534883,-14.75924369747899,0.9905160259422877,-0.22969187675070027,15.181818181818182,0.003890644423567816,0.07145824678022435,1.3899716808262534,-0.008239855975626644,-24.679391100702578,0.46059431524547806,0.5055555555555555,-1.2980693459416865,0.06405310534181353,0.06241619850029676,0.06896551724137931,0.5034770514603616,13.72463768115942,-1.5907379643511577,0.8994256068186028,0.5083241751706749,Oil & Gas E&P,Energy,DVN
2012Q3,2012,Q3,2012-11-07,2012-09-30,-719000000.0,2160000000.0,69000000.0,-1.8,1334000000.0,0.6175925925925926,43548000000.0,21781000000.0,9433000000.0,5496000000.0,21767000000.0,0.0,16217000000.0,24312000000.0,30209000000.0,54.4525,1.7163391557496361,0.25799118214384126,0.5158165373490657,0.0012942593333496125,54.4525,-0.03301042192736789,11.255555555555556,-8.453407510431154,1.1162021945732519,-0.11126564673157163,0.0,0.003290556103981573,0.049600440892807934,1.5675036390101893,-0.01651051713052264,-40.52,0.6175925925925926,-2.5254237288135593,-2.08828231292517,-0.1302931596091204,0.16317984350998457,0.13822525597269625,-2.507337526205451,-0.9213226909920182,-2.5907079633266537,0.13660713441372752,0.6410181175390706,Oil & Gas E&P,Energy,DVN
2012Q2,2012,Q2,2012-08-01,2012-06-30,477000000.0,1894000000.0,877000000.0,1.18,1172000000.0,0.6187961985216474,43470000000.0,22225000000.0,9217000000.0,4961000000.0,21245000000.0,0.0,17016000000.0,23427960000.0,27929960000.0,55.01237623762376,1.8578915541221528,0.24391534391534392,0.4770753655793026,0.017361109958303023,55.01237623762376,0.021462317210348705,12.369567053854277,12.278805031446542,1.0541264341957255,0.1719077568134172,0.0,0.0035000913438472665,0.04357027835288705,1.622656722434993,0.010973084886128364,-31.112828685258965,0.6187961985216474,0.21649484536082472,-0.41748992377113825,-0.2861382758282656,0.24634358437367668,-0.22538003965631195,0.21374045801526717,0.2387005649717514,0.6507141956233841,-0.015270737600075834,0.7651244824087731,Oil & Gas E&P,Energy,DVN
2012Q1,2012,Q1,2012-05-02,2012-03-31,393000000.0,2352000000.0,708000000.0,0.97,1513000000.0,0.64328231292517,42605000000.0,21956000000.0,9078000000.0,6262000000.0,20649000000.0,0.0,16621000000.0,28448000000.0,33459000000.0,54.89,1.449696582561482,0.25440675976998006,0.4936691564948078,0.01462799331960757,54.89,0.017899435234104574,12.095238095238095,18.09669211195929,1.2956822736381854,0.2035623409669211,0.0,0.00281214848143982,0.05520478817040254,1.3122005748961993,0.00922426945194226,-26.78719397363465,0.64328231292517,-0.23471400394477324,-0.32990783410138247,0.05568944601698339,0.34231989424983467,-0.14952220348510398,-0.22485207100591717,-0.08997429305912596,1.1101869158878506,0.2873372781065089,0.8831061659712564,Oil & Gas E&P,Energy,DVN
2011Q4,2011,Q4,2012-02-24,2011-12-31,507000000.0,2690000000.0,778000000.0,1.2675,1779000000.0,0.6613382899628253,41117000000.0,21430000000.0,9305000000.0,6738000000.0,19687000000.0,0.0,16308000000.0,24800000000.0,29025000000.0,53.575,1.3809735826654794,0.23785782036627187,0.4563695753616426,0.016356977233125403,53.575,0.02365842277181521,9.219330855018587,12.228796844181458,1.1572561829211385,0.13609467455621302,0.0,0.0027822580645161287,0.06542306102098888,1.2521519738794895,0.01233066614782207,-2755.5555555555557,0.6613382899628253,-0.493,-0.033041237113401956,0.18394131641554318,0.36379428964568294,0.002818489289740699,-0.5115606936416185,-0.5423529411764706,1.0825660211267607,0.10180811808118083,0.39433177022274335,Oil & Gas E&P,Energy,DVN
2011Q3,2011,Q3,2011-11-02,2011-09-30,1038000000.0,2764000000.0,1700000000.0,2.5,1774000000.0,0.6418234442836469,39866000000.0,21102000000.0,9607000000.0,6031000000.0,18764000000.0,0.0,15870000000.0,22730400000.0,26369400000.0,51.46829268292683,1.5929364947769855,0.23220287964681682,0.43867879821817835,0.03786504375832662,51.46829268292683,0.049189650270116576,8.223733719247468,5.474566473988439,1.0771680409439863,0.06647398843930635,0.0,0.003035582303874987,0.06933226308132243,1.3727408389985076,0.026037224702754228,-58.134015345268544,0.6418234442836469,-0.6141975308641976,0.5836637259989621,0.09220623286321032,0.31832009485803175,-0.06385224274406333,-0.6215822092599343,0.15098171970209884,-0.5725688945201141,-0.5015512162481947,-0.10047507450163468,Oil & Gas E&P,Energy,DVN
2011Q2,2011,Q2,2011-08-04,2011-06-30,2743000000.0,2804000000.0,1477000000.0,6.48,1895000000.0,0.6758202567760342,38537000000.0,21428000000.0,8911000000.0,4484000000.0,17109000000.0,137000000.0,14901000000.0,33257820000.0,37836820000.0,50.77725118483412,1.9872881355932204,0.20577626696421622,0.37007653537427665,0.006717731391794071,50.77725118483412,0.12801008026880717,11.860848787446505,3.0311538461538463,1.5520729886130298,0.026248632883703972,6.635036496350365,0.002164904374369697,0.07276124244232815,1.8666369313113291,0.07117834808106495,-96.96157434402332,0.6758202567760342,5.680412371134022,2.329452852153667,0.11715777444959784,0.35463472511532246,0.21630295250320924,5.59375,1.3519108280254777,1.2282859338970022,-0.16474938153528854,-0.03355720443664836,Oil & Gas E&P,Energy,DVN
2011Q1,2011,Q1,2011-05-04,2011-03-31,416000000.0,2315000000.0,628000000.0,0.97,1558000000.0,0.6730021598272138,34550000000.0,19229000000.0,5599000000.0,5754000000.0,15321000000.0,0.0,12230000000.0,38818710000.0,44310710000.0,45.45862884160756,0.973062217587765,0.19690303907380607,0.3537885485464663,0.01617982112201428,45.45862884160756,0.021633990327110095,16.768341252699784,23.328551682692307,2.018758645795413,0.16346153846153846,0.0,0.0017517326052308283,0.06700434153400868,0.7327076816127911,0.012040520984081041,-68.46333333333334,0.6730021598272138,-0.2699110320284697,-0.3790206011482607,-0.10968588460189813,0.31307763351134116,1.7722419928825623,-0.2597864768683274,-0.43978590544157004,-0.4157063634096842,-0.18137751554522522,-0.09683499265490826,Oil & Gas E&P,Energy,DVN
2010Q4,2010,Q4,2011-02-25,2010-12-31,562000000.0,1324000000.0,1121000000.0,1.3286052009456264,562000000.0,0.4244712990936556,32927000000.0,19253000000.0,5555000000.0,4583000000.0,13674000000.0,0.0,11882000000.0,33209730000.000004,35973730000.0,45.515366430260045,1.2120881518655902,0.1709842985999332,0.29242196021399264,0.03223697683602372,45.515366430260045,0.029190256063990026,25.082877643504535,14.7730115658363,1.7249119617721915,0.12455516014234876,0.0,0.0021078159924817212,0.04021016187323473,0.8876281911411739,0.017068059647098125,-75.30551020408164,0.4244712990936556,-0.7226293943746083,-0.39459433111549813,-0.5700837634640843,0.3536396152721667,-0.6491885143570537,-0.7311004784688995,0.6037195994277539,-0.5507376030237054,-0.5643226399453979,-0.07959928830929207,Oil & Gas E&P,Energy,DVN
2010Q3,2010,Q3,2010-11-04,2010-09-30,2090000000.0,2353000000.0,699000000.0,4.79,1602000000.0,0.6808329791755207,31863000000.0,18652000000.0,5950000000.0,4450000000.0,13211000000.0,0.0,11390000000.0,28161899999.999996,30182899999.999996,42.87816091954023,1.3370786516853932,0.1766625866993064,0.3017906926871113,0.017668135579259503,42.87816091954023,0.11205232682822218,11.968508287292815,3.3686483253588517,1.5098595324898134,0.03301435406698565,0.0,0.0024501187774972574,0.07384740922072623,1.0417977528089888,0.06559332140727489,-123.51710526315787,0.6808329791755207,2.031645569620253,1.8801755036460264,-0.10780282935455344,0.37146154404151904,0.060927152317880796,1.9603399433427762,0.1402936378466558,1.9089060911721005,-0.12881217733514705,-0.08406386284584293,Oil & Gas E&P,Energy,DVN
2010Q2,2010,Q2,2010-08-06,2010-06-30,706000000.0,2232000000.0,613000000.0,1.58,1510000000.0,0.6765232974910395,29971000000.0,16830000000.0,5049000000.0,3402000000.0,13141000000.0,0.0,9369000000.0,27109400000.0,30559400000.0,37.82022471910113,1.4841269841269842,0.18764805979113142,0.33416518122400474,0.015676494165850187,37.82022471910113,0.04194890077243019,12.14578853046595,9.599645892351274,1.6107783719548425,0.09915014164305949,0.0,0.0025821301836263435,0.07447198958993693,0.9932392710170488,0.023556104234092958,-46.983362218370885,0.6765232974910395,-0.40601503759398494,0.12732591152330638,-0.0570101797388596,0.31954163994758417,-0.4651080410910379,-0.4077181208053691,-0.6394117647058823,-0.21727155215272947,-0.23625273802079935,-0.14315654654479815,Oil & Gas E&P,Energy,DVN
2010Q1,2010,Q1,2010-05-06,2010-03-31,1192000000.0,3220000000.0,1700000000.0,2.66,2823000000.0,0.8767080745341614,30677000000.0,16955000000.0,3748000000.0,3108000000.0,13722000000.0,0.0,8733000000.0,28800210000.000004,34251210000.000004,37.930648769574944,1.2059202059202059,0.20129086938096946,0.3641993512238278,0.049515422516418356,37.930648769574944,0.07030374520790328,8.944164596273293,6.040312500000001,1.6986263639044532,0.06040268456375839,0.0,0.002499981770966253,0.1049646314828699,0.8857786357786358,0.03885647227564625,116.12987903225807,0.8767080745341614,0.7826386806596701,1.2735346358792186,0.47074356478322826,0.3353903043417907,1.0864745011086474,0.7871064467766117,1.3108429328944962,0.8187403993855605,0.2933235995733791,-0.07241638831839205,Oil & Gas E&P,Energy,DVN
2009Q4,2009,Q4,2010-02-25,2009-12-31,667000000.0,1799000000.0,-5469000000.0,1.4921700223713648,1353000000.0,0.7520844913841023,29686000000.0,15570000000.0,2992000000.0,3802000000.0,14116000000.0,0.0,7613000000.0,32854500000.0,39582500000.0,34.83221476510067,0.7869542346133613,0.24839991915380988,0.47360308285163777,-0.1337124806947245,34.83221476510067,0.04283879254977521,18.262645914396888,12.314280359820089,2.110115606936416,0.10644677661169415,0.0,0.0021610433882725353,0.06060095667991646,0.5431351920042083,0.022468503671764468,43.806,0.7520844913841023,0.33229466283157555,0.06425202189933889,-0.2163034156036865,0.22271925458887837,0.0029651593773165306,0.3366733466933868,-10.238175675675675,0.13835651191217524,-0.29146464135739714,-0.11331823439372209,Oil & Gas E&P,Energy,DVN
2009Q3,2009,Q3,2009-11-05,2009-09-30,499000000.0,2098000000.0,592000000.0,1.12,1349000000.0,0.6429933269780743,28141000000.0,14653000000.0,2609000000.0,3443000000.0,13488000000.0,0.0,7017000000.0,29732451303.6,36220451303.6,33.18214431517607,0.7577693871623584,0.2627127678476245,0.5045383197979936,0.021085991971265584,33.18214431517607,0.03405445983757592,14.171807103717827,14.89601768717435,2.0291033442707977,0.14228456913827656,0.0,0.002387963214839381,0.07455314310081376,0.6462387452802788,0.017732134607867524,128.15711768793102,0.6429933269780743,0.6000000000000002,0.05787234127352576,0.014325219402006447,0.2690760844366035,0.002228826151560178,0.589171974522293,0.39294117647058824,-0.2931489356035987,-0.23027808678483114,-0.15006530504776402,Oil & Gas E&P,Energy,DVN
2009Q2,2009,Q2,2009-08-06,2009-06-30,314000000.0,2090000000.0,425000000.0,0.7,1346000000.0,0.6440191387559808,27057000000.0,13682000000.0,2577000000.0,3492000000.0,13375000000.0,0.0,6589000000.0,23925500000.0,30634500000.0,31.16628701594533,0.7379725085910653,0.2719074546328122,0.5377137845344248,0.014116640524739769,31.16628701594533,0.022949861131413535,11.447607655502392,19.048964968152866,1.7486844028650783,0.22929936305732485,0.0,0.003009341497565359,0.07724433603134125,0.6354524627720504,0.01160512991092878,-157.4046052631579,0.6440191387559808,1.0784753363228698,-0.31323453339262547,0.034121343830102784,0.25571765791905454,0.09164639091646391,1.0793129578176308,0.13636363636363635,-0.6336260047043101,-0.1995564310104859,-0.16854627496416996,Oil & Gas E&P,Energy,DVN
2009Q1,2009,Q1,2009-05-07,2009-03-31,-3959000000.0,2028000000.0,374000000.0,-8.92,1233000000.0,0.6079881656804734,25723000000.0,12942000000.0,2376000000.0,3234000000.0,12781000000.0,0.0,6347000000.0,19842360000.0,26369360000.0,29.14864864864865,0.7346938775510204,0.26917544609882205,0.5350023180343069,0.011966250641785914,29.14864864864865,-0.30590326070159174,9.784201183431952,-1.2529906542056075,1.5331757070004635,-0.017681232634503663,0.0,0.0035278061682178937,0.07883994868405707,0.5330859616573902,-0.1539089530770128,-20.41395061728395,0.6079881656804734,0.41894366197183097,-9.627867746288798,-0.02444267323623889,0.20841752420243323,-0.33423326133909287,0.41916079812206575,1.0380506663953606,-6.630238095238095,-0.2569507306349412,-0.1580379883216114,Oil & Gas E&P,Energy,DVN
2008Q4,2008,Q4,2009-02-27,2008-12-31,-6816000000.0,2710000000.0,-9829000000.0,-15.35135135135135,1852000000.0,0.6833948339483394,31908000000.0,17060000000.0,2684000000.0,3135000000.0,14848000000.0,195000000.0,10376000000.0,29175239999.999996,34637240000.0,38.42342342342342,0.856140350877193,0.1830575404287326,0.34237983587338805,-0.2956043763591858,38.42342342342342,-0.39953106682297773,10.765771217712176,-1.0701012323943662,1.7101547479484172,-0.010710093896713615,4.4,0.0025021216620668765,0.08493167857590572,0.6778309409888357,-0.21361414065438133,-14.817287963433213,0.6833948339483394,-3.6152216952898386,-14.513712607635258,0.5195429804804804,0.6612153035814397,-0.6247213779128673,-3.6035141329258975,-3.609238120520308,-7.995151852883811,-0.1616554404000023,0.14272326424122955,Oil & Gas E&P,Energy,DVN
2008Q3,2008,Q3,2008-11-06,2008-09-30,2618000000.0,5978000000.0,3767000000.0,5.87,4935000000.0,0.8255269320843092,42655000000.0,25290000000.0,3419000000.0,3059000000.0,17365000000.0,0.0,17265000000.0,40310400000.0,43955400000.0,57.217194570135746,1.117685518143184,0.11339819481889579,0.19126136812969552,0.08399429474572814,57.217194570135746,0.10351917754052985,6.743124790899967,3.849350649350649,1.593926453143535,0.026737967914438502,0.0,0.0017365245693419067,0.14014769663579885,0.9493298463550179,0.06137615754307819,59.01961932650073,0.8255269320843092,1.0381944444444446,5.670649738610903,2.2215336300370723,1.6053756899453373,0.9771634615384616,1.0122982321291314,1.91112828438949,2.5506617038875103,1.2308060456772605,0.8300967282186276,Oil & Gas E&P,Energy,DVN
2008Q2,2008,Q2,2008-08-07,2008-06-30,1301000000.0,3548000000.0,1294000000.0,2.88,2496000000.0,0.7034949267192785,43780000000.0,23433000000.0,5433000000.0,6032000000.0,20347000000.0,0.0,14717000000.0,53591360000.0,58708360000.0,52.54035874439462,0.9006962864721485,0.15883965280950205,0.2967609781077967,0.02005939400762675,52.54035874439462,0.05551999317202236,15.10466741826381,10.298109146810145,2.2870037980625613,0.056110684089162186,0.0,0.001362159870546297,0.0810415714938328,0.7125331564986738,0.029716765646413887,57.87403887688985,0.7034949267192785,0.7349397590361446,2.474227842998942,0.8604448687728637,1.3080306783695934,0.19597508385241974,0.7369826435246996,-0.33264569365652397,1.0727514953405806,0.4956210798671426,0.8331247806150163,Oil & Gas E&P,Energy,DVN
2008Q1,2008,Q1,2008-05-08,2008-03-31,749000000.0,2975000000.0,1939000000.0,1.66,2087000000.0,0.7015126050420168,42985000000.0,22398000000.0,4657000000.0,4995000000.0,20587000000.0,0.0,13489000000.0,46426850000.0,52368850000.0,50.332584269662924,0.9323323323323324,0.1818541351634291,0.34900437539065987,0.046835088443138086,50.332584269662924,0.033440485757656936,15.605663865546218,15.496278371161548,2.0728123046700597,0.09746328437917223,0.0,0.001572365990800582,0.06921018960102361,0.7983983983983984,0.017424683028963592,118.13447837150127,0.7015126050420168,-0.43867781155015206,0.21217400268013617,0.2562618091837627,1.9607402511566425,0.42166212534059944,-0.4308510638297872,0.47452471482889735,0.43500908056758547,0.36494630542107365,0.7720141154054719,Oil & Gas E&P,Energy,DVN
2007Q4,2007,Q4,2008-02-28,2007-12-31,1316000000.0,3197000000.0,1315000000.0,2.957303370786517,1468000000.0,0.45918048170159526,41456000000.0,22006000000.0,3914000000.0,3657000000.0,19450000000.0,0.0,12813000000.0,39564950000.0,46127950000.0,49.45168539325843,1.0702761826633853,0.19121478193747588,0.36021994001635915,0.03815917968172454,49.45168539325843,0.05980187221666818,12.375649045980607,7.51613791793313,1.7979164773243659,0.05015197568389058,0.0,0.0016681431418465083,0.07711790814357392,0.9611703582171178,0.031744500192975686,-284.63992805755396,0.45918048170159526,0.8142965464947959,10.054681647940075,0.8370200929619734,2.3371651006841065,-0.3633998265394623,0.7904761904761904,0.2632084534101825,1.109220829089938,0.3989652893315404,0.7359082191578211,Oil & Gas E&P,Energy,DVN
2007Q3,2007,Q3,2007-11-07,2007-09-30,735000000.0,2763000000.0,1041000000.0,1.63,2306000000.0,0.8346000723850887,40271000000.0,20832000000.0,3684000000.0,4766000000.0,19439000000.0,0.0,11564000000.0,37602500000.0,44159500000.0,46.81348314606742,0.7729752412924885,0.1973876983437213,0.381576420890937,0.024238588723823142,46.81348314606742,0.03528225806451613,13.609301483894317,12.789965986394558,1.8050355222734253,0.08707482993197278,0.0,0.0017020144937171732,0.06861016612450647,0.6647083508182963,0.018251347123240048,137.73809523809524,0.8346000723850887,-0.18500000000000005,7.311707140268214,0.877136137967076,2.222106053733297,0.07305723592368543,-0.18694690265486727,-0.15640194489465153,0.5462586660291658,0.32560677626720447,0.7904168978819939,Oil & Gas E&P,Energy,DVN
2007Q2,2007,Q2,2007-08-03,2007-06-30,904000000.0,2929000000.0,1234000000.0,2.0,2149000000.0,0.7336975076818026,38031000000.0,19686000000.0,3166000000.0,4416000000.0,18345000000.0,0.0,10893000000.0,34917340000.0,41471340000.0,44.139013452914796,0.7169384057971014,0.19973179774394573,0.3858579701310576,0.032296864242356324,44.139013452914796,0.04592095905719801,11.921249573233185,9.656344026548673,1.773714314741441,0.07190265486725664,0.0,0.0018615392810563461,0.07701611842970209,0.6186594202898551,0.023770082301280533,107.10840490797545,0.7336975076818026,0.38888888888888895,7.119696447050708,0.7700610096422178,1.8964786257503126,0.21206993795826284,0.38863287250384027,0.3369447453954496,0.9461526092937665,0.4265081228768262,0.7784004417207165,Oil & Gas E&P,Energy,DVN
2007Q1,2007,Q1,2007-05-03,2007-03-31,651000000.0,2473000000.0,923000000.0,1.44,1773000000.0,0.7169429842296805,35978000000.0,18156000000.0,2736000000.0,4440000000.0,17822000000.0,0.0,10055000000.0,30733680000.0,37546680000.0,40.891891891891895,0.6162162162162163,0.2064595030296292,0.4091209517514871,0.024711614956245027,40.891891891891895,0.035855915399867815,12.427691063485645,11.802488479262673,1.6927561136814275,0.09831029185867896,0.0,0.0020824060119061564,0.06873645005281005,0.506981981981982,0.018094391016732447,931.3236363636364,0.7169429842296805,0.09855670103092785,6.0,0.7576403695806682,1.5802600724792155,1.0079275198187996,0.11855670103092783,0.09750297265160524,0.4187274318853265,0.18962192755758445,0.695257963948337,Oil & Gas E&P,Energy,DVN
