Year,Date,FillingDate,NetIncome,Revenue,OperatingIncome,EPSDiluted,GrossProfit,GrossProfitRatio,TotalAssets,CommonStockEquity,CurrentAssets,CurrentLiability,TotalLiability,Inventory,RetainedEarnings,EnterpriseValue,bookValuePerShare,currentRatio,debtToAssets,debtToEquity,roic,shareholdersEquityPerShare,roe,priceToSalesRatio,peRatio,pbRatio,payoutRatio,inventoryTurnover,dividendYield,assetTurnover,quickRatio,returnOnAssets,priceToFreeCashFlowsRatio,grossProfitMargin,epsdilutedGrowth,fiveYNetIncomeGrowthPerShare,fiveYRevenueGrowthPerShare,fiveYShareholdersEquityGrowthPerShare,grossProfitGrowth,netIncomeGrowth,operatingIncomeGrowth,threeYNetIncomeGrowthPerShare,threeYRevenueGrowthPerShare,threeYShareholdersEquityGrowthPerShare,Industry,Sector,Price,MarketCap,AvgVolume,Symbol
2022,2022-12-31,2023-02-24,898000000.0,7040000000.0,1208000000.0,10.53,7040000000.0,1.0,28831000000.0,4052000000.0,14627000000.0,1035000000.0,24779000000.0,0.0,3142000000.0,12306528000.0,47.614571092831966,14.132367149758455,0.05188859214040443,0.36920039486673245,0.17411134173642673,47.614571092831966,0.22161895360315895,1.65945,13.009496659242762,2.8831510365251725,1.3507795100222717,0.0,0.10383026687374514,0.24418161007249142,16.588405797101448,0.03114702923936041,10.948948453608248,1.0,-0.1662707838479811,0.961070272249366,0.0637572837919144,-0.211407473560517,0.07448107448107448,-0.1692876965772433,-0.4844216816047802,0.057581938489310903,-0.09711232470151658,-0.31718775861451687,Insurance—Property & Casualty,Financial Services,117.7,10025650219,349560,AFG
2021,2021-12-31,2022-02-25,1081000000.0,6552000000.0,2343000000.0,12.63,6552000000.0,1.0,28939000000.0,5012000000.0,18129000000.0,920000000.0,23927000000.0,0.0,3478000000.0,11518932000.0,58.89541715628672,19.705434782608695,0.06786689242890218,0.39185953711093374,0.2719632640964849,58.89541715628672,0.21568236233040702,1.783567155067155,10.810297872340424,2.3315905826017556,2.196114708603145,0.0,0.20315024937677204,0.22640727046546183,19.705434782608695,0.037354435191264385,7.471823529411765,1.0,0.5402439024390246,0.7008703618873112,0.02963761063243174,0.04109270766503581,-0.17157668478948035,0.476775956284153,1.474128827877508,1.1400872146863845,-0.03849954286935154,0.05812340715976222,Insurance—Property & Casualty,Financial Services,117.7,10025650219,349560,AFG
2020,2020-12-31,2021-02-25,732000000.0,7909000000.0,947000000.0,8.2,7909000000.0,1.0,73566000000.0,6789000000.0,58299000000.0,807000000.0,66777000000.0,0.0,4149000000.0,6924894000.0,76.53889515219842,72.24163568773234,0.026683522279313813,0.289144203859184,0.09199878302749129,76.53889515219842,0.10782147591692444,0.9826645593627513,10.617341530054645,1.1447774340845487,0.4562841530054645,0.0,0.04297536739435715,0.10750890356958377,72.24163568773234,0.009950248756218905,4.2238554347826085,1.0,-0.16751269035532998,1.0508128415496565,0.26927959664735074,0.45801348216986354,-0.039820322933106715,-0.18394648829431437,-0.21345514950166114,0.5336767749362131,0.14656162886921298,0.2676371815107102,Insurance—Property & Casualty,Financial Services,117.7,10025650219,349560,AFG
2019,2019-12-31,2020-02-25,897000000.0,8237000000.0,1204000000.0,9.85,8237000000.0,1.0,70130000000.0,6269000000.0,54544000000.0,814000000.0,63861000000.0,0.0,4009000000.0,9016535000.0,69.73303670745273,67.007371007371,0.021003849992870385,0.23496570425905247,0.1219700876740588,69.73303670745273,0.143085021534535,1.196738497025616,10.989448160535119,1.5724254267028235,0.49498327759197325,0.0,0.045041686385085114,0.11745330101240553,67.007371007371,0.012790531869385427,4.013654315960912,1.0,0.6837606837606838,0.936143092152539,0.4066572363617743,0.2535766513292422,0.15202797202797202,0.6924528301886792,0.0,0.33600422314813067,0.22531977837965703,0.23266901746900776,Insurance—Property & Casualty,Financial Services,117.7,10025650219,349560,AFG
2018,2018-12-31,2019-02-26,530000000.0,7150000000.0,0.0,5.85,7150000000.0,1.0,63456000000.0,4970000000.0,44746000000.0,57184000000.0,58484000000.0,0.0,3588000000.0,7870579773.72,55.660253575124166,0.7824916060436485,0.020518154311649016,0.2619718309859155,0.0,55.660253575124166,0.10663983903420524,1.1305705977230769,15.25203730890566,1.6264748035653922,0.7433962264150943,0.0,0.04874078205808121,0.11267650025214322,0.8601182148852826,0.008352244074634392,3.8807392096591458,1.0,0.10795454545454533,0.12132822454747044,0.3992503947728916,0.0768885774989794,0.041514930808448654,0.11578947368421053,0.0,0.4750380665941468,0.13986698988413615,0.060289673272000695,Insurance—Property & Casualty,Financial Services,117.7,10025650219,349560,AFG
2017,2017-12-31,2018-02-23,475000000.0,6865000000.0,0.0,5.28,6865000000.0,1.0,60658000000.0,5330000000.0,3546000000.0,54027000000.0,55327000000.0,0.0,3248000000.0,8544418428.4,60.37918125830214,0.06563384974179577,0.021448118962049522,0.24409005628517824,0.0,60.37918125830214,0.08911819887429644,1.395690958252003,20.171407217684212,1.79763948,0.8778947368421053,0.0,0.043521739825492074,0.1131755085891391,0.8858903881392637,0.00783078901381516,5.3112075545454545,1.0,-0.2796725784447476,-0.018878488821650653,0.36699652603664545,0.17354684667417808,0.056478916589719916,-0.26810477657935283,0.0,0.044139005912684534,0.193931643460231,0.08542428991471651,Insurance—Property & Casualty,Financial Services,117.7,10025650219,349560,AFG
2016,2016-12-31,2017-02-24,649000000.0,6498000000.0,0.0,7.33,6498000000.0,1.0,55072000000.0,4916000000.0,3160000000.0,48873000000.0,50153000000.0,0.0,3343000000.0,6833628000.0,56.570771001150746,0.06465737728398092,0.023296775130737944,0.2609845402766477,0.0,56.570771001150746,0.13201790073230268,1.178459218220991,11.799118644067798,1.5576948738812044,0.2850539291217257,0.0,0.024158917095476563,0.11799099360836723,0.8756368547050518,0.011784572922719349,6.658806956521739,1.0,0.8604060913705585,1.1304711658117135,0.5403208047871118,0.21787599578185657,0.05744507729861676,0.84375,0.0,0.41088953667123534,0.30665379772598467,0.094504843195261,Insurance—Property & Casualty,Financial Services,117.7,10025650219,349560,AFG
2015,2015-12-31,2016-02-26,352000000.0,6145000000.0,0.0,3.94,6145000000.0,1.0,49859000000.0,4592000000.0,2323000000.0,44247000000.0,45089000000.0,0.0,2987000000.0,6105158500.16,52.49532743571803,0.05250073451307433,0.020457690687739425,0.2221254355400697,0.0,52.49532743571803,0.07665505226480836,1.0260632221578518,17.91238210272727,1.373074586271777,0.5,0.0,0.02791365197172027,0.12324755811388115,0.8915858702284901,0.00705990894321988,4.64639535752395,1.0,-0.2072434607645875,-0.08262149926480841,0.7058483022024176,0.2824361870202257,0.07561701382811133,-0.22123893805309736,0.0,-0.2662795723730987,0.23483097632002192,0.020314033636297007,Insurance—Property & Casualty,Financial Services,117.7,10025650219,349560,AFG
2014,2014-12-31,2015-02-26,452000000.0,5713000000.0,0.0,4.97,5713000000.0,1.0,47535000000.0,4879000000.0,2427000000.0,41595000000.0,42481000000.0,0.0,2912000000.0,5043677910.96,55.62726190976086,0.05834835917778579,0.022320395498054067,0.21746259479401517,0.0,55.62726190976086,0.09264193482270958,0.9322033801785402,11.782473254336283,1.0915511192785408,0.3694690265486726,0.0,0.03135751030987467,0.12018512674871147,0.9283567736506791,0.009508783001998528,4.358165229918167,1.0,-0.03682170542635666,0.1491733266741804,0.7457642174922674,0.7036409852028003,0.12195600942655145,-0.040339702760084924,0.0,0.4700971670721554,0.34175227508651385,0.19756379119510423,Insurance—Property & Casualty,Financial Services,117.7,10025650219,349560,AFG
2013,2013-12-31,2014-02-28,471000000.0,5092000000.0,0.0,5.16,5092000000.0,1.0,42087000000.0,4599000000.0,28834000000.0,36575000000.0,37318000000.0,0.0,2826000000.0,4409885369.16,51.686176952858354,0.7883526999316472,0.021693159407893174,0.19852141769949988,0.0,51.686176952858354,0.10241356816699282,1.0086184935506677,10.904215221146496,1.1167395888584475,0.33970276008492567,0.0,0.03115334328931271,0.12098747831872074,0.8980177717019823,0.011191104141421342,6.757743906789473,1.0,0.013752455795677855,2.09275305557243,0.5250879216156417,1.374658089721685,0.005926511260371394,-0.03483606557377049,0.0,0.20675479349997306,0.3896298880416114,0.2626690208617745,Insurance—Property & Casualty,Financial Services,117.7,10025650219,349560,AFG
2012,2012-12-31,2012-12-31,488000000.0,5062000000.0,0.0,5.09,5062000000.0,1.0,39171000000.0,4578000000.0,0.0,0.0,34423000000.0,0.0,2595000000.0,2764462054.5600004,51.45016701243434,0.0,0.024329223149779172,0.20816950633464396,0.0,51.45016701243434,0.10659676714722587,0.6946783987672858,7.20586486590164,0.768121899204893,0.18442622950819673,0.0,0.025593906205611344,0.12922825559725307,0.0,0.012458196114472441,4.304115121860465,1.0,0.5285285285285285,0.6845417728027338,0.5201738930253127,0.9880124281420577,0.06568421052631579,0.4227405247813411,0.0,0.22298479980715952,0.5247464800278008,0.5757132421887539,Insurance—Property & Casualty,Financial Services,117.7,10025650219,349560,AFG
2011,2011-12-31,2012-02-28,343000000.0,4750000000.0,0.0,3.33,4750000000.0,1.0,36042000000.0,4545000000.0,35856000000.0,30563000000.0,31351000000.0,0.0,2769000000.0,3219553769.78,46.45035389242008,1.1731832608055492,0.025914211198046724,0.2055005500550055,0.0,46.45035389242008,0.07546754675467547,0.7599060567957895,10.523480378367347,0.7941812474763477,0.19533527696793002,0.0,0.018561851207464796,0.1317906886410299,0.09109053430618722,0.009516674990289107,6.212657090843374,1.0,-0.23094688221709006,-0.0876746316951981,0.3478191042732707,0.8713994193402198,0.056259728708027576,-0.2839248434237996,0.0,1.0481539462434446,0.2937317463036717,1.1341046125674126,Insurance—Property & Casualty,Financial Services,117.7,10025650219,349560,AFG
2010,2010-12-31,2011-02-28,479000000.0,4497000000.0,0.0,4.33,4497000000.0,1.0,32454000000.0,4470000000.0,32268000000.0,27032000000.0,27834000000.0,0.0,2720000000.0,3379068000.0,40.934065934065934,1.193696359869784,0.02933382633881802,0.21297539149888142,0.0,40.934065934065934,0.10715883668903803,0.7840933955970647,7.361311064718162,0.7888295302013423,0.1315240083507307,0.0,0.017866927126759892,0.1385653540395637,0.0853802900266351,0.014759351697787637,4.463377215189873,1.0,-0.026966292134831482,1.4594296810750487,0.18117244356106263,0.9292732555313621,0.040827662824607695,-0.07760446755247448,0.0,0.3472985347985349,0.10042482093927134,0.5816747842945276,Insurance—Property & Casualty,Financial Services,117.7,10025650219,349560,AFG
2009,2009-12-31,2010-02-26,519300000.0,4320600000.0,0.0,4.45,4320600000.0,1.0,27683300000.0,3781100000.0,27476300000.0,23074000000.0,23764400000.0,0.0,2273600000.0,2597310000.0,32.651986183074264,1.1907905001300165,0.029895279825743318,0.21887810425537543,0.0,32.651986183074264,0.1373409854275211,0.6687057353145397,5.563662622761409,0.7641189071963186,0.11534758328519161,0.0,0.020732310908518247,0.15607243356102776,0.09600849440929185,0.018758601756293507,3.391489611456744,1.0,1.664670658682635,0.3763476491577467,0.054935136116434864,0.4837390891716603,0.006499405968271717,1.6521961184882534,0.0,0.1671058736409534,0.03590125828188382,0.3154885348092332,Insurance—Property & Casualty,Financial Services,117.7,10025650219,349560,AFG
2008,2008-12-31,2009-02-27,195800000.0,4292700000.0,0.0,1.67,4292700000.0,1.0,26427500000.0,2490000000.0,26217500000.0,22908000000.0,23825900000.0,0.0,1841600000.0,2383172000.0,21.765734265734267,1.1444691810721146,0.0389632012108599,0.41353413654618476,0.0,21.765734265734267,0.07863453815261044,0.6097495748596454,13.36808988764045,1.0511935742971887,0.25893769152196117,0.0,0.019369834710743803,0.16243307161101125,0.10077265584075432,0.00740894901144641,2.824508470918312,1.0,-0.4612903225806452,-0.388901866559151,0.17168168359584002,0.09979198916364676,-0.025427384384861626,-0.4890396659707724,0.0,-0.0403603185951429,0.0762609205931839,0.02584602940548027,Insurance—Property & Casualty,Financial Services,117.7,10025650219,349560,AFG
TTM,,,,,,,,,,,,,,,,10646650219.0,46.255868544600936,32.06366630076839,0.051894245286331235,0.3750317178381122,0.15412164332629366,46.255868544600936,0.2051025512756378,1.3940003085372636,12.229317073170732,2.5445419944176604,1.6951219512195121,0.0,0.0717926932880204,0.25251922334187704,18.479692645444565,0.02879112390716618,10.126919413131313,1.0,,,,,,,,,,,Insurance—Property & Casualty,Financial Services,117.7,10025650219,349560,AFG
