Quarters,Year,Quarter,FillingDate,Date,NetIncome,Revenue,OperatingIncome,EPSDiluted,GrossProfit,GrossProfitRatio,TotalAssets,CommonStockEquity,CurrentAssets,CurrentLiability,TotalLiability,Inventory,RetainedEarnings,MarketCap,EnterpriseValue,bookValuePerShare,currentRatio,debtToAssets,debtToEquity,roic,shareholdersEquityPerShare,roe,priceToSalesRatio,peRatio,pbRatio,payoutRatio,inventoryTurnover,dividendYield,assetTurnover,quickRatio,returnOnAssets,priceToFreeCashFlowsRatio,grossProfitMargin,epsdilutedGrowth,fiveYNetIncomeGrowthPerShare,fiveYRevenueGrowthPerShare,fiveYShareholdersEquityGrowthPerShare,grossProfitGrowth,netIncomeGrowth,operatingIncomeGrowth,threeYNetIncomeGrowthPerShare,threeYRevenueGrowthPerShare,threeYShareholdersEquityGrowthPerShare,Industry,Sector,Symbol
2023Q1,2023,Q1,2023-05-03,2023-03-31,2526317.0,48389040.0,3150248.0,0.09,11409902.0,0.2357951718,73741958.0,45842767.0,52122461.0,9665395.0,27899191.0,19105838.0,5400521.0,175010101.5,175965434.5,1.7026330648691155,5.392688141560692,0.2889541121216228,0.46480706541993855,0.03370323087977188,1.7026330648691155,0.055108300945272345,3.616730183115846,17.318699662393914,3.8176164519039615,0.0,1.9354889327544806,0.0,0.6561941303484239,2.963568690156998,0.03425888149050775,60.03165423625792,0.23579517179923387,0.13636363636363621,6.297039764234696,2.4425890260764276,4.658162413272327,-0.03161437042299125,-0.5700867257363043,-0.30635493996038826,1.1515953619993418,0.873410616029147,2.706431449254178,Luxury Goods,Consumer Cyclical,ELA
2022Q4,2022,Q4,2023-03-16,2022-12-31,5876341.0,47433352.0,4541585.0,0.0792,11782395.0,0.2483989535,71277209.0,43316450.0,48892027.0,8865656.0,27960759.0,18755785.0,2874204.0,141623559.06,146486392.06,1.608803849530937,5.514766983965992,0.30911426399987124,0.5086474537964214,0.08451940716776914,1.608803849530937,0.13566072473621454,2.985737947847329,6.02515915345961,3.26950982963747,0.0,1.9007979138169904,0.0,0.6654771232695152,2.898600396857266,0.08244347783033985,62.966359976062535,0.24839895354644134,-0.3399999999999999,6.832281176818795,2.2835124471519457,4.585005007756492,-0.006179497264470455,0.7712044666967477,0.2732258085316167,6.335491809923095,1.1360086835094818,2.8695171076523924,Luxury Goods,Consumer Cyclical,ELA
2022Q3,2022,Q3,2022-11-02,2022-09-30,3317709.0,45197686.0,3566991.0,0.12,11855657.0,0.2623067252,67377879.0,37440109.0,44250261.0,10100128.0,29937770.0,18063063.0,-3002137.0,136238632.85999998,144012591.85999998,1.3905523533451583,4.381158436803969,0.33753978809573393,0.6074425424349058,0.052512517474225126,1.3905523533451583,0.08861376445244858,3.0142833608782533,10.266017367707656,3.6388417795471693,0.0,1.8458679460952996,0.0,0.6708089757470698,2.1940182342243584,0.049240330049570125,101.72900183762172,0.2623067251717267,-0.14285714285714296,4.493990790264734,1.8827800515261701,4.3443298228939575,0.032902683394319565,-0.13777769345958193,-0.13308524002808547,2.2040157362373067,0.9770293927876271,2.602367779261936,Luxury Goods,Consumer Cyclical,ELA
2022Q2,2022,Q2,2022-08-03,2022-06-30,3847858.0,42639718.0,4114581.0,0.14,11478000.0,0.2691856452,64810926.0,34122400.0,40764010.0,10116221.0,30688526.0,17804096.0,-6319846.0,191972619.03,201482198.03,1.2673302746470323,4.029568946744046,0.3617454100254639,0.6870869282348252,0.06304702680141999,1.2673302746470323,0.11276633531052915,4.5022018914384,12.472693835765249,5.625999901237896,0.0,1.7502555591702045,0.0,0.6579094086697665,1.9398902020823785,0.05937051416299776,66.35012877217127,0.2691856451771093,0.42421159715157697,13.508982430121609,1.5455916995928407,4.3291590950223995,0.18195446540502277,0.45354399418258745,0.43900078759654354,5.526965299218399,1.0365110630596719,2.646447732231929,Luxury Goods,Consumer Cyclical,ELA
2022Q1,2022,Q1,2022-05-11,2022-03-31,2647225.0,47415098.0,2859332.0,0.0983,9711034.0,0.2048088986,59758743.0,30274542.0,35462878.0,8190806.0,29484201.0,14621575.0,-10167704.0,125468780.46000001,137852677.46,1.1244180839470002,4.329595646631113,0.39962614340800307,0.7888197284702111,0.04618725201998032,1.1244180839470002,0.08744062915964179,2.6461778157666154,11.849085406416153,4.144365931613432,0.0,2.578659549330356,0.0,0.7934420240398966,2.0577213036177393,0.044298538876562384,38.423885838882704,0.204808898633933,2.2618741976893455,11.049763698576648,2.132909549083943,3.9386186928882236,1.2083247800911283,2.262225428509852,0.018667705997970026,6.464577438898657,1.959803298995668,2.4527747980267343,Luxury Goods,Consumer Cyclical,ELA
2021Q4,2021,Q4,2022-03-16,2021-12-31,-2097268.0,-37856726.0,2806933.0,-0.0779,-46614877.0,1.2313499324,59267315.0,27627317.0,34366515.0,9796604.0,31639998.0,14048436.0,-12814929.0,109583248.17,109657775.17,1.0260982592481955,3.5080028752820875,0.1723154659528612,0.3696585882733383,0.07262807375999156,1.0260982592481955,-0.07591283655955444,-2.894683712743675,-13.062618626947058,3.966481731468894,0.0,0.6234253407283202,0.0,-0.6387454197984167,1.7663958857579627,-0.03538658702524317,0.0,1.2313499323739723,-1.6491666666666667,0.24127487279810922,-2.657790374803268,1.147028792225323,-6.747744791813089,-1.6751440010481582,0.05386438052358073,-4.940677984033667,-3.781958753662218,2.283673683806841,Luxury Goods,Consumer Cyclical,ELA
2021Q3,2021,Q3,2021-11-04,2021-09-30,3106401.0,37680769.0,2663467.0,0.12,8110116.0,0.21523223159272573,49226925.0,24846227.0,28931050.0,5515794.0,24380698.0,12654329.0,-15596019.0,112006464.96000001,124191440.96000001,0.9228065929668637,5.245128806478269,0.41660444969902144,0.8254032292307399,0.05210362468792284,0.9228065929668637,0.1250250591367454,2.972510061034052,9.014166632060704,4.5079868649674655,0.0,2.3368013428448084,0.0,0.7654503912239085,2.5383906650610957,0.06310369782390429,-61.648441958590055,0.21523223159272573,0.4999999999999999,1.9444402286778495,0.6359668280367461,8.516940939468315,0.13780038693077473,0.44274937857389673,0.280238468097706,7.2766912434134685,1.7585716005240823,2.1525427290208263,Luxury Goods,Consumer Cyclical,ELA
2021Q2,2021,Q2,2021-08-05,2021-06-30,2153112.0,33724006.0,2080446.0,0.08,7127890.0,0.21135952828379878,46336105.0,21739826.0,29633999.0,8285949.0,24596279.0,12586889.0,-18702420.0,129238228.8,140527637.8,0.8074326441094031,3.576415809462501,0.4191228632618128,0.8933153834809902,0.04514843479224661,0.8074326441094031,0.0990399831167002,3.8322324103488774,15.005980738577463,5.9447683159929605,0.0,2.113001552647362,0.0,0.7278127067434779,1.8863880286977388,0.04646726348707989,354.55039683084004,0.21135952828379878,0.14285714285714277,2.836038646716567,-0.00361159056803466,2.711111876573336,0.13064586127738306,0.07212170462965176,0.06902081728647162,6.852869869578414,1.648472391959788,1.5954159126625027,Luxury Goods,Consumer Cyclical,ELA
2021Q1,2021,Q1,2021-05-05,2021-03-31,2008272.0,25490441.0,1946123.0,0.07,6304264.0,0.24731874980115096,42237340.0,19586714.0,25251135.0,5995358.0,22650626.0,11630383.0,-20855532.0,135161647.61999997,146611071.61999997,0.7274645286689352,4.211781014578278,0.46987857189870386,1.0132593450846323,0.04358468460788397,0.7274645286689352,0.1025323594350742,5.302444458297131,16.825615207999714,6.900680104891508,0.0,1.6496599467102675,0.0,0.6035048845405511,1.9523341224994404,0.0475473124017753,-230.85810260045258,0.24731874980115096,0.13618954350022563,2.3287163022785538,-0.011216088448806918,1.7981218759282145,-0.0320532937982149,0.21068051767667634,0.14350826846419976,4.800713307712033,0.8134914942815282,1.417498249054532,Luxury Goods,Consumer Cyclical,ELA
2020Q4,2020,Q4,2021-03-23,2020-12-31,1658796.0,28736381.0,1701888.0,0.06160943867196055,6513028.0,0.22664746823895465,40579092.0,17578442.0,23510348.0,6052763.0,23000650.0,10006897.0,-22863804.0,140006781.20000002,151005398.20000002,0.6528819362643843,3.8842340266750903,0.49820368085121275,1.1500821858956556,0.03868177828186222,0.6528819362643843,0.09436535956940893,4.872109024445354,21.100662950718476,7.964686585989817,0.0,2.220803611748977,0.0,0.70815731904499,1.993247546616314,0.0408780955473326,-438.06192393736023,0.22664746823895465,-0.3839056132803945,1.8466299019574712,-0.2082594526124471,1.0736885119404238,-0.09079058441127862,-0.4442566797908352,-0.453461882077444,1.210946798797758,0.9892572808786286,1.2664968663354896,Luxury Goods,Consumer Cyclical,ELA
2020Q3,2020,Q3,2020-11-05,2020-09-30,2984824.0,38810884.0,3113942.0,0.1,7163397.0,0.18457185876003238,37118202.0,15919321.0,24047935.0,6733946.0,21198881.0,10617516.0,-24522600.0,115505594.49,125855203.49,0.5912604267485295,3.571150555706862,0.47466919329767104,1.1067599554026204,0.08064064430495162,0.5912604267485295,0.18749694160950708,2.9761134657484223,9.674405801648605,7.255685998793542,0.0,2.980686537227728,0.0,1.0456024782665927,1.7713732780155944,0.08041402436464999,137.56102946640814,0.18457185876003238,4.0,3.908435970057142,0.07269634568075736,0.5253960007985854,0.6020987829375983,4.271919939806491,3.6140540124051315,3.9427927017887843,1.475442681795629,1.272399686475405,Luxury Goods,Consumer Cyclical,ELA
2020Q2,2020,Q2,2020-08-06,2020-06-30,566174.0,20545607.0,674882.0,0.02,4471258.0,0.2176259869080529,29182609.0,12934497.0,19882002.0,5248638.0,16248112.0,9364073.0,-27507424.0,164238724.1,173346348.1,0.48040090503844823,3.788030723399099,0.4852287538787228,1.0947654941664913,0.021804593873041744,0.48040090503844823,0.04377240181817662,7.99386088228009,72.52131151377492,12.697727951848455,0.0,1.716598001745608,0.0,0.7040359893798392,1.5070827898590071,0.01940107548300428,-335.0244969187869,0.2176259869080529,-0.5,3.855959844290147,-0.3737704477610344,0.12533004210978776,-0.15657011136932966,-0.5178005517187342,-0.47939871223148667,1.1348721530799053,0.2265843847367555,1.0200991829502917,Luxury Goods,Consumer Cyclical,ELA
2020Q1,2020,Q1,2020-05-12,2020-03-31,1174149.0,25829143.0,1296351.0,0.04,5301280.0,0.2052441306318216,26985483.0,12368323.0,17312258.0,3238180.0,14617160.0,9397523.0,-28073598.0,67849440.12,74636320.12,0.45937260358928955,5.346292670574211,0.3976510259238273,0.8676038780681908,0.048406510876217126,0.45937260358928955,0.09493194833284997,2.6268560331250637,14.446514054008476,5.485742903059696,0.0,2.1843908229860145,0.0,0.9571495533357695,1.9814062220136002,0.04351039408855495,67.66883200737233,0.2052441306318216,0.34441081745052904,1.6687841615620413,-0.08757983168984666,0.0590661569669459,-0.03359911448009886,0.46571486350858093,0.284100679517404,4.344596461149641,0.7066530183357358,1.0176357526403246,Luxury Goods,Consumer Cyclical,ELA
2019Q4,2019,Q4,2020-03-26,2019-12-31,801076.0,22206329.0,1009540.0,0.029752810287449135,5485591.0,0.24702826838240574,27003394.0,11194174.0,18351349.0,4808939.0,15809220.0,9509454.0,-29247747.0,36347914.35,42651415.35,0.4157634673198244,3.816091033801843,0.4004741403987958,0.9660526091518677,0.03798033468557336,0.4157634673198244,0.07156186780730762,1.63682679609043,11.343466272238839,3.2470385354024334,0.0,1.7583278703488128,0.0,0.8223532567794997,1.5613429490371993,0.029665752386533337,16.714297568355512,0.24702826838240574,-0.25617974281377165,0.3392272825769957,-0.44292732096369786,-0.16403493030592228,0.05767659368038355,-0.22636857480866268,-0.17585207559492225,1.2898066120064646,-0.027549812457914966,-0.13004809525246752,Luxury Goods,Consumer Cyclical,ELA
2019Q3,2019,Q3,2019-11-13,2019-09-30,1035475.0,22861201.0,1224950.0,0.04,5186454.0,0.22686708366721417,26583957.0,10393098.0,16208994.0,4018118.0,16190859.0,11230400.0,-30048823.0,32309257.2,40770520.2,0.38601065703237525,4.033976602976817,0.41440941241365986,1.0599959704026654,0.04652361773042464,0.38601065703237525,0.09963102435866572,1.4132790836316955,7.800588425601776,3.108722461772226,0.0,1.5738305848411454,0.0,0.8599623073419808,1.1438860182801998,0.03895112379244369,35.774678784496615,0.22686708366721417,1.0,1.617686035268504,-0.39091775575024107,-0.17635075031417644,0.5411496397811201,0.7564505103243787,1.0289799859870439,1.3148187649505707,-0.007437620088912754,2.9809431932768917,Luxury Goods,Consumer Cyclical,ELA
2019Q2,2019,Q2,2019-08-19,2019-06-30,589527.0,20937437.0,603727.0,0.02,3365315.0,0.1607319463217967,25316964.0,9357623.0,14627099.0,3475926.0,15959341.0,11112806.0,-31084298.0,35001695.300000004,44242565.300000004,0.34755201985887807,4.208115765410426,0.43114170403686636,1.166449962773666,0.024196870568101332,0.34755201985887807,0.062999652796442,1.6717277907510841,14.84312648106024,3.740447258881877,0.0,1.5812497761591446,0.0,0.8270121567499168,0.8991468748183937,0.023285848966724445,-12.459542372495221,0.1607319463217967,1.0,1.0600494715952329,-0.45798308664129667,-0.2352376444302146,0.5169449199948433,0.6623486119531349,0.4987587446439831,1.502716257027408,-0.3813898248765238,0.5974142710665192,Luxury Goods,Consumer Cyclical,ELA
2019Q1,2019,Q1,2019-05-20,2019-03-31,354635.0,16019530.0,402818.0,0.01,2218482.0,0.1384860854219818,14697984.0,8768096.0,11231802.0,4435604.0,5929888.0,10315661.0,-31673825.0,11846727.64,13314271.64,0.32565636327906666,2.5321922335717977,0.030808306771867487,0.05164405134250355,0.03505701497039223,0.32565636327906666,0.04044606719634457,0.7395178035810039,8.351352545575027,1.3511174649547633,0.0,1.337873355861539,0.0,1.0899134194186086,0.1464312413822334,0.02412813893388372,-12.158208791017067,0.1384860854219818,-0.4940975563927434,1.3071117986790777,-0.6353475488760386,-0.6013636684061748,-0.11616692608848601,-0.33364962749316524,-0.06399105858624352,1.2346363844945358,-0.3785905621702687,0.25260567108843296,Luxury Goods,Consumer Cyclical,ELA
2018Q4,2018,Q4,2019-04-12,2018-12-31,532205.0,13607813.0,430357.0,0.01976665684533286,2510069.0,0.18445792869140692,13018098.0,8413461.0,11394474.0,4604637.0,4604637.0,9765094.0,-32028460.0,12385215.26,10931274.26,0.3124848441269643,2.4745650960108256,0.0,0.0,0.047835705287324386,0.3124848441269643,0.06325636976269337,0.9101547221438154,5.817878101483451,1.472071393686855,0.0,1.1364707805168082,0.0,1.0452996282559863,0.3362449635009231,0.040881932214675294,12.70185992609769,0.18445792869140692,1.9883328422666429,1.594116346539103,-0.7510873248612755,-0.6350184943987964,0.013281290053282598,2.0753658270459443,1.896616310296909,1.2716311511308658,-0.6250795354722135,-0.007483289966267242,Luxury Goods,Consumer Cyclical,ELA
2018Q3,2018,Q3,2018-11-19,2018-09-30,-494906.0,13659395.0,-479979.0,-0.02,2477169.0,0.18135276123137226,11885367.0,7881256.0,10264666.0,4004111.0,4004111.0,9498441.0,-32560665.0,17231603.84,16752733.84,0.29271818728163146,2.5635318301615513,0.0,0.0,-0.05891959244359331,0.29271818728163146,-0.06279532094884369,1.2615202825600986,-8.704483194788505,2.186403263642242,0.0,1.1772696171929689,0.0,1.1492615246967133,0.14652141261818166,-0.04163994262861214,-41.18688414249383,0.18135276123137226,-3.0,0.8437076483575654,-0.7399676412378571,-0.6708949461554212,0.1308805657943152,-2.805047067791479,-2.4596392100573543,0.517759703018637,-0.6224671640895886,-0.24481475160467867,Luxury Goods,Consumer Cyclical,ELA
2018Q2,2018,Q2,2018-08-14,2018-06-30,274179.0,12733262.0,328834.0,0.01,2190478.0,0.1720280317800733,13596231.0,8376162.0,11288965.0,5220069.0,5220069.0,9422631.0,-32065759.0,19385554.32,18488308.32,0.31109951979954525,2.16260838697726,0.0,0.0,0.03842075608800126,0.31109951979954525,0.0327332494285569,1.522434260757377,17.67600210081735,2.314371942663,0.0,1.1188790052374968,0.0,0.9365288071378016,0.3120100519744088,0.020165809186384078,-4128.09930153322,0.1720280317800733,0.0,1.1104510527054243,-0.8049655818897453,-0.6910770204695736,-0.12451129213918752,-0.20805122931879103,-0.18522152596590077,2.3830451665877064,-0.6118905145610234,-0.2712552535921262,Luxury Goods,Consumer Cyclical,ELA
2018Q1,2018,Q1,2018-05-11,2018-03-31,346208.0,14055872.0,403587.0,0.01,2502006.0,0.1780043244559996,13294349.0,8101984.0,10963288.0,5192365.0,5192365.0,8600881.0,-32339937.0,22347236.23,21445295.23,0.3009162587619006,2.1114247553860332,8.815775785636439e-05,0.00014465592625213775,0.04529136934355768,0.3009162587619006,0.0427312618736349,1.5898861507845263,16.13714604370783,2.7582424539470827,0.0,1.34333517694292,0.0,1.0572817066860514,0.38378060864365277,0.02604174149482611,-60.7403801703659,0.1780043244559996,-0.6411350522815272,-0.47884861507097237,-0.7918786960617099,-0.7262513660588163,-0.18896042285466447,-0.5385523781597169,-0.4301164091093941,1.1971968012629326,-0.5034732241799129,-0.30624895075203934,Luxury Goods,Consumer Cyclical,ELA
2017Q4,2017,Q4,2018-03-21,2017-12-31,750265.0,14445784.0,708192.0,0.027865635982494825,3084937.0,0.21355275698432152,13314613.0,7755776.0,10892128.0,5558837.0,5558837.0,8597690.0,-32686145.0,25039674.330000002,23769818.330000002,0.28805772730671136,1.9594256856245291,0.0001766480182338007,0.0003032578558225508,0.0951078596503045,0.28805772730671136,0.09673629047564035,1.7333551664624087,8.343610034454493,3.2285195356338297,0.0,1.3213836507247878,0.0,1.084957106902018,0.38012375610222066,0.056348990391234054,37.99883502615489,0.21355275698432152,0.3932817991247412,1.5130523208527262,-0.825812092690019,-0.7319385471985279,0.06523920547071067,0.2424197763109523,0.054031246232636644,0.25428218691189053,-0.6376099987683804,-0.42080962611697337,Luxury Goods,Consumer Cyclical,ELA
2017Q3,2017,Q3,2017-11-08,2017-09-30,603874.0,15678361.0,671889.0,0.02,2896004.0,0.1847134403908674,12580790.0,7005511.0,10301879.0,5575279.0,5575279.0,8576593.0,-33436410.0,36078670.54,35467773.54,0.2601920913242165,1.8477782008756871,0.0003746982502688623,0.0006728988078100227,0.09178547404496856,0.2601920913242165,0.08619985037494053,2.3011761586558697,14.936340420352591,5.150041237534279,0.0,1.4903770063473922,0.0,1.2462143474296925,0.25362874216698394,0.047999688413843646,235.6235014367816,0.1847134403908674,1.0,1.509570359514808,-0.755313645311646,-0.7553453341733879,0.029275673124391135,1.2774806713181217,1.362935870157731,0.5265965251326516,-0.5822874177066246,-0.4448157922867866,Luxury Goods,Consumer Cyclical,ELA
2017Q2,2017,Q2,2017-08-11,2017-06-30,265150.0,16746927.0,284345.0,0.01,2813633.0,0.16800891291877013,12089779.0,6401628.0,10427851.0,5688151.0,5688151.0,9179540.0,-34040293.0,44954770.08,44496995.08,0.23781055360699555,1.8332584701074215,0.0007699892611767345,0.001454161347707177,0.04612057894281718,0.23781055360699555,0.04141915150333634,2.6843593502258654,42.38616828210447,7.022396502889578,0.0,1.5178640759776634,0.0,1.3852136585788706,0.16356580547879268,0.02193174912461179,9126.01909866017,0.16800891291877013,0.0,1.0498120109146185,-0.7350182001461583,-0.7851370634683236,0.12805178008059365,0.2077745791123096,-0.020060930639702792,1.0270136668250966,-0.5663784413670865,-0.47671557417595345,Luxury Goods,Consumer Cyclical,ELA
2017Q1,2017,Q1,2017-05-15,2017-03-31,219536.0,15123845.0,290166.0,0.01,2494241.0,0.16492108984190199,12209145.0,6125838.0,10515455.0,6083307.0,6083307.0,9540577.0,-34305395.0,40089390.19,39636589.19,0.22767865953413247,1.7285754278059615,0.0007721261398730214,0.0015388914953350056,0.04404077138767949,0.22767865953413247,0.035837709061192935,2.6507406145725505,45.65241029944975,6.5443111930155515,0.0,1.3237777966678534,0.0,1.2387308857417945,0.10776243908124315,0.017981275511102537,-42.39719680361095,0.16492108984190199,1.0974047860375449,-0.8002233270679713,-0.7914505972886671,-0.8253805805309165,0.2413062216577551,1.1730300274122893,1.245668547354732,1.190249357662526,-0.6554961096342081,-0.7212982890768522,Luxury Goods,Consumer Cyclical,ELA
2016Q4,2016,Q4,2017-04-14,2016-12-31,-1268774.0,10481616.0,-1181128.0,-0.1026643597999946,2009368.0,0.19170402731792502,12912677.0,5906302.0,11136969.0,7005301.0,7006375.0,9384136.0,-34524931.0,15324497.84,13926079.84,0.47791546297088977,1.5897916449271774,0.0009750108362502988,0.002131621444348765,-0.20034957116038674,0.47791546297088977,-0.21481698700811439,1.4620358005864744,-3.019548367163892,2.594601129437675,0.0,0.9028266427511281,0.0,0.811730673662789,0.24235989288682955,-0.09825801419798544,45.17635670592397,0.19170402731792502,0.14446366833337834,-319.74042433046867,-0.7839860284396801,-0.6493233341734063,0.07592071022392614,0.15959926476676217,0.1684639088380384,-2.085730421760738,-0.5822965279420022,-0.4417959510563027,Luxury Goods,Consumer Cyclical,ELA
2016Q3,2016,Q3,2016-11-14,2016-09-30,-1509725.0,10572071.0,-1420417.0,-0.12,1867580.0,0.17665223776873992,12466221.0,1198334.0,10611015.0,11263616.0,11267887.0,9148168.0,-33256157.0,10381111.44,9256021.44,0.09696462327929696,0.942061146260668,0.0013418661517391678,0.013959380272945606,-1.1604741931939677,0.09696462327929696,-1.2598532629467243,0.9819373555096252,-1.7190401298249682,8.662953266785387,0.0,0.9515009999816356,0.0,0.8480574024798694,0.1214125197449913,-0.12110526518020176,-19.818467459575036,0.17665223776873992,-1.9999999999999996,-10.846195113118364,-0.7980472996717493,-0.9609211325576776,-0.18155221013070064,-1.8114897278131192,-2.37440104148107,-0.03870928532967884,-0.5615327476050603,-0.890982012898811,Luxury Goods,Consumer Cyclical,ELA
2016Q2,2016,Q2,2016-08-15,2016-06-30,-536984.0,15498406.0,-420939.0,-0.04,2281856.0,0.14723165724268678,15357732.0,2682431.0,11055561.0,10364507.0,12675301.0,9637714.0,-31746432.0,313771930.2,316551465.2,0.21757162569158328,1.0666750478339202,0.250283310061668,1.4329479490805168,-0.06623623216143927,0.21757162569158328,-0.2001855779328527,20.245432349623567,-146.08067009445344,116.97297347070624,0.0,1.371336605340229,0.0,1.0091598160457547,0.12163000131120563,-0.03496505864277356,-746.8466356761851,0.14723165724268678,0.3333333333333333,-1.772040760667682,-0.6197061359426088,-0.8903338297407464,0.06180099700192132,0.22213546834779258,0.26803019421747,0.5275928720755634,-0.48158442334608287,-0.7839505669657391,Luxury Goods,Consumer Cyclical,ELA
2016Q1,2016,Q1,2016-05-16,2016-03-31,-690331.0,11774516.0,-575077.0,-0.06,2149043.0,0.18251646182314415,16440132.0,3197143.0,12086467.0,10929074.0,13242989.0,10250004.0,-31209448.0,310880825.28000003,313240329.28000003,0.2599831461692908,1.1059003717972813,0.23609919920351005,1.2140532969591913,-0.08359168547447669,0.2599831461692908,-0.21592121465946315,26.40285386507607,-112.58397250014848,97.23707237367863,0.0,0.939070170118958,0.0,0.7162056849665197,0.1545374292460642,-0.04199059958885975,-1606.5777384563708,0.18251646182314415,0.14285714285714296,-2.852459630406727,-0.6138102458599964,-0.861913089542058,-0.11806779866904361,0.22852097919681721,0.31218372162838737,-3.2751657134832164,-0.6182925206795002,-0.76348891414376,Luxury Goods,Consumer Cyclical,ELA
2015Q4,2015,Q4,2016-03-30,2015-12-31,-894815.0,16576127.0,-836091.0,-0.07,2436744.0,0.14700321733780153,16154010.0,3871424.0,11654612.0,9965563.0,12282586.0,9565506.0,-30519117.0,310977119.34,313143022.34,0.31484088979856456,1.169488567780867,0.24257840622854634,1.012189313286274,-0.10585684748377802,0.31484088979856456,-0.23113329875518673,18.760541551111427,-86.88307620569614,80.32628803768328,0.0,1.4781636224994266,0.0,1.0261307873401093,0.19894099309793134,-0.05539274768308303,692.8725117473925,0.14700321733780153,-0.7500000000000001,0.6051920546564558,-0.49723289526806114,-0.8325538785676906,0.02095032515048763,-0.9091504550904848,-1.1811429927972723,-7.5627554273174225,-0.5623508686011763,-0.7070146074198194,Luxury Goods,Consumer Cyclical,ELA
2015Q3,2015,Q3,2015-11-12,2015-09-30,-468698.0,16523826.0,-383327.0,-0.04,2386741.0,0.14444239487876476,16810864.0,4766239.0,12359226.0,9724537.0,12044625.0,10678270.0,-29624302.0,309132652.44,311745628.44,0.387611103240725,1.2709320762520622,0.23527214306177244,0.8298215846918293,-0.0456088634564843,0.387611103240725,-0.09833707457808977,18.70829748751893,-164.8890396587995,64.85882316014786,0.0,1.3239115512156931,0.0,0.9829254463066265,0.1551977230381251,-0.027880660982088724,-3836.8208072483553,0.14444239487876476,-4.432602060028796,-3.706135782963574,-0.2702683806748129,-0.8085999616350598,-0.07100914845849408,-4.191028906855688,-7.393225460357776,0.13400168338304666,-0.43534155915844003,-0.6355351753721118,Luxury Goods,Consumer Cyclical,ELA
2015Q2,2015,Q2,2015-08-13,2015-06-30,-90290.0,14942637.0,-45671.0,-0.007362954171502113,2569176.0,0.1719359173350728,16439402.0,5234937.0,12064247.0,7360681.0,11204465.0,10259796.0,-29155604.0,307426916.87,309973171.87,0.42689778737070283,1.6390123413852604,0.2427737334971187,0.7623883534797076,-0.004872989947302571,0.42689778737070283,-0.017247581011958692,20.57380614077689,-851.220835280762,58.72600126228836,0.0,1.2060143301094877,0.0,0.9089525884214037,0.2195828076233707,-0.005492292237880672,1032.2366645961065,0.1719359173350728,0.8948149404071127,-1.009696253874141,-0.4223964026194947,-0.7877212623548274,0.10114637385923007,0.8869253436760722,0.934142676687566,0.9627647863455997,-0.4809849890058592,-0.6142958720623987,Luxury Goods,Consumer Cyclical,ELA
2015Q1,2015,Q1,2015-05-13,2015-03-31,-798499.0,12875149.0,-693484.0,-0.07,2333183.0,0.1812159999080399,17250469.0,5311594.0,12861273.0,8057373.0,11938875.0,11442658.0,-29065315.0,312019900.92,314866877.92,0.4337525097628314,1.5962116933149304,0.23340837863596636,0.7580406183153305,-0.07674358476094927,0.4337525097628314,-0.1503313317998326,24.234274952468514,-97.68950897872134,58.743175950571526,0.0,0.9212864703288345,0.0,0.7463651567966065,0.14819904700949058,-0.04628853858987834,-321.90761522938584,0.1812159999080399,-4.5,-3.926722267876254,-0.40400141449118193,-0.6534593094507176,-0.2921612629303924,-3.9367485720800737,-5.227066037620841,-2.5965176218870725,-0.6099149493060909,-0.6673310902171364,Luxury Goods,Consumer Cyclical,ELA
2014Q4,2014,Q4,2015-03-26,2014-12-31,271899.0,18119787.0,164058.0,0.02,3296207.0,0.1819120169569322,18908601.0,6086843.0,14386910.0,8902162.0,12821758.0,11144157.0,-28266816.0,310739602.79,312617295.79,0.49734550209373396,1.6161141529439702,0.21482964286992992,0.6673620463021636,0.013428994191264343,0.49734550209373396,0.04466995452322329,17.14918628955186,285.712344280413,51.05102970291824,0.0,1.3301661130581703,0.0,0.9582827941633546,0.3469394288713236,0.014379646595747617,1164.4249357905428,0.1819120169569322,1.0,1.1454073353695882,-0.341685022956271,-0.6068101996645017,0.051621280593924526,0.5140238435966968,0.6748131814283964,67.97491089560842,-0.6229166587043218,-0.6350662911095071,Luxury Goods,Consumer Cyclical,ELA
2014Q3,2014,Q3,2014-11-13,2014-09-30,179587.0,17040249.0,97956.0,0.01,3134405.0,0.1839412675249053,18188207.0,5728693.0,13600893.0,10807745.0,12459514.0,11196056.0,-28538715.0,312679278.71999997,314823833.71999997,0.4686590283177176,1.258439480206093,0.22516837421082792,0.7148941303016237,0.008852630701296707,0.4686590283177176,0.031348686340845984,18.349454794938733,435.27549143312154,54.58125941117808,0.0,1.242030586485098,0.0,0.9368844878442388,0.20131859143604888,0.009873815489344276,-1964.0288105123645,0.1839412675249053,1.027777777777778,-0.46439643946603015,-0.15797212561230137,-0.6668249547454121,0.04126656667281247,1.0403363250857995,1.223433155494933,0.18416301390258827,-0.6708972314335224,-0.8111201444002715,Luxury Goods,Consumer Cyclical,ELA
2014Q2,2014,Q2,2014-08-13,2014-06-30,-4452240.0,17518412.0,-438413.0,-0.36,3010185.0,0.17182978685510994,18857354.0,5549107.0,14201575.0,9317192.0,13308247.0,11517687.0,-28718302.0,316371386.27,318356738.27,0.4544575413887034,1.5242333741753953,0.21896401796349582,0.7440984648520924,-0.049216837533446536,0.4544575413887034,-0.8023345017495608,18.05936441442295,-17.76473113926922,57.01302682936191,0.0,1.25964761848451,0.0,0.928996295026333,0.24979231940266983,-0.23610099274797514,-10193.033902635478,0.17182978685510994,-8.0,-6.200272203389786,-0.34785369058778404,-0.6694474064600504,-0.3210737922622506,-7.513245299037435,-0.05712756286756639,-7.463294866132695,-0.5659662124099866,-0.7709323633028159,Luxury Goods,Consumer Cyclical,ELA
2014Q1,2014,Q1,2014-05-14,2014-03-31,-522978.0,19896146.0,-414721.0,-0.04,4433744.0,0.2228443639285719,23689043.0,9961546.0,15572404.0,9701093.0,13727497.0,12222439.0,-24266063.0,301921954.40000004,303299223.40000004,0.816925948462925,1.605221597195285,0.1757020323699864,0.4178280158521579,-0.03042560518728709,0.816925948462925,-0.052499682278232714,15.174896404559961,-144.3282291033275,30.308744686818695,0.0,1.265083180206504,0.0,0.8398881288703811,0.3164675361838094,-0.022076788834399095,-951.756647941846,0.2228443639285719,-0.3333333333333334,-2.837555580386668,-0.3804907275472682,-0.3736196161295118,-0.19083432827158875,-0.2910168110790195,0.13509156470217748,-2.415297074128107,-0.34188853721934426,-0.5660996416178689,Luxury Goods,Consumer Cyclical,ELA
2013Q4,2013,Q4,2014-03-27,2013-12-31,-405090.0,24722102.0,-479497.0,-0.03,5479402.0,0.2216398104012353,24904131.0,10424324.0,16642892.0,10338621.0,14479807.0,12921857.0,-23743085.0,293675086.08,292351770.08,0.8561662422106405,1.6097787122673324,0.07594940775086671,0.1814462021709993,-0.03357618163600551,0.8561662422106405,-0.03886007380430616,11.879050012818489,-181.2406416351922,28.17209884113349,0.0,1.4891590272203137,0.0,0.9926908110144458,0.3370261856005748,-0.016265976114565088,145.543732034083,0.2216398104012353,0.75,0.9635835382077228,-0.07668108337613129,-0.331569929631264,0.2089658573286661,0.7171068344374191,0.5844124664906079,0.8194930382003544,-0.2427156377218038,-0.5446534385950634,Luxury Goods,Consumer Cyclical,ELA
2013Q3,2013,Q3,2013-11-13,2013-09-30,-1431954.0,23754623.0,-1153781.0,-0.12,4532305.0,0.19079675564625884,24817250.0,10829414.0,16396611.0,12198188.0,13987836.0,13525730.0,-23337995.0,293796841.92,293291305.92,0.8894369255717015,1.3441841525970906,0.07787849177487433,0.1784704140039341,-0.10617266096385101,0.8894369255717015,-0.13222820736191265,12.367985883000543,-51.292995780590715,27.12952352915864,0.0,1.4211667688176535,0.0,0.9571819198339865,0.21236703352989805,-0.05769994660971703,-1628.387014443915,0.19079675564625884,-0.3333333333333333,-7.975984336451107,-0.2166376449412242,-0.5917499871596009,0.09583644025095191,-0.27561807551865963,0.014827357135660284,-9.34978621752293,0.059474478518030234,-0.560801379902959,Luxury Goods,Consumer Cyclical,ELA
2013Q2,2013,Q2,2013-08-13,2013-06-30,-1122557.0,29523816.0,-1171146.0,-0.09,4135932.0,0.14008798862586055,25168984.0,12261368.0,16738469.0,7541441.0,12907616.0,13548013.0,-21906041.0,308407542.71999997,307721584.71999997,1.0070455758015386,2.21953191704344,0.07842005064646233,0.1609733106452722,-0.07532598490593286,1.0070455758015386,-0.0915523455457825,10.44605963944498,-68.6841609646548,25.152784152632883,0.0,1.8739193710546336,0.0,1.1730237501839567,0.3937699704870727,-0.044600807088597615,-358.0413882007118,0.14008798862586055,-5.5,-2.8190509116725377,-0.11132873448787964,-0.5420955893258782,-0.263276208987893,-4.736724897807012,-3.9457679044392293,-1.1214144793205696,0.14940448531665065,-0.4992375929166561,Luxury Goods,Consumer Cyclical,ELA
2013Q1,2013,Q1,2013-05-14,2013-03-31,300412.0,30541146.0,397569.0,0.02,5613952.0,0.1838160231446456,26122195.0,13383925.0,17887410.0,7341721.0,12738270.0,13266637.0,-20783484.0,326914430.40000004,325308534.40000004,1.0992429603376725,2.436405578474039,0.0749402567433556,0.14626531454711528,0.021714545721684925,1.0992429603376725,0.022445732473844557,10.704065603825084,272.0550697042728,24.42590125094096,0.0,1.8789384227517494,0.0,1.169164612698129,0.5883903787681389,0.01150025868806201,-254.0332943765464,0.1838160231446456,0.8036927794732007,-0.5089310376468156,-0.2719727480822689,-0.49804084580969304,-0.23690009694469258,1.2252081419809784,0.1799680647727138,2.86420663943619,0.42190756283062514,-0.121774731020826,Luxury Goods,Consumer Cyclical,ELA
2012Q4,2012,Q4,2013-03-28,2012-12-31,135004.0,37502187.0,336932.0,0.011088362845163322,7356772.0,0.19616914608206715,26114872.0,13083513.0,17884026.0,7604939.0,13031359.0,11932729.0,-21083896.0,324714904.29,321822113.29,1.074595859629428,2.3516330637234564,0.0772853108374416,0.15426254401245293,0.005782799273635832,1.074595859629428,0.010318635369567791,8.658559147230534,601.3060803568783,24.81863275482663,0.0,2.526280032002738,0.0,1.4360471305392575,0.7402541953327962,0.0051696213559844365,214.656317289386,0.19616914608206715,1.277209071129083,2.29771843782697,0.12860739460111642,-0.5451841470606559,0.1890038063200331,1.2519248353206816,1.8492385556502144,1.072573829477021,0.36959430207242894,-0.15044947685197674,Luxury Goods,Consumer Cyclical,ELA
2012Q3,2012,Q3,2012-11-13,2012-09-30,-535890.0,28975063.0,-396746.0,-0.04,6187341.0,0.2135402086960087,24488633.0,12948510.0,16197392.0,6075231.0,11540123.0,11692290.0,-21218899.0,340055765.91,339361817.91,1.0635075789178523,2.66613598725711,0.08501960889364465,0.16079178222050258,-0.02633534663307745,1.0635075789178523,-0.04138622899468742,11.736152770746349,-158.64065662262777,26.262154171406593,0.0,1.948952856968139,0.0,1.1832045912893545,0.693859377528196,-0.021883214142659577,346.5395203354768,0.2135402086960087,0.7999999999999999,-1.8919981710892857,0.21168343457994968,-0.5466602637430753,0.5420441189225078,0.777411058295383,0.812925548568648,-2.60458809876298,0.4374550563780502,-0.24394033972532567,Luxury Goods,Consumer Cyclical,ELA
2012Q2,2012,Q2,2012-10-31,2012-06-30,-2407532.0,28584697.0,-2120792.0,-0.2,4012428.0,0.1403697929699937,24358645.0,13475455.0,16020816.0,8594837.0,10883190.0,12917775.0,-20683011.0,334937991.36,338924241.36,1.1068011889148508,1.8640046344101697,0.23453726592755877,0.42395674209145445,-0.1102903614815596,1.1068011889148508,-0.17866053502460585,11.717388201106347,-34.78022216942496,24.85541240425648,0.0,1.9022059913568707,0.0,1.1734929015961273,0.33488441956490855,-0.09883686058892027,-224.08555588858678,0.1403697929699937,-6.0,-4.787082267057539,-0.006721198329098467,-0.703301706601783,-0.4035793018906095,-5.841683576302511,-3.195909678274411,-3.820171643802403,0.06718536631574437,-0.19496109051036234,Luxury Goods,Consumer Cyclical,ELA
2012Q1,2012,Q1,2012-10-31,2012-03-31,497251.0,32814664.0,965792.0,0.04,6727513.0,0.20501544675270789,24741309.0,15874047.0,16530426.0,6476693.0,8867262.0,11458174.0,-18275477.0,332977744.15000004,335462168.15000004,1.3038564681200482,2.552294203229951,0.23599406159148653,0.3678206320039244,0.04438510449658198,1.3038564681200482,0.03132477811108913,10.147223940796714,167.409288342306,20.9762352442323,0.0,2.276728473489755,0.0,1.326310746129075,0.6068890404408546,0.02009800694053819,-138.0137965615274,0.20501544675270789,123.18737133370227,0.1000936050817697,0.29327500086933217,-0.06611733675673738,-0.20686117108681798,136.5902047592695,-0.6210511777409472,0.7499228699073286,0.023370729922735867,-0.0002642019760497368,Luxury Goods,Consumer Cyclical,ELA
2011Q4,2011,Q4,2012-10-31,2011-12-31,3614.0,44054211.0,2548608.0,0.00032209394216515397,8482138.0,0.19253864290067527,27648573.0,15291490.0,19385164.0,9854943.0,12357083.0,11635225.0,-18772728.0,305529558.67,305404137.67,1.3628379346095822,1.9670498347884915,0.21498292154173743,0.3887110412392775,-0.0011085253603080034,1.3628379346095822,0.00023634060513396668,6.935308832792398,21135.138258854455,19.98036546275085,0.0,3.0572741824932477,0.0,1.5933629196703931,0.7764107818786978,0.00013071199009077249,292.7456489270066,0.19253864290067527,-0.9677906057834846,-0.9811373221638104,0.5803330923790986,0.0027942174359198778,0.525535030171182,-0.9740392213203074,0.33917216027138564,1.0003525482663247,0.7854100570662541,0.06400113858745685,Luxury Goods,Consumer Cyclical,ELA
2011Q3,2011,Q3,2011-11-14,2011-09-30,139210.0,47528207.0,1903122.0,0.01,5560107.0,0.1169854145770742,42494735.0,27840494.0,28473704.0,11918450.0,14654241.0,20877185.0,315125.0,298797361.27,301536024.27,2.48125469404685,2.389044212963934,0.20492663385240548,0.3127926896699462,0.10411002017832416,2.48125469404685,0.005000270469338655,6.286737500322703,536.5946434702967,10.732473398999314,0.0,2.010237491309293,0.0,1.11844930907323,0.5918830049209419,0.003275935242330609,57.12403217977328,0.1169854145770742,-0.7999999999999999,-0.4360668599783585,1.1659194656724237,0.84581043831662,0.3759831222584497,-0.7549546821944767,0.9516477701571884,-0.26407920812659014,0.7007880503403301,0.13889161960958746,Luxury Goods,Consumer Cyclical,ELA
2011Q2,2011,Q2,2011-08-11,2011-06-30,568099.0,33286691.0,975136.0,0.05,4040825.0,0.12139461384130973,30641258.0,19978312.0,20349772.0,7748485.0,10662946.0,18657840.0,175914.0,262826843.4,269325193.4,1.9839447769283676,2.6262904296775433,0.22476143113967448,0.3447224670432617,0.023678511968117218,1.9839447769283676,0.028435785766084742,7.89585373325333,115.66066979522935,13.155608111436042,0.0,1.5674840174425335,0.0,1.0863356524069605,0.1540503724276423,0.018540328859866003,-263.9374923678841,0.12139461384130973,0.6666666666666669,0.023681989977803082,0.2945138262566168,0.5004259958963853,0.22428911804948753,0.8773181499742244,0.7732582667772299,0.11306638264588165,0.2114342883447278,-0.09789875878624732,Luxury Goods,Consumer Cyclical,ELA
2011Q1,2011,Q1,2011-05-06,2011-03-31,302612.0,24758244.0,549912.0,0.03,3300548.0,0.13331107004196258,31114238.0,18801265.0,20504334.0,9217023.0,12312973.0,17833595.0,-392184.0,253446329.7,259031064.7,1.8827501122814643,2.224615692073243,0.22717773130102045,0.3759567241885054,0.013882001475953507,1.8827501122814643,0.016095299970507303,10.236845945132456,209.38225326490686,13.480280699197634,0.0,1.2032176350309627,0.0,0.79572072438348,0.20222972211309442,0.009725836769648673,303.90851519744444,0.13331107004196258,1.1627621769959549,0.002758141881271938,0.2531037785897717,0.4866249993445373,-0.10658994360541002,1.1669568710014147,1.139340176959937,-0.39687578192651973,-0.2804225274567894,-0.14025953496013424,Luxury Goods,Consumer Cyclical,ELA
2010Q4,2010,Q4,2011-04-15,2010-12-31,-1812516.0,26366391.0,-3946543.0,-0.18431800651539335,3694326.0,0.14011496681513977,30260134.0,18489711.0,19448201.0,8452776.0,11770423.0,17046716.0,-694796.0,243830880.006,250249571.006,1.8802519109159532,2.3008063859730816,0.24091628278975896,0.39428193334119715,-0.07005133430652437,1.8802519109159532,-0.09802835750109885,9.247791250838995,-33.63154863267414,13.187381890717491,0.0,1.329996053198751,0.0,0.8713243305531958,0.19701657774913237,-0.05989781803345617,-171.50342612148896,0.14011496681513977,-19.431800651539334,-6.530598297548121,-0.11624160761674728,0.5216700001687078,0.33666130457340965,-14.085907774946032,-18.622901261029543,-20.571523120103524,-0.01756888768444864,-0.2041953549877125,Luxury Goods,Consumer Cyclical,ELA
2010Q3,2010,Q3,2010-11-15,2010-09-30,138509.0,18108477.0,223944.0,0.01,2763846.0,0.1526271922260497,28175558.0,19914448.0,19047793.0,5523105.0,8261110.0,16027897.0,1117720.0,36482785.85,41873702.85,2.025135974642134,3.448747217371388,0.21336542829071922,0.30187580393892915,0.008637769343046773,2.025135974642134,0.006955201570236845,2.0146799672882487,65.84912505685551,1.8319757519766553,0.0,0.9573702027159271,0.0,0.6427016281274713,0.26123367200152814,0.004915927485801701,-1651.7016411626223,0.1526271922260497,-0.986111111111111,-0.24410933050421338,0.2540432425492805,0.6749161089015685,-0.050603195976861456,-0.9814512012144723,-0.1451931812109229,-0.7145490926760638,-0.062412452956119906,-0.1367484098582158,Luxury Goods,Consumer Cyclical,ELA
2010Q2,2010,Q2,2010-08-16,2010-06-30,7467276.0,20745499.0,261982.0,0.72,2911160.0,0.1403273066605918,28016852.0,19775683.0,18849143.0,5225990.0,8241169.0,15539723.0,978955.0,31172622.95,36492039.95,2.011024712631697,3.606808088036908,0.22447707544016723,0.31802395902078323,0.008430828286063697,2.011024712631697,0.37759889253888224,1.5026210239628364,1.0436410462797947,1.5763108131334833,0.0,1.1476613193169531,0.0,0.7404650244074531,0.3575999954075687,0.26652801678075755,-700.3195306883537,0.1403273066605918,73.0,46.032061253471376,0.524218057448846,0.6975829502594617,0.19858088576476252,58.373942574394356,3.513450763681019,13.54302034280968,-0.10747334243166284,-0.46090805991592815,Luxury Goods,Consumer Cyclical,ELA
2010Q1,2010,Q1,2010-05-17,2010-03-31,-130151.0,17347554.0,-104232.0,-0.01,2428839.0,0.14001045911141133,30046303.0,12308407.0,19722003.0,6198040.0,17737896.0,16627447.0,-6488321.0,22125678.75,36276553.75,1.2516640082736445,3.181974140212067,0.5023534176567414,1.2263051587423133,-0.002510495996896005,1.2516640082736445,-0.010574154722052984,1.275435069981624,-42.500016807400634,1.7976070136452262,0.0,0.8972342537011244,0.0,0.5773606822776166,0.2650476602280721,-0.004331681005812928,-50.49530379553281,0.14001045911141133,0.9345495538967888,-1.4318985987345225,0.29023469597550805,0.07117707344535767,-0.09632329140203814,0.9133744438269366,0.9309632700911707,-1.3564882960198636,-0.153542883252674,-0.10350000470703262,Luxury Goods,Consumer Cyclical,ELA
2009Q4,2009,Q4,2010-03-31,2009-12-31,-1502455.0,22115641.0,-1509805.0,-0.15278734669326247,2687730.0,0.12153073021939541,31655950.0,12438558.0,21308989.0,7612249.0,19217392.0,17766285.0,-6358170.0,13865425.35,27578127.35,1.264899297157155,2.79930267651518,0.4788807791268308,1.2187446486964164,-0.045907147219753947,1.264899297157155,-0.12079012695844647,0.6269510953808664,-2.3071282251381904,1.1147132448954291,0.0,1.0935269247341242,0.0,0.6986250925971262,0.27535016261291506,-0.047462009511639994,25.463574065231764,0.12153073021939541,-6.092911556442083,-15.539725970752407,0.18583338814189768,0.11165753781969881,-0.1023845306081555,-6.569991213793973,-3.0659958838951926,-9.9476333480481,-0.09478395051787188,-0.06927033023091787,Luxury Goods,Consumer Cyclical,ELA
2009Q3,2009,Q3,2009-11-16,2009-09-30,269741.0,16280397.0,730788.0,0.03,2994300.0,0.18392057638397885,30006135.0,13832434.0,19306497.0,4522314.0,16173701.0,15603916.0,-4855715.0,13963761.7,27997077.7,1.4066450503806578,4.269163308872405,0.5072136081504666,1.1002777963733643,0.015372441794396828,1.4066450503806578,0.019500617172653778,0.8577040043925218,12.94182354554925,1.0094941859111708,0.0,0.8514591465373179,0.0,0.542568944650819,0.5740366546860745,0.008989528308127654,823.1893945646407,0.18392057638397885,-0.5714285714285715,0.22810744479756254,0.2896096243795132,0.2145716257269467,-0.12632628123056022,-0.6087897967234418,-0.3211551698672664,0.24679672790417131,-0.15346021868556567,0.04640612800791406,Luxury Goods,Consumer Cyclical,ELA
2009Q2,2009,Q2,2009-08-14,2009-06-30,689504.0,21633859.0,1076517.0,0.07,3427252.0,0.15842074222634067,30235040.0,13519693.0,19690613.0,4992062.0,16715347.0,15773614.0,-5125456.0,10816998.5,24875740.5,1.3748418565464349,3.944384705157909,0.5061548785779678,1.1319497417581894,0.029374821729291446,1.3748418565464349,0.05099997462960143,0.500003189444842,3.9220216633986174,0.8000920213203067,0.0,1.1542444870275133,0.0,0.715522751086157,0.5417625021484108,0.022804798670681435,-23.109738693488808,0.15842074222634067,2.5,2.418518919543769,0.7385699218601616,0.19298871019774186,-0.0028823222900075324,2.004165286951672,0.275432117634096,0.2723100429364402,-0.13844066739531083,0.03977110945724732,Luxury Goods,Consumer Cyclical,ELA
2009Q1,2009,Q1,2009-05-14,2009-03-31,229516.0,25899488.0,844041.0,0.02,3437159.0,0.13271146518417662,31662836.0,12825037.0,21098149.0,7041652.0,18837799.0,16697062.0,-5814962.0,8358589.75,23287886.75,1.304201040612144,2.996193080828192,0.5005429709454958,1.2357554991849147,0.026854749399417562,1.304201040612144,0.017895932775866454,0.3227318528458941,9.104582850433085,0.6517400105746283,0.0,1.3452863144426246,0.0,0.8179775178698458,0.3869760959502117,0.0072487505541196625,10.388232161477267,0.13271146518417662,1.0218910212315615,-0.3824648031309303,0.8763591371159994,0.14055529286895357,1.0414210531629873,1.0255467059179189,-0.45531826195595776,-0.227669258328466,0.33118582306062966,0.029800958978947776,Luxury Goods,Consumer Cyclical,ELA
2008Q4,2008,Q4,2009-03-31,2008-12-31,-8984172.0,21625091.0,1549604.0,-0.9136165822709507,1683709.0,0.07785904808446818,31343915.0,12595523.0,20696595.0,7032627.0,18748392.0,16052833.0,-6044476.0,16717179.5,32574565.5,1.280861349846725,2.942939388083571,0.51371422491415,1.2783760547299228,0.0563976575817649,1.280861349846725,-0.7132829657013845,0.7730455099587789,-0.46518420117068104,1.3272318664338114,0.0,1.2422344392419706,0.0,0.6899294807301513,0.3655484643220805,-0.28663209429964315,-6.869529850924132,0.07785904808446818,-46.68082911354753,-5.831469879903146,0.13415985288706342,0.1736004123552082,-0.56001536553912,-55.191379247946145,2.6096651937022033,-28.413742205905763,-0.27516224509825615,0.03658891615639432,Luxury Goods,Consumer Cyclical,ELA
2008Q3,2008,Q3,2008-11-13,2008-09-30,165786.0,24491181.0,429293.0,0.02,3826745.0,0.15624991706198244,40788416.0,21424122.0,22122361.0,4629741.0,19364294.0,15099533.0,2939696.0,25272441.95,38761575.95,2.178657434407521,4.778315028853666,0.3781379252383814,0.7199196774551602,0.007689323210373751,2.178657434407521,0.007738286777866556,1.0318996846252535,38.11003635711097,1.1796255617849822,0.0,1.3685480206573277,0.0,0.6004445232685672,1.360640692427503,0.0040645363624809555,126.2725562350731,0.15624991706198244,-0.6,-0.1262838891067456,1.1954711030379161,1.187652863294711,-0.08088311234148561,-0.6616087393146692,-0.4351920680885551,-0.0952494745249155,0.6960564952591723,0.8018881094204817,Luxury Goods,Consumer Cyclical,ELA
2008Q2,2008,Q2,2008-08-14,2008-06-30,489924.0,26375246.0,760069.0,0.05,4163502.0,0.15785642340549164,41361564.0,21258336.0,22749001.0,6178431.0,20103228.0,15046163.0,2773910.0,28225251.439999998,41905091.44,2.199248472664802,3.6820029227485103,0.35332056108903426,0.687442845949937,0.017828983319759746,2.199248472664802,0.023046206438735374,1.070141732137778,14.402872404699504,1.327726282997879,0.0,1.476239756275404,0.0,0.6376752581212838,0.9690073418316074,0.011844909926520186,-1774.2803268795574,0.15785642340549164,0.0,3.179494703647289,1.2920178622893173,1.2470259400920196,-0.03343543370370835,0.026545557406417952,-0.17011981945193574,2.1392047313359273,0.9714186109334054,0.8564698320858838,Luxury Goods,Consumer Cyclical,ELA
2008Q1,2008,Q1,2008-05-13,2008-03-31,477255.0,32727542.0,915878.0,0.05,4307526.0,0.13161776707826087,38633565.0,20801316.0,20214741.0,4264624.0,17832249.0,15584171.0,2283986.0,47873594.160000004,61418038.160000004,2.1899051967900127,4.740099244388251,0.3690241633149827,0.6853758194914207,0.01676073234763773,2.1899051967900127,0.022943500305461443,1.4627922304705927,25.077576012823336,2.301469491641779,0.0,1.8236463139425254,0.0,0.8471271548457928,0.7535975035548269,0.012353377173450081,944.0847612849791,0.13161776707826087,6.851713440244368,12.51372987506286,2.2188081165723332,1.2513079618757381,0.023089743251745537,7.508141057110129,6.317189697047168,0.6395828224733314,1.519953019892394,0.8741261427303593,Luxury Goods,Consumer Cyclical,ELA
2007Q4,2007,Q4,2008-03-31,2007-12-31,-73332.0,23422922.0,125168.0,-0.008544505897389261,4210311.0,0.17975174062399218,36859214.0,20277581.0,18570631.0,3091732.0,16581633.0,12975782.0,1806731.0,45057374.25,58699825.25,2.3627053733607215,6.006546168943492,0.38467990663067314,0.6992450924003213,-0.0008351502294193722,2.3627053733607215,-0.003616407696756334,1.9236444645975426,-153.60747780641466,2.222029060073783,0.0,1.4806514936826158,0.0,0.6354699261899616,1.4001931603386064,-0.0019895161085095306,-9.436265318594087,0.17975174062399218,-1.2848168632463086,-1.0768646678943712,0.8331717409366635,1.443324774438348,0.4200128095255922,-1.173162749181791,-0.1172110278093196,0.07502951548717292,0.4390395272754662,1.0764650939775364,Luxury Goods,Consumer Cyclical,ELA
2007Q3,2007,Q3,2007-11-14,2007-09-30,423486.0,16856313.0,141787.0,0.03,2964981.0,0.17589736260829994,32773264.0,20133690.0,18501440.0,2845327.0,12639574.0,12437162.0,1796364.0,31668897.33,40481538.33,2.345939466279485,6.50239497955771,0.3110251392720603,0.506281213230163,0.003085676178539332,2.345939466279485,0.02103370023080717,1.8787558898556285,18.695362615293067,1.572930611825254,0.0,1.1169213683957804,0.0,0.5143312243785056,1.916989505951337,0.012921691290803382,-10.940186611467524,0.17589736260829994,-0.25000000000000006,9.17101558692244,1.0307823983186433,1.7086102898012583,0.27079346452234787,0.5242465797799397,-0.7452618491948423,1.2092047425589751,0.5299011461362141,1.0256080314255656,Luxury Goods,Consumer Cyclical,ELA
2007Q2,2007,Q2,2007-08-14,2007-06-30,277833.0,12577054.0,556599.0,0.04,2333173.0,0.18551029517723308,31392921.0,19849286.0,16423005.0,3680754.0,11543635.0,11895220.0,1511960.0,19368308.96,26656041.96,3.7303928385909018,4.461858901735894,0.26457754600153327,0.4184463864342526,0.013047694961529688,3.7303928385909018,0.013997128158665254,1.539971837602033,17.428013374941063,0.9757685470399289,0.0,0.861176253991099,0.0,0.400633442169972,1.1142350181511722,0.008850179949804608,37.22512879058701,0.18551029517723308,0.0,17.914265703938753,1.14436582733831,3.2886167291867836,0.27189148348353587,0.5230819833895239,0.45088588655125944,1.5457091874030027,0.8679311144109213,2.2369661425791376,Luxury Goods,Consumer Cyclical,ELA
2007Q1,2007,Q1,2007-05-07,2007-03-31,182415.0,10239803.0,383627.0,0.04,1834412.0,0.1791452433215756,12435606.0,6859775.0,9497639.0,5185223.0,5575831.0,8113746.0,1234127.0,11939294.700000001,16494437.700000001,1.396167333904573,1.8316741632905662,0.3762295138652672,0.6820401543782413,0.02194349857846166,1.396167333904573,0.02659198005765495,1.1659691792898752,16.36281925828468,1.7404790536132746,0.0,1.0359445563122138,0.0,0.8234261362092045,0.2135522425940022,0.014668766443710101,-13.082939890530746,0.1791452433215756,1.3425063767908652,3.5315492260622525,1.257753564389637,0.6052952097332568,-0.22694091598305216,1.1742473002932132,0.3024216683811522,-0.017684532496136145,0.4847662086229457,0.22098203638005037,Luxury Goods,Consumer Cyclical,ELA
