Year,Date,FillingDate,NetIncome,Revenue,OperatingIncome,EPSDiluted,GrossProfit,GrossProfitRatio,TotalAssets,CommonStockEquity,CurrentAssets,CurrentLiability,TotalLiability,Inventory,RetainedEarnings,EnterpriseValue,bookValuePerShare,currentRatio,debtToAssets,debtToEquity,roic,shareholdersEquityPerShare,roe,priceToSalesRatio,peRatio,pbRatio,payoutRatio,inventoryTurnover,dividendYield,assetTurnover,quickRatio,returnOnAssets,priceToFreeCashFlowsRatio,grossProfitMargin,epsdilutedGrowth,fiveYNetIncomeGrowthPerShare,fiveYRevenueGrowthPerShare,fiveYShareholdersEquityGrowthPerShare,grossProfitGrowth,netIncomeGrowth,operatingIncomeGrowth,threeYNetIncomeGrowthPerShare,threeYRevenueGrowthPerShare,threeYShareholdersEquityGrowthPerShare,Industry,Sector,Price,MarketCap,AvgVolume,Symbol
2022,2022-12-31,2023-02-17,455700000.0,4921200000.0,680600000.0,2.53,2049600000.0,0.4164837844,4359800000.0,-22100000.0,1195200000.0,981200000.0,4372100000.0,555000000.0,2988500000.0,9304217000.0,-0.126357918810749,1.2181002853648593,0.7728106793889628,-152.45701357466064,0.1383140287702266,-0.126357918810749,-20.619909502262445,1.2200920507193367,13.176030283080973,-271.68855203619904,0.15470704410796576,5.1740540540540545,0.011741551953369551,1.1287673746502134,0.5014268242967794,0.10452314326345245,83.04726141078838,0.4164837844428188,-0.17320261437908505,2.7172099852491667,1.2065204016003834,-1.242607204116638,-0.050539676657247415,-0.27029623698959165,-0.25397347363805767,1.9973433745027316,0.9748597027387926,-1.0766231607809271,"Furnishings, Fixtures & Appliances",Consumer Cyclical,43.065,7410194550,1941563,TPX
2021,2021-12-31,2022-02-22,624500000.0,4930800000.0,912300000.0,3.06,2158700000.0,0.4377991401,4323400000.0,285800000.0,1275600000.0,1053400000.0,4028400000.0,463900000.0,2604900000.0,11722710000.0,1.450761421319797,1.2109360167078034,0.6380395059443956,9.6518544436669,0.19956504292200203,1.450761421319797,2.1850944716585023,1.8789871826072848,14.835724579663733,32.41745976207138,0.10104083266613291,5.9756413020047425,0.006810643600423533,1.1404912800111024,0.6836909056388836,0.14444650043946894,15.446665555185062,0.43779914009896975,0.8658536585365855,2.7017910920110415,0.8888332501999342,23.524979962596852,0.31756591796875,0.7904243119266054,0.7145273444841195,5.863711897365961,1.0150233073594763,0.47104233587692373,"Furnishings, Fixtures & Appliances",Consumer Cyclical,43.065,7410194550,1941563,TPX
2020,2020-12-31,2021-02-19,348800000.0,3676900000.0,532100000.0,1.64,1638400000.0,0.4455927548,3308600000.0,503600000.0,968400000.0,1223300000.0,2804000000.0,312100000.0,2045600000.0,7190300000.0,2.422318422318422,0.7916291997057141,0.49628241552318203,3.2605242255758538,0.1699610860746924,2.422318422318422,0.6926131850675139,1.5266392885310995,16.09317660550459,11.146346306592534,0.0,6.531560397308555,0.0,1.1113159644562656,0.3667947355513774,0.10542223296862721,10.32995951417004,0.4455927547662433,0.9069767441860465,4.633519516512714,0.38514907656821856,1.060055777492028,0.22068246163015945,0.8406332453825858,0.5347562734352466,1.3935905573950487,0.38692849410247043,3.65085137085137,"Furnishings, Fixtures & Appliances",Consumer Cyclical,43.065,7410194550,1941563,TPX
2019,2019-12-31,2020-02-24,189500000.0,3106000000.0,346700000.0,0.86,1342200000.0,0.4321313587,3061800000.0,359500000.0,900200000.0,773300000.0,2701400000.0,260500000.0,1703300000.0,6425270000.0,1.6490825688073394,1.1641019009440061,0.5700568293160886,4.855076495132128,0.10784482461372322,1.6490825688073394,0.5271210013908206,1.5276142949130715,25.03836411609499,13.198247566063978,0.0,6.770825335892514,0.0,1.0144359527075577,0.5649812491917755,0.06189169769416683,21.125422974176313,0.4321313586606568,0.8901098901098901,0.9412810338581813,0.15895451262119953,0.9785736592695852,0.19764432943695903,0.8855721393034826,0.35271166601638704,0.015075650622591221,0.07519544514320033,26.60417672621922,"Furnishings, Fixtures & Appliances",Consumer Cyclical,43.065,7410194550,1941563,TPX
2018,2018-12-31,2019-02-25,100500000.0,2702900000.0,256300000.0,0.455,1120700000.0,0.4146287321025565,2715400000.0,214600000.0,805400000.0,669000000.0,2497900000.0,222300000.0,1513800000.0,3852560000.0,0.9862132352941176,1.2038863976083707,0.6062458569639833,7.671015843429637,0.09633204356549156,0.9862132352941176,0.4683131407269338,0.8332383735987273,22.40955223880597,10.494687791239516,0.0,7.117408906882591,0.0,0.9953966266480077,0.5490284005979074,0.037011121750018416,20.567671232876712,0.4146287321025565,-0.34767025089605735,0.41730046026044,0.21577949292365567,1.0056882997718481,-0.017533093714385904,-0.33619550858652575,-0.11130374479889044,0.5508328331332534,-0.02716256318787986,-0.16127695909514744,"Furnishings, Fixtures & Appliances",Consumer Cyclical,43.065,7410194550,1941563,TPX
2017,2017-12-31,2018-03-01,151400000.0,2754400000.0,288400000.0,0.6975,1140700000.0,0.41413738019169327,2694000000.0,112500000.0,607400000.0,576900000.0,2581500000.0,183000000.0,1416200000.0,5096460000.0,0.5208333333333334,1.0528687814179234,0.6507423904974017,15.58311111111111,0.11544893260206925,0.5208333333333334,1.3457777777777777,1.2290371768806274,22.359709379128137,30.091199999999997,0.0,8.818032786885245,0.0,1.0224201930215293,0.6233315999306639,0.05619896065330364,21.714304041051957,0.41413738019169327,-0.17455621301775145,0.6144923012900542,1.2360507203332778,4.745515695067265,-0.12883763555827096,-0.2508659079663533,-0.3058965102286402,0.5653368703873755,0.03727686479710025,-0.3751027791481664,"Furnishings, Fixtures & Appliances",Consumer Cyclical,43.065,7410194550,1941563,TPX
2016,2016-12-31,2017-02-24,202100000.0,3127300000.0,415500000.0,0.845,1309400000.0,0.4186998369200269,2702600000.0,-15200000.0,671500000.0,545500000.0,2714800000.0,196800000.0,1312400000.0,5850920000.0,-0.06440677966101695,1.230980751604033,0.6986235476948124,-124.21710526315789,0.15387654222146382,-0.06440677966101695,-13.296052631578947,1.288178300770633,19.933300346363186,-265.0342105263158,0.0,9.237296747967479,0.0,1.1571449715089173,0.753070577451879,0.07477984163398209,39.07390882638215,0.4186998369200269,1.888888888888889,0.046151185255206645,1.5071977998320836,-1.561172123265163,0.048442629513972296,1.7496598639455783,0.34422516984794566,1.6279014102729976,0.29700385917684174,-1.1309857947237547,"Furnishings, Fixtures & Appliances",Consumer Cyclical,43.065,7410194550,1941563,TPX
2015,2015-12-31,2016-02-12,73500000.0,3151200000.0,309100000.0,0.2925,1248900000.0,0.39632520944402133,2655500000.0,290200000.0,809100000.0,713000000.0,2365300000.0,199200000.0,1110300000.0,5648282000.0,1.1758508914100487,1.1347826086956523,0.5478440971568442,5.013094417643005,0.06612673605890465,1.1758508914100487,0.2532736044107512,1.379595709570957,59.148054421768705,14.980640937284628,0.0,9.549698795180722,0.0,1.1866691771794389,0.7479663394109397,0.02767840331387686,25.831146761734995,0.39632520944402133,-0.33142857142857146,-0.46672237436927244,2.250235638128364,1.6253047537998495,0.08562239221140473,-0.325068870523416,0.11871154542164314,-0.31402855425855447,1.2389232399245231,11.971269923178117,"Furnishings, Fixtures & Appliances",Consumer Cyclical,43.065,7410194550,1941563,TPX
2014,2014-12-31,2015-02-13,108900000.0,2989800000.0,276300000.0,0.4375,1150400000.0,0.38477490133119274,2662600000.0,202700000.0,766400000.0,538300000.0,2459900000.0,217200000.0,1036800000.0,4878328000.0,0.8334703947368421,1.4237414081367268,0.6017802148276121,7.904785397138628,0.09627345424136309,0.8334703947368421,0.5372471632955106,1.1166392400829488,30.656822773186406,16.470291070547606,0.0,8.468692449355434,0.0,1.1228874032900173,0.8328069849526286,0.04089987230526553,18.787439504783343,0.38477490133119274,0.45833333333333337,0.5791379026879613,3.4333797161011765,0.4499781316527202,0.13351069070844418,0.38549618320610685,0.1333059885151764,-0.45297843202433424,1.325999532419612,6.2619738722353935,"Furnishings, Fixtures & Appliances",Consumer Cyclical,43.065,7410194550,1941563,TPX
2013,2013-12-31,2014-02-21,78600000.0,2464300000.0,243800000.0,0.3,1014900000.0,0.41184109077628533,2729900000.0,118600000.0,727500000.0,441500000.0,2611300000.0,199200000.0,927900000.0,5009288000.0,0.4917081260364842,1.6477916194790487,0.672735265028023,15.484822934232715,0.07686555355224797,0.4917081260364842,0.6627318718381113,1.3203700848111026,41.39679389312977,27.43497470489039,0.0,7.276104417670683,0.0,0.9027070588666252,0.9744054360135901,0.02879226345287373,55.62030769230769,0.41184109077628533,-0.29411764705882354,0.6548613526780721,2.2919189360946,1.0291147641919147,0.4202350965575147,-0.2640449438202247,-0.018123238018525976,-0.41647909233621255,1.600760191824322,0.09782940183649019,"Furnishings, Fixtures & Appliances",Consumer Cyclical,43.065,7410194550,1941563,TPX
2012,2012-12-31,2012-12-31,106800000.0,1402900000.0,248300000.0,0.425,714600000.0,0.5093734407299166,1313000000.0,22300000.0,821100000.0,212100000.0,1290700000.0,93000000.0,849300000.0,2782335000.0,0.09065040650406504,3.871287128712871,0.7806549885757806,45.964125560538115,0.11047455361405518,0.09065040650406504,4.789237668161435,1.3804512082115619,18.133286516853932,86.8446188340807,0.0,7.401075268817205,0.0,1.0684691546077685,3.2253653936822255,0.08134044173648133,13.89264705882353,0.5093734407299166,-0.4654088050314466,-0.019975071635856254,0.6454497566041475,-0.3986694418857438,-0.03833990499132003,-0.5136789188007723,-0.2708446514414253,0.5310588849067339,1.056591190242353,-0.8422966095900447,"Furnishings, Fixtures & Appliances",Consumer Cyclical,43.065,7410194550,1941563,TPX
2011,2011-12-31,2012-01-30,219608000.0,1417938000.0,340531000.0,0.795,743090000.0,0.5240638166125741,828640000.0,30791000.0,379470000.0,183179000.0,797849000.0,91212000.0,742480000.0,3996820100.0,0.11477188012524228,2.071580257562275,0.7059760571538907,18.99905816634731,0.36981134232996243,0.11477188012524228,7.132213958624273,2.484725777854885,16.043072656733816,114.42262674158033,0.0,7.398675612857957,0.0,1.7111628692797838,1.3854153587474547,0.2650222050588917,16.221233816460707,0.5240638166125741,0.4722222222222222,1.4755701434500967,0.8997509054790679,-0.8172627331121768,0.3378715834844183,0.39748639791275575,0.3848240355914145,3.1569636815429325,0.7029496294620124,-0.5263748875711811,"Furnishings, Fixtures & Appliances",Consumer Cyclical,43.065,7410194550,1941563,TPX
2010,2010-12-31,2011-01-31,157145000.0,1105421000.0,245902000.0,0.54,555427000.0,0.5024574347691966,716003000.0,126033000.0,271480000.0,146234000.0,589970000.0,69856000.0,522872000.0,3171517880.0,0.4478911980440098,1.8564766059876636,0.5684333724858694,3.2293129577174233,0.3140150289042374,0.4478911980440098,1.2468559821634015,2.549382434384728,17.933379235737696,22.36034118048448,0.0,7.87325355016033,0.0,1.543877609451357,1.1574120929469207,0.21947533739383773,17.048953580524753,0.5024574347691966,0.9285714285714285,1.204205087920237,0.8406398856181803,-0.22416107343399239,0.4106369145277872,0.8489169696327933,0.6965193694159854,0.2606362702307081,0.13346726525668579,1.9710916308156834,"Furnishings, Fixtures & Appliances",Consumer Cyclical,43.065,7410194550,1941563,TPX
2009,2009-12-31,2009-12-31,84993000.0,831156000.0,144945000.0,0.28,393742000.0,0.4737281569284226,643379000.0,172293000.0,208983000.0,136525000.0,471086000.0,57686000.0,365727000.0,2054118420.0,0.5748158379373849,1.5307306354147592,0.4623557809626985,1.7265356108489607,0.20481987664874654,0.5748158379373849,0.49330500948964845,2.1303947995322177,20.833367689103806,10.27720464557469,0.0,7.582671705439795,0.0,1.2918606295822526,0.8761618751144479,0.13210409416533644,14.672243978025074,0.4737281569284226,0.41772151898734183,0.4730365309554854,0.577644298401177,0.04846960188968422,-0.017994448282484157,0.4437894951416729,0.08277804338731848,-0.1424496497748844,-0.003284175770067885,-0.0847908470795396,"Furnishings, Fixtures & Appliances",Consumer Cyclical,43.065,7410194550,1941563,TPX
2008,2008-12-31,2008-12-31,58868000.0,927818000.0,133864000.0,0.1975,400957000.0,0.43215048641005027,646531000.0,72443000.0,196814000.0,114454000.0,574088000.0,60497000.0,281422000.0,933841330.0,0.2423264246624831,1.7195904031313891,0.6486015365079169,5.788564802672446,0.1491679256261232,0.2423264246624831,0.8126112943969742,0.571109129161107,9.001245668274784,7.314513893681929,0.3046306991914113,8.708878126188075,0.03384317131406525,1.4350711721479712,1.0064829538504552,0.0910520918563843,2.833156873228894,0.43215048641005027,-0.5459770114942528,-0.8359742436228648,-0.797261301392943,-0.9381909928880715,-0.2503038371358161,-0.5838511512169604,-0.4516332533160736,-0.22277491615905443,0.45418615553122177,-0.5802411969474651,"Furnishings, Fixtures & Appliances",Consumer Cyclical,43.065,7410194550,1941563,TPX
TTM,,,,,,,,,,,,,,,,10776994550.0,0.20174418604651162,1.2422761048103246,0.7621167706244076,99.64841498559078,0.12323958595857033,0.20174418604651162,-4.974840860866929,1.5154391897419117,18.05308310991957,213.46340057636885,0.1769436997319035,5.052232221634021,0.009752699407871821,1.0777368803861498,0.5401838091513492,0.09043221441008574,78.24915047518479,0.4144750296535646,,,,,,,,,,,"Furnishings, Fixtures & Appliances",Consumer Cyclical,43.065,7410194550,1941563,TPX
