Quarters,Year,Quarter,FillingDate,Date,NetIncome,Revenue,OperatingIncome,EPSDiluted,GrossProfit,GrossProfitRatio,TotalAssets,CommonStockEquity,CurrentAssets,CurrentLiability,TotalLiability,Inventory,RetainedEarnings,MarketCap,EnterpriseValue,bookValuePerShare,currentRatio,debtToAssets,debtToEquity,roic,shareholdersEquityPerShare,roe,priceToSalesRatio,peRatio,pbRatio,payoutRatio,inventoryTurnover,dividendYield,assetTurnover,quickRatio,returnOnAssets,priceToFreeCashFlowsRatio,grossProfitMargin,epsdilutedGrowth,fiveYNetIncomeGrowthPerShare,fiveYRevenueGrowthPerShare,fiveYShareholdersEquityGrowthPerShare,grossProfitGrowth,netIncomeGrowth,operatingIncomeGrowth,threeYNetIncomeGrowthPerShare,threeYRevenueGrowthPerShare,threeYShareholdersEquityGrowthPerShare,Industry,Sector,Symbol
2023Q1,2023,Q1,2023-05-11,2023-03-31,2629396.0,0.0,-632920.0,0.13,-577950.0,0.0,101975733.0,92712960.0,141549.0,3262809.0,9262773.0,0.0,-9121807.0,61830679.8,61689130.8,15.894332379635264,0.04338255778992886,0.0,0.0,-0.01798168031579872,15.894332379635264,0.028360608915948753,0.0,5.8787911558395916,0.6669043874772199,0.0,0.0,0.0,0.0,31.25396950909477,0.025784526599088038,-475.92081004941576,0.0,0.31578947368421056,0.0,0.0,0.0,0.8461482354231475,0.030246442188526686,0.46593446280392004,0.0,0.0,0.0,Shell Companies,Financial Services,IFIN
2022Q4,2022,Q4,2023-03-22,2022-12-31,2552201.0,0.0,-1185098.0,0.0988,-3756538.0,0.0,209298900.0,200444576.0,366020.0,2854360.0,8854324.0,0.0,-8488887.0,267629880.0,267358413.0,7.759244996709635,0.12823189786852393,0.0,0.0,-0.02813782463933153,7.759244996709635,0.012732701731974029,0.0,26.215595871955227,1.3351814518543021,0.0,0.0,0.0,0.0,73.29290874311579,0.012194048798154219,-1146.0487144790256,0.0,0.565768621236133,13.126983301981976,0.0,45.94196377025117,-2.3587570444667576,0.5654265482057589,-0.05960761101936552,13.126983301981976,0.0,45.94196377025117,Shell Companies,Financial Services,IFIN
2022Q3,2022,Q3,2022-11-09,2022-09-30,1630355.0,0.0,-1118431.0,0.0631,-1118431.0,0.0,204870102.0,196908323.0,658573.0,1961815.0,7961779.0,0.0,-7303789.0,59147461.620000005,58595603.620000005,33.75716117874544,0.33569577151770175,0.0,0.0,0.04580498438390779,33.75716117874544,0.008279766823264246,0.0,9.069721260093662,0.30038070874231154,0.0,0.0,0.0,0.0,104.37446293355897,0.007957993792573989,-217.86079007852902,0.0,3.2945454545454544,2320.4984125634373,0.0,33724.29946307202,0.11067510166044062,3.2982815980151683,0.11067510166044062,2320.4984125634373,0.0,33724.29946307202,Shell Companies,Financial Services,IFIN
2022Q2,2022,Q2,2022-08-09,2022-06-30,-709380.0,0.0,-1257618.0,-0.0275,-1257618.0,0.0,204346742.0,197110492.0,1051475.0,1236286.0,7236250.0,0.0,-6185358.0,58505822.489999995,57729339.489999995,33.79182020897011,0.8505111276840472,0.0,0.0,-0.004601972509500481,33.79182020897011,-0.003598895182099185,0.0,-20.61864673729172,0.296817393616977,0.0,0.0,0.0,0.0,165.06839841266503,-0.0034714524589777897,-412.08248218008674,0.0,-0.6081871345029239,0.0,0.0,0.0,0.0,-0.6044783715012723,-1.6037154587181606,0.0,0.0,0.0,Shell Companies,Financial Services,IFIN
2022Q1,2022,Q1,2022-05-16,2022-03-31,-442125.0,0.0,-483009.0,-0.0171,0.0,0.0,204376964.0,198093991.0,1355816.0,283009.0,6282973.0,0.0,-4905374.0,58330830.0,57412371.0,33.96042727319327,4.790716902996018,0.0,0.0,-0.002330528120703965,33.96042727319327,-0.0022318950603605133,0.0,-32.983223070398644,0.2944603705823666,0.0,0.0,0.0,0.0,3.2453349540120633,-0.0021632819636169956,-531.6141409354381,0.0,-1.1111111111111114,0.0,0.0,0.0,0.0,-1.1092341160418675,-2.140990791801061,0.0,0.0,0.0,Shell Companies,Financial Services,IFIN
2021Q4,2021,Q4,2022-03-23,2021-12-31,-209614.0,0.0,-153776.0,-0.0081,0.0,0.0,204632996.0,-4442224.0,1632290.0,76474.0,6076438.0,0.0,-4442807.0,253693856.0,252665673.0,-0.17265033269075306,21.344378481575436,0.0,0.0,0.03993607828943065,-0.17265033269075306,0.04718672448755398,0.0,-302.57265258999877,-57.10964958093063,0.0,0.0,0.0,0.0,13.444870151947066,-0.0010243411575716753,-357.07690358830865,0.0,-65.94214876033058,0.0,0.0,0.0,0.0,-358.54373927958835,-262.7667238421955,0.0,0.0,0.0,Shell Companies,Financial Services,IFIN
2021Q3,2021,Q3,2021-09-30,2021-09-30,-583.0,0.0,-583.0,-0.000121,0.0,0.0,283787.0,-4843.0,24222.0,288630.0,288630.0,0.0,-29843.0,47704080.12,47868730.12,-0.001001004104468203,0.08392059037522087,0.6655414095783105,-38.99896758207723,-0.0031679789598378517,-0.001001004104468203,0.12037992979558125,0.0,-20456.295077186962,-9850.109461077844,0.0,0.0,0.0,0.0,0.08392059037522087,-0.0020543576696606964,-81685.06869863013,0.0,0.0,0.0,0.0,0.0,0.0,0.0,0.0,0.0,0.0,0.0,Shell Companies,Financial Services,IFIN
2021Q1,2021,Q1,2021-04-30,2021-04-30,,,,,,,140006.0,-4055.0,25000.0,144061.0,144061.0,0.0,-29055.0,0.0,25000.0,0.0,0.17353759865612484,0.35712755167635674,-12.330456226880395,,0.0,,0.0,0.0,0.0,0.0,0.0,,,0.17353759865612484,,0.0,0.0,0.0,0.0,0.0,0.0,0.0,0.0,0.0,0.0,0.0,0.0,Shell Companies,Financial Services,IFIN
