Year,Date,FillingDate,NetIncome,Revenue,OperatingIncome,EPSDiluted,GrossProfit,GrossProfitRatio,TotalAssets,CommonStockEquity,CurrentAssets,CurrentLiability,TotalLiability,Inventory,RetainedEarnings,EnterpriseValue,bookValuePerShare,currentRatio,debtToAssets,debtToEquity,roic,shareholdersEquityPerShare,roe,priceToSalesRatio,peRatio,pbRatio,payoutRatio,inventoryTurnover,dividendYield,assetTurnover,quickRatio,returnOnAssets,priceToFreeCashFlowsRatio,grossProfitMargin,epsdilutedGrowth,fiveYNetIncomeGrowthPerShare,fiveYRevenueGrowthPerShare,fiveYShareholdersEquityGrowthPerShare,grossProfitGrowth,netIncomeGrowth,operatingIncomeGrowth,threeYNetIncomeGrowthPerShare,threeYRevenueGrowthPerShare,threeYShareholdersEquityGrowthPerShare,Industry,Sector,Price,MarketCap,AvgVolume,Symbol
2022,2022-12-31,2022-12-31,-14079000.0,3562697000.0,1797266000.0,-0.0055,3562697000.0,1.0,46343100000.0,6992382000.0,18017193000.0,251863000.0,39253996000.0,0.0,0.0,31124722574.73788,2.726830599419939,71.53568805263178,0.13778357511689981,0.9131820887359987,0.010477319920739006,2.726830599419939,-0.002013476952489152,9.14701631228754,-2314.656408462098,4.660507331369751,-86.73705518857874,0.0,0.037472972174824204,0.07687653609706731,71.53568805263178,-0.00030379927108889997,16.711630727621472,1.0,-1.215686274509804,-1.0164604826010626,-0.337198808797937,-0.012198622114013456,0.3817064808825058,-1.2176144179791952,2.400029890106564,-1.1473752680222944,2.903090792986544,1.6293354650728862,Banks—Regional,Financial Services,3.175,1275946775,333200,INTR
2021,2021-12-31,2021-12-31,64697000.0,2578476000.0,528603000.0,0.0255,2578476000.0,1.0,36482006000.0,8488639000.0,20648869000.0,0.0,3654572000.0,0.0,0.0,47892933034.732185,3.3410408968279226,0.0,0.09860104732179475,0.4237621602238003,-0.09787575875925564,3.3410408968279226,0.007621598703867605,19.10043298240208,761.2409854356799,5.801873307927476,0.0,0.0,0.0,0.07067802137853933,0.0,0.001773394807292121,-333.7625917235849,1.0,9.2,1.5791727875880324,8.558559177313725,23.297996804964143,1.25236507085167,10.598601649336679,2.0450709418006485,-0.9658399058912401,-0.8044178592892482,-0.6799889199508271,Banks—Regional,Financial Services,3.175,1275946775,333200,INTR
2020,2020-12-31,2020-12-31,5578000.0,1144786000.0,173593000.0,0.0025,1144786000.0,1.0,19795573000.0,3301908000.0,11682975000.0,1249000.0,16445084000.0,0.0,0.0,37726938650.37508,1.4780541187808216,9353.863090472378,0.08874918649740525,0.5320684283147804,-0.0038994297112068693,1.4780541187808216,0.001689326292555698,35.25785487451373,7236.052106557025,12.224053077909828,0.0,0.0,0.0,0.05783040480818615,9353.863090472378,0.00028178017377925865,16.744443465094392,1.0,1.0227272727272727,-0.8050417795236602,4.276668975290354,10.293200379229491,0.5189566731151465,-0.9292831968356196,-0.4835032743523447,-0.992514141393379,-0.7555325420185586,-0.4645711048451875,Banks—Regional,Financial Services,3.175,1275946775,333200,INTR
2019,2019-12-31,2019-12-31,78878000.0,753666000.0,336097000.0,-0.11,753666000.0,1.0,10019578000.0,2195775000.0,4559226000.0,1307000.0,7819626000.0,0.0,0.0,26540735835.91802,1.037079762412268,3488.3136954858455,0.0694650014202195,0.3169769215880498,0.11407386805070745,1.037079762412268,0.035922624130432304,39.28120923050531,375.32533578333647,13.482670963973092,0.0,0.0,0.0,0.07521933558479209,3488.3136954858455,0.007872387439870222,37.797235943188454,1.0,-1.1486486486486487,1.908826970495781,2.6653328558504037,6.923897655267252,0.5982771673781516,0.16438841486817632,0.0,2.7733994476874644,2.352654954928329,6.542248518271913,Banks—Regional,Financial Services,3.175,1275946775,333200,INTR
2018,2018-12-31,2018-12-31,67742000.0,471549000.0,0.0,0.74,471549000.0,1.0,5641344000.0,948781000.0,0.0,0.0,4692311000.0,0.0,0.0,37811102.39999986,10.440391302434087,0.0,0.10607117736482653,0.6306871659529438,0.0,10.440391302434087,0.07139898459180781,2.6021560906713828,18.113490927341974,1.2932848596251398,0.0,0.0,0.0,0.08358805986658499,0.0,0.012008131395639053,2.1349402558356414,1.0,1.2185512860102354,57.20314954982528,52.430322842386104,78.77071307321793,0.5937978469910263,0.4389005713800208,0.0,57.20314954982528,52.430322842386104,78.77071307321793,Banks—Regional,Financial Services,3.175,1275946775,333200,INTR
2017,2017-12-31,2017-12-31,47079000.0,295865000.0,0.0,0.333551,295865000.0,1.0,3584775000.0,389631000.0,0.0,0.0,3194166000.0,0.0,0.0,1100838121.8896282,2.7605049562247865,0.0,0.009712743477624118,0.08936147277809003,0.0,2.7605049562247865,0.12082970810844107,5.4966323218009165,34.54323842667916,4.173849416215928,0.15450625544297883,0.0,0.004472836435730569,0.08253377129666437,0.0,0.013133041822708538,114.65461942256262,1.0,32.835565023331306,25.043534979929547,20.584340995155802,20.091876963353286,0.0849547851469391,0.8565738622919788,0.0,25.043534979929547,20.584340995155802,20.091876963353286,Banks—Regional,Financial Services,3.175,1275946775,333200,INTR
2016,2016-12-31,2016-12-31,25358000.0,272698000.0,0.0,0.009858,272698000.0,1.0,3191893000.0,353166000.0,0.0,0.0,2838322000.0,0.0,0.0,28574789729.670013,0.137502730107584,0.0,0.01173002979736476,0.10601530158622291,0.0,0.137502730107584,0.07180192883799687,106.59957069604476,1146.3636615533565,82.31112204931961,0.2902831453584668,0.0,0.0002532208190942869,0.08543456813871894,0.0,0.007944501899029824,66.05065956313098,1.0,-0.22912105098529872,-0.22912296701626383,0.0932627738689438,0.050601506443436965,0.09326277386894381,-0.22912296701626386,0.0,-0.22912296701626383,0.0932627738689438,0.050601506443436965,Banks—Regional,Financial Services,3.175,1275946775,333200,INTR
2015,2015-12-31,2015-12-31,32895000.0,249435000.0,0.0,0.012788,249435000.0,1.0,2528019000.0,336156000.0,0.0,0.0,2190877000.0,0.0,0.0,35146546167.08063,0.1308800047061297,0.0,0.015522430804515314,0.11673449231904234,0.0,0.1308800047061297,0.09785635240781065,141.67497010075022,1074.2877691770977,105.12588252799482,0.10107919136646906,0.0,9.408949284035461e-05,0.09866816665539302,0.0,0.013012164861102706,396.2403561930888,1.0,0.0,0.0,0.0,0.0,0.0,0.0,0.0,0.0,0.0,0.0,Banks—Regional,Financial Services,3.175,1275946775,333200,INTR
TTM,,,,,,,,,,,,,,,,5267887995.875,17.507885017067757,3.181429142846335,0.14290204748763205,0.9695088839855007,-0.0842097343854802,17.507885017067757,0.006032634829271004,1.6606763655019994,146.96305205847705,0.885879418609388,28.813434948799017,0.0,0.0,0.07868352034022533,3.181429142846335,0.000888491152844419,3.4562437138093434,1.0,,,,,,,,,,,Banks—Regional,Financial Services,3.175,1275946775,333200,INTR
