Quarters,Year,Quarter,FillingDate,Date,NetIncome,Revenue,OperatingIncome,EPSDiluted,GrossProfit,GrossProfitRatio,TotalAssets,CommonStockEquity,CurrentAssets,CurrentLiability,TotalLiability,Inventory,RetainedEarnings,MarketCap,EnterpriseValue,bookValuePerShare,currentRatio,debtToAssets,debtToEquity,roic,shareholdersEquityPerShare,roe,priceToSalesRatio,peRatio,pbRatio,payoutRatio,inventoryTurnover,dividendYield,assetTurnover,quickRatio,returnOnAssets,priceToFreeCashFlowsRatio,grossProfitMargin,epsdilutedGrowth,fiveYNetIncomeGrowthPerShare,fiveYRevenueGrowthPerShare,fiveYShareholdersEquityGrowthPerShare,grossProfitGrowth,netIncomeGrowth,operatingIncomeGrowth,threeYNetIncomeGrowthPerShare,threeYRevenueGrowthPerShare,threeYShareholdersEquityGrowthPerShare,Industry,Sector,Symbol
2023Q1,2023,Q1,2023-05-10,2023-03-31,-8779548.0,149808.0,-9045030.0,-0.15,149808.0,1.0,18043533.0,-2335813.0,11957698.0,17237912.0,21024678.0,1111318.0,-176036977.0,114938022.25,109694709.25,-0.03881572644686776,0.693685987026735,0.26422569238518867,-2.041073065352406,-2.535994102220955,-0.03881572644686776,3.7586690372902285,767.2355431619139,-3.2728912197416085,-49.20685956024733,0.0,0.0,0.0,0.008302586860344923,0.5876274342275329,-0.4865758828938878,-12.848932924375339,1.0,-0.15384615384615377,0.14919071265003908,0.0,-1.0755197742092812,0.25137200852023556,-0.21229378898042778,-0.1291236282036046,-0.027997270248559265,187.52661199589653,-1.1740919089369544,Diagnostics & Research,Healthcare,VNRX
2022Q4,2022,Q4,2023-03-15,2022-12-31,-7242096.0,119715.0,-8010664.0,-0.13,119715.0,1.0,18295054.0,-2574991.0,12172145.0,17386087.0,21422016.0,784920.0,-167257429.0,134501474.43,128607764.43,-0.04652163224616927,0.7001083682602072,0.27184068437294584,-1.9314009252847875,-2.2429053655986784,-0.04652163224616927,2.8124742960266658,1123.513965919058,-4.643043755219483,-52.2337648675277,0.0,0.0,0.0,0.0065435718309440356,0.6292191566739543,-0.3958499384587769,-23.343290904546947,1.0,0.07142857142857148,0.13747663418199285,0.0,-1.127379062172569,2.659442440545332,0.06468709794153817,-0.002215450704345176,-0.590223798053203,0.0,-1.134982469275381,Diagnostics & Research,Healthcare,VNRX
2022Q3,2022,Q3,2022-11-14,2022-09-30,-7742966.0,32714.0,-7992956.0,-0.14,32714.0,1.0,23341357.0,3297707.0,17673537.0,16978105.0,20501529.0,825748.0,-160015333.0,76323307.44000001,64378548.44000001,0.058761624337699166,1.0409605194454858,0.19156169883353397,1.3558845585735786,-0.8900636589565822,0.058761624337699166,-2.3479848270328443,2333.0472409366025,-2.464278786707833,23.144356803075596,0.0,0.0,0.0,0.0014015466195902834,0.9672198988049608,-0.33172732844966984,-10.682666939880272,1.0,0.0,0.026137038036584386,0.0,-0.8836869431035856,-0.17704769571342321,-0.012191979791105562,0.013151346229230906,-0.3146295802760736,0.3598114541309042,-0.8683599036755296,Diagnostics & Research,Healthcare,VNRX
2022Q2,2022,Q2,2022-08-10,2022-06-30,-7649701.0,39752.0,-8099475.0,-0.14,39752.0,1.0,24347035.0,4467676.0,18648977.0,17350627.0,20267933.0,936068.0,-152272367.0,110311524.99999999,97662824.99999999,0.08302610085392256,1.0748301487894356,0.16764838100409352,0.9136161619598199,-0.8174367666388486,0.08302610085392256,-1.712232713383871,2774.993082109076,-3.6050927023160773,24.691030638748195,0.0,0.0,0.0,0.0016327244775390514,0.9647449628189229,-0.31419435672557255,-16.206460339677186,1.0,0.0,-0.08306463937375531,0.0,-0.8679066705771077,-0.6519424573815131,-0.0020527820823339703,-0.055034423054803994,-0.31891943344897017,0.0,-0.8029816672601379,Diagnostics & Research,Healthcare,VNRX
2022Q1,2022,Q1,2022-05-11,2022-03-31,-7634030.0,114211.0,-7676977.0,-0.14,114211.0,1.0,31683439.0,11116964.0,25956726.0,17512820.0,20872747.0,1263149.0,-144622666.0,161863038.95999998,142872639.95999998,0.2067307141580928,1.4821557007951889,0.14966746507536635,0.426553508673771,-0.44056417173707674,0.2067307141580928,-0.6867009733952543,1417.2281037728412,-5.300707455957077,14.560003878756826,0.0,0.0,0.0,0.0036047538905104337,1.3592756620578526,-0.24094701335925056,56.492793503276204,1.0,0.06666666666666654,-0.10703414819498554,0.0,-0.7079151434141302,7.020435393258427,0.049919123967643614,0.12612878216227372,-0.2229161512641766,0.0,-0.5045689063327939,Diagnostics & Research,Healthcare,VNRX
2021Q4,2021,Q4,2022-03-30,2021-12-31,-8035137.0,14240.0,-8785021.0,-0.15,14240.0,1.0,27490336.0,17944400.0,21978832.0,6515852.0,9768231.0,598367.0,-136988636.0,166943692.34,150379516.34,0.33751149989689994,3.373132477533253,0.14612906150001223,0.22386577428055549,-0.38000050147282394,0.33751149989689994,-0.44777964155948374,11723.573900280899,-5.194176911358202,9.303386702258086,0.0,0.0,0.0,0.00051800021651245,3.1605725544410768,-0.2922895158502246,-36.788139104305536,1.0,-0.15384615384615377,-0.3232894040586305,0.0,-0.5835291667884084,-0.4411960915119884,-0.12593182056077595,-0.16168762063141703,-0.2669429894510634,0.0,0.00673888872723958,Diagnostics & Research,Healthcare,VNRX
2021Q3,2021,Q3,2021-11-10,2021-09-30,-7136433.0,25483.0,-7562292.0,-0.13,25483.0,1.0,30003579.0,21329793.0,24417978.0,5851999.0,8822993.0,0.0,-128953498.0,164817021.1,145555747.1,0.40118646641405653,4.17258752094797,0.12133585796547805,0.170677230669796,-0.2910085610382498,0.40118646641405653,-0.33457582077800757,6467.724408429149,-5.773788568462704,7.7270801971683465,0.0,0.0,0.0,0.000849332008024776,3.916841065762315,-0.23785272417000652,-32.831467683965215,1.0,-0.3,0.09239219709456489,0.0,-0.20075440461491662,0.02828665967234283,-0.28512272573550623,-0.28160169282844266,0.022080176592890095,0.0,-0.12830294598865227,Diagnostics & Research,Healthcare,VNRX
2021Q2,2021,Q2,2021-08-11,2021-06-30,-5553114.0,24782.0,-5900657.0,-0.1,24782.0,1.0,35243951.0,26733687.0,29392326.0,5398097.0,8614406.0,0.0,-121817065.0,174196199.17000002,150261816.17000002,0.5049124530218072,5.4449421712873995,0.11289273441561645,0.14883042507380295,-0.1857248907357447,0.5049124530218072,-0.20771972081516477,7029.142085788073,-7.842275485880535,6.515981097930862,0.0,0.0,0.0,0.0007031561245786546,5.173860528997534,-0.15756218705445368,-30.99395607694071,1.0,0.1666666666666666,0.16008023043899994,0.0,-0.17530557749928946,-0.029298864081472777,0.09205666444195414,0.030312188275972003,0.31813852032444306,0.0,0.5087064543335178,Diagnostics & Research,Healthcare,VNRX
2021Q1,2021,Q1,2021-05-11,2021-03-31,-6116146.0,25530.0,-6085110.0,-0.12,25530.0,1.0,40509771.0,31219396.0,34668822.0,6000479.0,9346978.0,0.0,-116290117.0,192510644.76,163610980.76,0.6130015149402277,5.777675748886047,0.10274180518077972,0.13331606415447628,-0.1673195339979566,0.6130015149402277,-0.19590853070956274,7540.565795534665,-7.868952309182939,6.166379540462602,0.0,0.0,0.0,0.0006302183243642627,5.512218107921051,-0.1509795254088205,-28.95297030672359,1.0,-0.1999999999999999,0.07065271104897075,0.0,-0.300662136942594,2.585674157303371,-0.19051063433859916,-0.07527514441735542,0.29966583672446084,0.0,0.19265411821164,Diagnostics & Research,Healthcare,VNRX
2020Q4,2020,Q4,2021-03-22,2020-12-31,-5137414.0,7120.0,-5659119.0,-0.1,7120.0,1.0,26150553.0,16340897.0,20331693.0,6236552.0,9856835.0,0.0,-110173971.0,198112806.38,183109622.38,0.32085805300276216,3.2600855408565503,0.16984547133668645,0.2718059479843732,-0.2586977609847223,0.32085805300276216,-0.3143899628031436,27824.832356741572,-9.640687239728003,12.123741210779311,0.0,0.0,0.0,0.00027226957686133827,3.11900790693319,-0.1964552719018982,-49.58057107319606,1.0,-0.13895216400911165,0.2782389296141007,0.0,0.023967510594317135,11.382608695652173,-0.2446778380643997,-0.25634798708823775,0.335019394203451,0.0,-0.12147111120819153,Diagnostics & Research,Healthcare,VNRX
2020Q3,2020,Q3,2020-11-12,2020-09-30,-4127505.0,575.0,-4504420.0,-0.0878,575.0,1.0,26087571.0,18984807.0,22164523.0,4317909.0,7126160.0,0.0,-105036840.0,150956705.31,133539954.31,0.4037000565483526,5.133161212985267,0.13458431986634556,0.18493619661237537,-0.18315975054987502,0.4037000565483526,-0.2174109539275274,262533.40053913044,-9.143338730661743,7.951447982062709,0.0,0.0,0.0,2.20411474874376e-05,4.846860366904444,-0.1582172981915411,-32.94360103284895,1.0,0.20181818181818179,0.4654969661383628,0.0,0.019993146750332615,142.75,0.16516757710990365,0.1358224595376621,0.380489028200793,0.0,-0.20091406295129632,Diagnostics & Research,Healthcare,VNRX
2020Q2,2020,Q2,2020-08-13,2020-06-30,-4944112.0,4.0,-5212378.0,-0.11,4.0,1.0,26246638.0,18678543.0,22418815.0,4707846.0,7583441.0,0.0,-100708942.0,168881697.02,151060427.02,0.4302392358207723,4.7620111193101895,0.13274065806066285,0.18652397031181714,-0.22179515064475924,0.4302392358207723,-0.26469473555833556,42220424.255,-8.539536372760164,9.04148128791416,0.0,0.0,0.0,1.5240047125273722e-07,4.526165256892431,-0.18837124968157826,-35.950136295372275,1.0,0.21428571428571436,-0.06464951329400676,0.0,-0.1797932211176756,-0.9926470588235294,0.15438720116029678,0.1123180273226817,0.13237459270999116,0.0,-0.3154955788190348,Diagnostics & Research,Healthcare,VNRX
2020Q1,2020,Q1,2020-05-07,2020-03-31,-5846780.0,544.0,-5871898.0,-0.14,544.0,1.0,16874912.0,9185357.0,13101286.0,4634482.0,7689555.0,0.0,-95681195.0,128123058.75,119824868.75,0.22296111682550662,2.8269148526199905,0.21760273475796496,0.3997696551152013,-0.42294337905030394,0.22296111682550662,-0.6365326900195605,235520.32858455883,-5.478359830111616,13.9486204782242,0.0,0.0,0.0,3.223720514809203e-05,2.582911962976661,-0.3464776586686793,-24.97726595727882,1.0,-0.7010935601458083,-0.16225924465646652,0.0,-0.6685929018063517,0.0,-0.7249026368372468,-0.5763556504821633,-0.10672110798497521,0.0,-0.6849835976360938,Diagnostics & Research,Healthcare,VNRX
2019Q4,2019,Q4,2020-02-20,2019-12-31,-3389629.0,0.0,-3724983.0,-0.0823,0.0,0.0,21291292.0,14198566.0,17556279.0,3859874.0,7092726.0,0.0,-89821856.0,195274372.5,182245824.5,0.34464943852271246,4.548407279615863,0.18494039722906436,0.2773251890366957,-0.18456710272253335,0.34464943852271246,-0.23873037601121128,0.0,-14.402341119042822,13.753105243163288,0.0,0.0,0.0,0.0,4.395523791709263,-0.1592025979447372,-71.01105761450809,0.0,0.17700000000000007,-2.433344203242132,0.0,14.409775249170115,-1.0,0.1901424047948817,0.10803355341658231,0.2795776576584571,0.0,-0.5747213387653234,Diagnostics & Research,Healthcare,VNRX
2019Q3,2019,Q3,2019-11-12,2019-09-30,-4185463.0,17096.0,-4176147.0,-0.1,17096.0,1.0,23776640.0,17801780.0,20307130.0,3243330.0,5974860.0,0.0,-86264550.0,224126982.52,207649962.52,0.44638089744983017,6.261197596297633,0.1354333076498614,0.18088915827518373,-0.1905664502451752,0.44638089744983017,-0.2351148593005868,13109.907728123539,-13.387227561204101,12.59014449790976,0.0,0.0,0.0,0.0007190250598907163,6.078074078185075,-0.1760325681004549,-58.35880289545632,1.0,0.09090909090909087,0.7591665079827509,-0.6078496912547067,2.4731548161117964,0.0,0.0011509954213149173,-0.012631011800033754,0.29035185274364705,0.0,-0.11071784315225558,Diagnostics & Research,Healthcare,VNRX
2019Q2,2019,Q2,2019-08-12,2019-06-30,-4190286.0,0.0,-4124056.0,-0.11,0.0,0.0,22881100.0,16382965.0,19244120.0,3497493.0,6498135.0,0.0,-82083745.0,121293937.44,106269370.44,0.42141307206953177,5.502261191087444,0.15235980787636957,0.21279176266322977,-0.19950203593412846,0.42141307206953177,-0.2557709181457691,0.0,-7.2366144840710165,7.40366212343126,0.0,0.0,0.0,0.0,5.292570135236868,-0.18313306615503624,-41.864371790769844,0.0,0.0833333333333333,-2.766683021641557,0.0,11.598161123328383,0.0,0.0032083083458597787,-0.03705093274222568,0.13681644690229933,0.0,-0.3116885748713695,Diagnostics & Research,Healthcare,VNRX
2019Q1,2019,Q1,2019-05-08,2019-03-31,-4203773.0,0.0,-3976715.0,-0.12,0.0,0.0,20630672.0,15110715.0,17071856.0,2666162.0,5519957.0,0.0,-77926574.0,114794883.49,101802929.49,0.4172744036468554,6.403157797613198,0.15386401373644057,0.21007066839656496,-0.21837179013261146,0.4172744036468554,-0.27819815276775456,0.0,-6.826895950970711,7.596919370790859,0.0,0.0,0.0,0.0,6.063499517283646,-0.20376326083803767,-30.50622216216374,0.0,0.0,0.3521651029799125,0.0,4.069293707377928,0.0,0.026849207883317457,0.06544558785617312,0.10166332942356449,0.0,-0.5239558424526902,Diagnostics & Research,Healthcare,VNRX
2018Q4,2018,Q4,2019-03-13,2018-12-31,-4319755.0,0.0,-4255199.0,-0.12,0.0,0.0,17488966.0,12140456.0,13902418.0,2333193.0,5348510.0,0.0,-73722801.0,65545343.57,55384099.57,0.3352522721393983,5.958537506327167,0.1867450597136503,0.26901608967570906,-0.26347960787832647,0.3352522721393983,-0.3558148886664554,0.0,-3.7933484404786846,5.398919412087981,0.0,0.0,0.0,0.0,5.754869828599691,-0.24699887917902064,-17.490852626896412,0.0,0.14285714285714296,-0.7612593203503769,0.0,5.031729538049724,0.0,0.041280965662373714,0.043246818860129675,0.14649182681945544,0.0,0.06990437457000016,Diagnostics & Research,Healthcare,VNRX
2018Q3,2018,Q3,2018-11-07,2018-09-30,-4505757.0,0.0,-4447541.0,-0.14,0.0,0.0,20715894.0,15108136.0,17064332.0,2674344.0,5607758.0,0.0,-69435324.0,93556733.4,80272527.4,0.4602361159394648,6.380754308346271,0.14917154914965292,0.20454025566092335,-0.23461451539226455,0.4602361159394648,-0.2982338125629793,0.0,-5.190955337804502,6.19247360495034,0.0,0.0,0.0,0.0,6.122783007720772,-0.21750241626067404,-20.027626373682832,0.0,0.06666666666666654,-0.6440456526487838,0.0,12.041354919280504,0.0,0.02443905468112636,0.0258413061381836,0.16411309969854485,0.0,0.162837796355422,Diagnostics & Research,Healthcare,VNRX
2018Q2,2018,Q2,2018-08-13,2018-06-30,-4618632.0,0.0,-4565520.0,-0.15,0.0,0.0,16297752.0,10049097.0,12520408.0,3344802.0,6248655.0,0.0,-64958675.0,60054520.0,51340721.0,0.3346658003427552,3.7432433967690764,0.19514145263714897,0.31648286408221554,-0.3244880641925091,0.3346658003427552,-0.4596066691365403,0.0,-3.2506659980704247,5.97611108739422,0.0,0.0,0.0,0.0,3.556014974877437,-0.2833907400235321,-19.697446379747365,0.0,0.11764705882352951,-0.5627076988111371,0.0,4.248519736279058,0.0,0.012142482690796921,0.013807072520018084,-0.4379672610261241,0.0,-0.3619941296670704,Diagnostics & Research,Healthcare,VNRX
2018Q1,2018,Q1,2018-05-10,2018-03-31,-4675403.0,0.0,-4629439.0,-0.17,0.0,0.0,18981749.0,14013819.0,14905195.0,2613489.0,4967930.0,0.0,-60366599.0,65436597.599999994,53955453.599999994,0.5139809652939535,5.703178777488636,0.14641106043494728,0.1983141069540002,-0.261356896088676,0.5139809652939535,-0.3336280424343999,0.0,-3.498981670670956,4.669433621199189,0.0,0.0,0.0,0.0,5.456415542594593,-0.2463104427310676,-18.344002581301318,0.0,-0.13333333333333347,-0.9286936725349078,0.0,6.594350973382835,0.0,-0.13041248641506378,-0.10145223733723654,-0.40430922486691967,0.0,-0.23602400875957133,Diagnostics & Research,Healthcare,VNRX
2017Q4,2017,Q4,2018-03-01,2017-12-31,-4136015.0,0.0,-4203032.0,-0.15,0.0,0.0,14624398.0,9957868.0,10567219.0,2290482.0,4666530.0,0.0,-55714178.0,80159832.06,72814030.06,0.3652219717487267,4.613535055067012,0.1894410286153317,0.27821828929646386,-0.311356246340906,0.3652219717487267,-0.4153514587660732,0.0,-4.8452333985732645,8.049899040638016,0.0,0.0,0.0,0.0,4.416652477513467,-0.2828160858313621,-20.184433141317264,0.0,-0.07142857142857129,-0.04842966238649195,1.0,3.4723936921754452,0.0,-0.10114672194388964,-0.043140466741619324,-3.6426392062266597,0.0,15.329602986820914,Diagnostics & Research,Healthcare,VNRX
2017Q3,2017,Q3,2017-11-09,2017-09-30,-3756098.0,0.0,-4029210.0,-0.14,0.0,0.0,18359711.0,13394022.0,14256480.0,2831859.0,4965689.0,0.0,-51651296.0,69727072.85,58378595.849999994,0.5052023040717677,5.034318445939576,0.13575665760751898,0.1860869722328364,-0.22977801565208714,0.5052023040717677,-0.28043092657306373,0.0,-4.640924760882171,5.205835323400246,0.0,0.0,0.0,0.0,4.887577382913485,-0.20458372138864278,-23.807231805721006,0.0,-0.07692307692307698,-0.5746065903783927,-1.0,3.3706390274508995,0.0,-0.08464077842602978,-0.16350677507401123,0.6748959094935257,-1.0,2.6672783526489234,Diagnostics & Research,Healthcare,VNRX
2017Q2,2017,Q2,2017-08-10,2017-06-30,-3462988.0,0.0,-3462988.0,-0.13,0.0,0.0,20969324.0,16582946.0,16951482.0,2241370.0,4386378.0,0.0,-47758642.0,93396627.12,79125598.12,0.6285412080735534,7.563000307847433,0.10654520861044448,0.1347276292161839,-0.174468767715216,0.6285412080735534,-0.2088282745418094,0.0,-6.7424885041472855,5.632088961756253,0.0,0.0,0.0,0.0,7.363893511557664,-0.1651454286270745,-29.430294357687416,0.0,0.0,-0.27264092509742555,-1.0,3.6926145911949986,0.0,-0.03351704712143763,-0.03351704712143763,-3.1514067446008616,0.0,16.807248130916744,Diagnostics & Research,Healthcare,VNRX
2017Q1,2017,Q1,2017-05-11,2017-03-31,-3350683.0,0.0,-3350683.0,-0.13,0.0,0.0,22530322.0,18493438.0,18986316.0,2266314.0,4036884.0,0.0,-44295654.0,105038314.67999999,88318569.67999999,0.707776214674506,8.37761934136223,0.07781597617646122,0.09480222119867598,-0.15774243058935342,0.707776214674506,-0.18118226583937502,0.0,-7.837082370967352,5.679761366166745,0.0,0.0,0.0,0.0,8.151105274908948,-0.14871882434702885,-29.631837324696402,0.0,-0.3,-0.3828524681870386,-1.0,5.305917680302181,0.0,-0.122828858124809,-0.009370166930856873,0.28435111038788985,0.0,6.206101939027004,Diagnostics & Research,Healthcare,VNRX
2016Q4,2016,Q4,2017-03-10,2016-12-31,-2984144.0,0.0,-3319578.0,-0.1,0.0,0.0,24732768.0,21175110.0,22011548.0,2033496.0,3557658.0,0.0,-40944971.0,119409228.38000001,99202002.38000001,0.810408491980576,10.82448551656851,0.05949629252981308,0.06949234266079374,-0.12455650360286363,0.810408491980576,-0.1409269656686553,0.0,-10.003641612133999,5.63913143213896,0.0,0.0,0.0,0.0,10.660819593448917,-0.12065548021151534,-44.51560157962253,0.0,0.33333333333333326,0.21065884463489204,1.0,8.924008159380348,0.0,0.142275389895204,0.0458624832573567,-0.6862638978891031,0.0,13.580556927390694,Diagnostics & Research,Healthcare,VNRX
2016Q3,2016,Q3,2016-11-10,2016-09-30,-3479140.0,0.0,-3479140.0,-0.15,0.0,0.0,14288509.0,11808516.0,12907707.0,2020163.0,2479993.0,0.0,-37960827.0,124682404.6,112483955.6,0.5019564308274498,6.389438377002252,0.023048870949376174,0.027889533282590293,-0.279063820667121,0.5019564308274498,-0.2946297400960459,0.0,-8.95928337175279,10.558685325065401,0.0,0.0,0.0,0.0,6.20137236450722,-0.24349216562763826,-57.6826905300987,0.0,-0.25,-100.94015201913015,0.0,10.009272205174161,0.0,-0.19007003651476412,-0.16935780673736756,-0.7714092245183556,0.0,13.223551220167762,Diagnostics & Research,Healthcare,VNRX
2016Q2,2016,Q2,2016-08-11,2016-06-30,-2923475.0,0.0,-2975257.0,-0.12,0.0,0.0,16363053.0,14333967.0,14933030.0,1552335.0,2029086.0,0.0,-34481687.0,73748625.3,59595299.3,0.612241867103657,9.619721258620078,0.021204355935289094,0.02420599963708581,-0.19624419427908804,0.612241867103657,-0.20395435541326418,0.0,-6.30658935855446,5.145025469920505,0.0,0.0,0.0,0.0,9.340956687828337,-0.17866317489774067,-29.913282434512013,0.0,0.07692307692307698,-124.80536525682946,0.0,12.282492570925088,0.0,-0.1728484956439549,-0.19362255418778895,-0.2686332938307625,0.0,8.601708688425433,Diagnostics & Research,Healthcare,VNRX
2016Q1,2016,Q1,2016-05-13,2016-03-31,-2492628.0,0.0,-2492628.0,-0.13,0.0,0.0,18900255.0,16908112.0,17429555.0,1443208.0,1992143.0,0.0,-31532321.0,68477668.2,51846138.2,0.8765455830752135,12.07695287165814,0.01989031364920738,0.02223382480551347,-0.1411456051808904,0.8765455830752135,-0.1474220184962106,0.0,-6.8680192351205225,4.049989034849071,0.0,0.0,0.0,0.0,11.78448428778111,-0.1318832999872224,-31.681576452680744,0.0,0.07142857142857148,-0.39348101999095797,-1.0,6.809564909505667,0.0,0.07541105465978172,0.06679495627171439,-0.4534179906998538,0.0,11.951442274198909,Diagnostics & Research,Healthcare,VNRX
2015Q4,2015,Q4,2016-03-11,2015-12-31,-2695931.0,0.0,-2671040.0,-0.14,0.0,0.0,7711841.0,6044319.0,6222655.0,1119650.0,1667522.0,0.0,-29039693.0,86802678.0,81267873.0,0.31334788426688864,5.557678738891618,0.04943060937070668,0.06306765079738512,-0.393757030860386,0.31334788426688864,-0.44602725302883584,0.0,-8.049415767688416,14.361035213396248,0.0,0.0,0.0,0.0,5.2837994015987135,-0.3495833225814692,-41.161124233053926,0.0,0.12499999999999993,0.03404960362287044,1.0,2.8371598903034507,0.0,0.0900198000017552,0.09982037118794296,0.03404960362287044,1.0,2.8371598903034507,Diagnostics & Research,Healthcare,VNRX
2015Q3,2015,Q3,2015-11-04,2015-09-30,-2962626.0,0.0,-2967230.0,-0.16,0.0,0.0,8861155.0,7140824.0,7262635.0,1085710.0,1720331.0,0.0,-26352970.0,80828549.76,74390639.76,0.39578702840752295,6.689295484061121,0.046677436519279934,0.057922727125048874,-0.371812898905329,0.39578702840752295,-0.4148857330750625,0.0,-6.8206845683525374,11.319218868858833,0.0,0.0,0.0,0.0,6.310640963056433,-0.3343385822728527,-29.34816699018128,0.0,-0.4545454545454546,-303.5548737015514,0.0,8.913177875971806,0.0,-0.543361535492159,-0.4706920291399473,-0.8250337176931173,-1.0,2.4240584790979116,Diagnostics & Research,Healthcare,VNRX
2015Q2,2015,Q2,2015-08-11,2015-06-30,-1919593.0,0.0,-2017574.0,-0.11,0.0,0.0,11335102.0,9413414.0,9688875.0,1274729.0,1921688.0,0.0,-23390344.0,70885530.8,62186855.8,0.5245497195317609,7.6007331754435645,0.05387459239449279,0.06487274436245978,-0.19466699074997557,0.5245497195317609,-0.20392102163997036,0.0,-9.231843781468259,7.530268062150459,0.0,0.0,0.0,0.0,7.303002442087691,-0.16934942446922843,-35.86473190320718,0.0,-0.36138613861386143,-75.16670087488254,0.0,11.50432592024954,0.0,0.04504132066948837,0.1414125681525323,-0.037125915321454185,-1.0,2.91622639226215,Diagnostics & Research,Healthcare,VNRX
2015Q1,2015,Q1,2015-05-12,2015-03-31,-2010132.0,0.0,-2349876.0,-0.0808,0.0,0.0,12353057.0,11075034.0,11329914.0,996567.0,1278023.0,0.0,-21519583.0,67658063.76,56936686.760000005,0.6727710964574017,11.368943583321542,0.022666454141675216,0.02528208942744555,-0.13699155943563707,0.6727710964574017,-0.18150120351774993,0.0,-8.414629457169978,6.109061494529047,0.0,0.0,0.0,0.0,11.069378175275721,-0.16272344570254957,-29.686047141001794,0.0,-2.407665505226481,-120.10179038722094,0.0,13.628931587939922,0.0,-3.127218352561701,-0.24633954626603488,-0.3167733642971133,-1.0,4.99404029690096,Diagnostics & Research,Healthcare,VNRX
2014Q4,2014,Q4,2015-03-18,2014-12-31,944958.0,0.0,-1885422.0,0.0574,0.0,0.0,3433029.0,368179.0,2335718.0,2713077.0,3064850.0,0.0,-19509451.0,64201082.4,62412118.4,0.022365636938233305,0.8609110614995447,0.10195078456954486,0.9506245603361408,2.6336313990410503,0.022365636938233305,2.5665722379603397,0.0,16.9851682296991,174.3746449417267,0.0,0.0,0.0,0.0,0.7883904511372143,0.27525488424362277,-64.3265835645344,0.0,1.0546666666666666,26.53853333570506,0.0,1.4279366654987993,-1.0,1.160326938973292,-1.7964844245051073,1.3967358313295863,1.0,-0.7261174263829336,Diagnostics & Research,Healthcare,VNRX
2014Q3,2014,Q3,2014-11-06,2014-09-30,-5893944.0,14785.0,2367180.0,-1.05,14785.0,1.0,3849454.0,-4098212.0,2670924.0,7580554.0,7947666.0,0.0,-18567489.0,57481241.5,55431574.5,-0.303010174197438,0.35233889238174415,0.09611752731686105,-0.09028327475494191,-1.5248834036819743,-0.303010174197438,1.4381745014655172,3887.808014879946,-2.4381484410099588,-14.0259316745937,0.0,0.0,0.0,0.0038408044361615957,0.31919395337069034,-1.5311116849298627,-51.574376576335695,1.0,-4.181818181818182,-158.98726569764506,0.0,-5.438332230250564,0.0,-8.215860842992933,3.2535192496075442,-299.38031423895717,0.0,-4.438522095995175,Diagnostics & Research,Healthcare,VNRX
2014Q2,2014,Q2,2014-08-01,2014-06-30,816804.0,0.0,-1050437.0,0.33,0.0,0.0,3049048.0,-532347.0,2009080.0,3152388.0,3581395.0,0.0,-12673545.0,20483716.5,19105445.5,-0.039762848211651436,0.6373200253268316,0.14102762567201305,-0.8077438212293861,57.18882384265702,-0.039762848211651436,-1.5343450794312732,0.0,6.269471164440919,-38.47812892718471,0.0,0.0,0.0,0.0,0.5736194275577753,0.2678882064172161,-15.33666902764592,0.0,2.2222222222222223,45.95572111812001,0.0,0.11241908286322094,0.0,1.3722176095252243,0.1516233999610717,62.467235973231986,0.0,0.2672437746391102,Diagnostics & Research,Healthcare,VNRX
2014Q1,2014,Q1,2014-05-15,2014-03-31,-2194426.0,0.0,-1238173.0,-0.27,0.0,0.0,3962376.0,-1664917.0,2910912.0,5194922.0,5627293.0,0.0,-13490348.0,33677666.0,31306864.0,-0.13595127851199665,0.5603379608009514,0.10852074613817568,-0.2582711330354606,1.5053379626223504,-0.13595127851199665,1.3180392776336598,0.0,-3.8367283745270973,-20.227834780953042,0.0,0.0,0.0,0.0,0.5391422623862302,-0.5538156903837496,-33.82548336229322,0.0,-1.8037383177570097,-126.55362942361265,0.0,-1.7749867918452855,0.0,-1.6456909169385388,0.2695390184518869,-0.9323057553216639,-1.0,-2.2112551298756795,Diagnostics & Research,Healthcare,VNRX
2013Q4,2013,Q4,2014-03-28,2013-12-31,-829434.0,0.0,-1695057.0,-0.0963,0.0,0.0,2070759.0,680674.0,1005451.0,957274.0,1390085.0,0.0,-11295922.0,30371131.52,29912427.52,0.05558144973585759,1.0503272835154824,0.20765332904505063,0.6317267884479207,-2.170148788296567,0.05558144973585759,-1.2185480861616573,0.0,-9.154173665415211,44.6192032015326,0.0,0.0,0.0,0.0,0.9283695159379655,-0.4005458867980291,-42.82038879520858,0.0,-0.15329341317365258,-45.953886263934876,0.0,2.156828854739535,0.0,0.10386390180289487,-0.8313714728377308,0.5318993922877552,1.0,-0.3193670030026536,Diagnostics & Research,Healthcare,VNRX
2013Q3,2013,Q3,2013-10-31,2013-09-30,-925567.0,0.0,-925567.0,-0.0835,0.0,0.0,2251877.0,391239.0,816737.0,585407.0,1860638.0,0.0,-10466491.0,23170235.33,23976760.33,0.03529051381456124,1.3951609734765726,0.5684147047107813,3.271657477909922,-0.5538208478859098,0.03529051381456124,-2.36573296629426,0.0,-6.258389541221759,59.222713814318105,0.0,0.0,0.0,0.0,0.8087962733619516,-0.4110202289023779,-27.98871684451864,0.0,0.15142276422764223,-26.57986474725801,0.0,1.840653267860728,0.0,0.11639622679335669,0.11639622679335669,-153.8457179032335,0.0,1.70558177278494,Diagnostics & Research,Healthcare,VNRX
2013Q2,2013,Q2,2013-07-29,2013-06-30,-1047491.0,0.0,-1047491.0,-0.0984,0.0,0.0,2493468.0,678586.0,1059628.0,674340.0,1814882.0,0.0,-9540924.0,23412785.000000004,23802036.000000004,0.0637638452665926,1.5713556959397337,0.45719455794098823,1.6799639249851899,-0.575992006976849,0.0637638452665926,-1.5436377997777733,0.0,-5.587824859593066,34.50231068722314,0.0,0.0,0.0,0.0,1.113309309843699,-0.4200940216597927,-23.631494481425598,0.0,-0.1068616422947131,-14.086438418433346,0.0,2.61786853253122,0.0,-0.15388242084959522,-0.15388242084959522,-69.08682578435784,0.0,2.2768974754319626,Diagnostics & Research,Healthcare,VNRX
2013Q1,2013,Q1,2013-05-06,2013-03-31,-907797.0,0.0,-907797.0,-0.0889,0.0,0.0,2252977.0,691033.0,797907.0,945921.0,1561944.0,0.0,-8493433.0,23483901.599999998,23123017.599999998,0.06767937998854501,0.843523930645371,0.2973763158700688,0.969536910682992,-0.6669999963262712,0.06767937998854501,-1.3136811121900112,0.0,-6.467277816516248,33.9837628593714,0.0,0.0,0.0,0.0,0.434355511718209,-0.4029322092502498,-42.156483713749736,0.0,0.365,-60.45110298137743,0.0,2.541617736867122,1.0,0.3855125889784502,0.3855125889784502,-87.17593162171605,0.0,2.2704443818859033,Diagnostics & Research,Healthcare,VNRX
2012Q4,2012,Q4,2013-04-01,2012-12-31,-1477324.0,-54968.0,-1477324.0,-0.14,-54968.0,1.0,2216766.0,833795.0,695142.0,747770.0,1382971.0,0.0,-7585633.0,28180681.919999998,27857120.919999998,0.08166140927791998,0.929620070342485,0.31255441485479296,0.8309716417104924,-0.967686870969538,0.08166140927791998,-1.7718072188007843,-512.674318148741,-4.768872962193805,33.79809415983545,0.0,0.0,0.0,-0.024796482804229223,0.5033914171469837,-0.666432090712326,-60.42144313274814,1.0,-0.5555555555555558,-102.80304776518247,0.0,2.902898461131025,-2.992388270687593,-0.6931769732589431,-0.6931769732589431,-63.371633008587644,0.0,2.5624822705847885,Diagnostics & Research,Healthcare,VNRX
2012Q3,2012,Q3,2012-11-14,2012-09-30,-872516.0,27589.0,-872516.0,-0.09,27589.0,1.0,2215581.0,1120920.0,709460.0,476764.0,1094661.0,0.0,-6108305.0,41795690.559999995,42100413.559999995,0.11559003177766851,1.488073763958688,0.2798363047886762,0.5531170823966028,-0.501180984766675,0.11559003177766851,-0.7783927488134746,1514.9403950849974,-11.97562295705752,37.28695228919102,0.0,0.0,0.0,0.0124522642142174,0.6632421911050331,-0.3938091182403171,-57.7296517355212,1.0,0.10000000000000009,-34.581793228523125,0.0,4.3723167810928425,1.3566242419065517,0.06328733415927151,0.06328733415927151,-32.03206961349721,0.0,3.4560463326387625,Diagnostics & Research,Healthcare,VNRX
2012Q2,2012,Q2,2012-08-14,2012-06-30,-931466.0,11707.0,-931466.0,-0.1,11707.0,1.0,2236793.0,1209675.0,719640.0,422631.0,1027118.0,0.0,-5235786.0,31519205.590000004,31732956.590000004,0.13394264452335775,1.7027619838582593,0.2682411828005542,0.496000992001984,-0.5147145205630845,0.13394264452335775,-0.7700134333602,2692.3383949773643,-8.459569536086127,26.055928732924134,0.0,0.0,0.0,0.0052338325450768134,0.941615735712714,-0.41642923596416836,-51.417953654159874,1.0,-0.07874865156418555,-51.71069051814851,0.0,5.158805086569001,-0.2529989790709546,-0.1618055728789882,-0.1618055728789882,-74.9979030334221,0.0,3.9898495861504055,Diagnostics & Research,Healthcare,VNRX
2012Q1,2012,Q1,2012-05-15,2012-03-31,-801740.0,15672.0,-801740.0,-0.0927,15672.0,1.0,2188988.0,970388.0,604386.0,576621.0,1218600.0,0.0,-4304323.0,25936956.0,26359144.0,0.11224000225778229,1.04815121197459,0.29237254841049837,0.6595300024320169,-0.4978551752745301,0.11224000225778229,-0.8262056002341331,1654.9869831546707,-8.087707985132337,26.728438521498617,0.0,0.0,0.0,0.007159472779202079,0.4049176148631423,-0.366260573379114,-43.093592523364485,1.0,0.0,-32.93044557654272,0.0,3.996791404155508,0.0,0.0,0.0,-65.0111005063892,0.0,3.291001064433142,Diagnostics & Research,Healthcare,VNRX
2011Q3,2011,Q3,2011-11-29,2011-08-31,-3315.0,0.0,-3315.0,-0.0015,0.0,0.0,139.0,-127310.0,139.0,127449.0,127449.0,0.0,-230260.0,6855000.0,6854861.0,-0.055715536105032826,0.001090632331363918,0.0,0.0,,-0.055715536105032826,0.026038802922001412,0.0,-516.9683257918552,-53.84494540884455,0.0,0.0,0.0,0.0,0.001090632331363918,-23.848920863309353,-3400.2976190476193,0.0,-0.5,0.5465736561345917,0.0,-1.2642549710098534,0.0,-0.46164021164021163,-0.46164021164021163,0.5207459881451496,0.0,-0.3271965305867146,Diagnostics & Research,Healthcare,VNRX
2011Q2,2011,Q2,2011-07-01,2011-05-31,-2268.0,0.0,-2268.0,-0.001,0.0,0.0,1060.0,-123995.0,1060.0,125055.0,125055.0,0.0,-226945.0,6855000.0,6853940.0,-0.05426477024070022,0.008476270441005957,0.0,0.0,,-0.05426477024070022,0.018291060123392072,0.0,-755.621693121693,-55.284487277712806,0.0,0.0,0.0,0.0,0.008476270441005957,-2.139622641509434,-7081.611570247934,0.0,0.0,0.16494845360824734,0.0,-1.4816371460022018,0.0,0.015625,0.015625,0.8478669170914945,0.0,-0.3768502170847353,Diagnostics & Research,Healthcare,VNRX
2011Q1,2011,Q1,2011-03-11,2011-02-28,-2304.0,0.0,-2304.0,-0.001,0.0,0.0,2028.0,-121727.0,2028.0,123755.0,123755.0,0.0,-224677.0,6855000.0,6852972.0,-0.05327221006564552,0.016387216678114016,0.0,0.0,,-0.05327221006564552,0.01892760028588563,0.0,-743.8151041666666,-56.3145399130842,0.0,0.0,0.0,0.0,0.016387216678114016,-1.136094674556213,6875.626880641926,0.0,0.5454545454545455,0.4731305739766751,0.0,-1.520279922979772,0.0,0.5514018691588785,0.5514018691588785,0.6310648518815052,0.0,-0.42236010329395546,Diagnostics & Research,Healthcare,VNRX
2010Q4,2010,Q4,2011-01-07,2010-11-30,-5136.0,0.0,-5136.0,-0.0022,0.0,0.0,662.0,-119423.0,662.0,120085.0,120085.0,0.0,-222373.0,6855000.0,6854338.0,-0.052263894967177246,0.005512761793729441,0.0,0.0,,-0.052263894967177246,0.04300679098666086,0.0,-333.67406542056074,-57.40100315684583,0.0,0.0,0.0,0.0,0.005512761793729441,-7.758308157099698,-128.88487788369338,0.0,-3.4000000000000004,0.8050910534990452,0.0,-1.2760010570967295,0.0,-3.168831168831169,-3.168831168831169,-0.6487961476725523,0.0,-0.4856193864603291,Diagnostics & Research,Healthcare,VNRX
2010Q3,2010,Q3,2010-11-04,2010-08-31,-1232.0,0.0,-1232.0,-0.0005,0.0,0.0,485.0,-114287.0,485.0,114772.0,114772.0,0.0,-217237.0,6855000.0,6854515.0,-0.05001619256017505,0.004225769351409752,0.0,0.0,,-0.05001619256017505,0.010779878726364328,0.0,-1391.0308441558443,-59.98057521852879,0.0,0.0,0.0,0.0,0.004225769351409752,-2.54020618556701,-10051.319648093842,0.0,0.6428571428571428,-13.466156482119839,0.0,-0.34308141281571486,0.0,0.6160797756310377,0.6160797756310377,0.7867774316372447,0.0,-0.45921272711022576,Diagnostics & Research,Healthcare,VNRX
2010Q2,2010,Q2,2010-06-24,2010-05-31,-3209.0,0.0,-3209.0,-0.0014,0.0,0.0,106.0,-114105.0,106.0,114211.0,114211.0,0.0,-216005.0,6855000.0,6854894.0,-0.04993654266958424,0.0009281067497876737,0.0,0.0,,-0.04993654266958424,0.028123219841374173,0.0,-534.0448737924587,-60.076245563296965,0.0,0.0,0.0,0.0,0.0009281067497876737,-30.27358490566038,-10402.124430955993,0.0,0.0,0.5652241462918315,0.0,0.12511739329628774,0.0,0.00031152647975077883,0.00031152647975077883,0.28226347573249827,0.0,-0.5504871387224328,Diagnostics & Research,Healthcare,VNRX
2010Q1,2010,Q1,2010-03-30,2010-02-28,-3210.0,0.0,-3210.0,-0.0014,0.0,0.0,725.0,-111946.0,725.0,112671.0,112671.0,0.0,-212796.0,6855000.0,6854275.0,-0.04899168490153173,0.00643466375553603,0.0,0.0,,-0.04899168490153173,0.02867453951012095,0.0,-533.8785046728972,-61.23488110338913,0.0,0.0,0.0,0.0,0.00643466375553603,-4.427586206896552,-10386.363636363636,0.0,0.0,0.6954747010935058,0.0,0.10367981086583508,0.0,0.026092233009708737,0.026092233009708737,0.7207481513701609,0.0,-0.5953086701248362,Diagnostics & Research,Healthcare,VNRX
2009Q4,2009,Q4,2010-01-08,2009-11-30,-3296.0,0.0,-3296.0,-0.0014,0.0,0.0,846.0,-109786.0,846.0,110632.0,110632.0,0.0,-209586.0,6855000.0,6854154.0,-0.048046389496717724,0.007646973750813508,0.0,0.0,,-0.048046389496717724,0.03002204288342776,0.0,-519.9484223300971,-62.43965532945913,0.0,0.0,0.0,0.0,0.007646973750813508,-3.895981087470449,-2587.7689694224237,0.0,0.4814814814814815,0.3502700028541528,0.0,0.05525327748296433,0.0,0.4704370179948586,0.4704370179948586,0.2757635684464953,0.0,-0.8381301588896143,Diagnostics & Research,Healthcare,VNRX
2009Q3,2009,Q3,2009-09-30,2009-08-31,-6224.0,0.0,-6224.0,-0.0027,0.0,0.0,3441.0,-107540.0,3441.0,110981.0,110981.0,0.0,-206290.0,6855000.0,6851559.0,-0.04706345733041575,0.031005307214748472,0.0,0.0,,-0.04706345733041575,0.05787613911102846,0.0,-275.34543701799487,-63.74372326576158,0.0,0.0,0.0,0.0,0.031005307214748472,-1.8087765184539377,-7961.672473867596,0.0,-0.9285714285714287,-72.08227105902101,0.0,-0.26379181476635116,0.0,-1.0070944856497903,-1.0070944856497903,0.14868007112570097,0.0,-0.9126382812222104,Diagnostics & Research,Healthcare,VNRX
2009Q2,2009,Q2,2009-06-10,2009-05-31,-3101.0,0.0,-3101.0,-0.0014,0.0,0.0,3061.0,-102366.0,3061.0,105427.0,105427.0,0.0,-200066.0,6855000.0,6851939.0,-0.04479912472647703,0.029034308099443216,0.0,0.0,,-0.04479912472647703,0.03029326143446066,0.0,-552.6443082876491,-66.96559404489771,0.0,0.0,0.0,0.0,0.029034308099443216,-1.0130676249591637,-12441.016333938294,0.0,0.0,0.5798566773608506,0.0,0.21512437739071713,0.0,0.062008469449485785,0.062008469449485785,-0.14175257731958774,0.0,-1.0487541278895227,Diagnostics & Research,Healthcare,VNRX
2009Q1,2009,Q1,2009-03-17,2009-02-28,-3306.0,0.0,-3306.0,-0.0014,0.0,0.0,1081.0,-100315.0,1081.0,101396.0,101396.0,0.0,-196965.0,6855000.0,6853919.0,-0.043901531728665205,0.010661170065880311,0.0,0.0,,-0.043901531728665205,0.03295618800777551,0.0,-518.3756805807623,-68.33474555151274,0.0,0.0,0.0,0.0,0.010661170065880311,-3.0582793709528215,-3912.671232876712,0.0,0.0,0.68636740243462,0.0,0.1968059620442558,0.0,-0.03799058084772371,-0.04421983575489577,0.2439972558884062,0.0,-1.0769581150748464,Diagnostics & Research,Healthcare,VNRX
2008Q4,2008,Q4,2008-12-30,2008-11-30,-3185.0,0.0,-3166.0,-0.0014,0.0,0.0,799.0,-98059.0,799.0,98858.0,98858.0,0.0,-193659.0,6855000.0,6854201.0,-0.04291422319474836,0.008082299864452042,0.0,0.0,,-0.04291422319474836,0.03248044544610897,0.0,-538.0690737833595,-69.90689278903517,0.0,0.0,0.0,0.0,0.008082299864452042,-3.986232790988736,-2650.8120649651974,0.0,0.5333333333333333,0.37215107982113965,0.0,0.1561681920891735,0.0,0.5395402631198496,0.5466132034942002,0.8791306474677685,0.0,-0.8688392324581377,Diagnostics & Research,Healthcare,VNRX
2008Q3,2008,Q3,2008-09-29,2008-08-31,-6917.0,0.0,-6983.0,-0.003,0.0,0.0,3318.0,-95924.0,3318.0,99242.0,99242.0,0.0,-190474.0,6855000.0,6851682.0,-0.04197986870897155,0.033433425364261096,0.0,0.0,,-0.04197986870897155,0.07210916975939285,0.0,-247.75914413763195,-71.46282473624953,0.0,0.0,0.0,0.0,0.033433425364261096,-2.084689572031344,161.4993167789662,0.0,0.5384615384615384,-80.21948408021342,0.0,-0.1272825556969264,0.0,0.5360209283606118,-0.2687136627906977,-80.21948408021342,0.0,-0.1272825556969264,Diagnostics & Research,Healthcare,VNRX
2008Q2,2008,Q2,2008-06-20,2008-06-20,-14908.0,0.0,-5504.0,-0.0065,0.0,0.0,1838.0,-90057.0,1838.0,91895.0,91895.0,0.0,-183557.0,6855000.0,6853162.0,-0.03941225382932166,0.020001088198487404,0.0,0.0,0.06120717272868271,-0.03941225382932166,0.16553960269607026,0.0,-114.95505768714784,-76.11845830973716,0.0,0.0,0.0,0.0,0.020001088198487404,-8.110990206746463,-11020.900321543408,0.0,-1.4074074074074072,-1.019831233119781,0.0,0.3095017491615949,0.0,-1.387189751801441,0.11525478218935863,-1.019831233119781,0.0,0.3095017491615949,Diagnostics & Research,Healthcare,VNRX
2008Q1,2008,Q1,2008-02-29,2008-02-29,-6245.0,0.0,-6221.0,-0.0027,0.0,0.0,2460.0,-85581.0,2460.0,88041.0,88041.0,0.0,-178031.0,6855000.0,6852540.0,-0.037453391684901534,0.027941527242989064,0.0,0.0,,-0.037453391684901534,0.07297180448931422,0.0,-274.4195356285028,-80.09955480772601,0.0,0.0,0.0,0.0,0.027941527242989064,-2.5386178861788617,10513.803680981595,0.0,-0.9285714285714287,0.4075512487006056,0.0,0.3147769629438214,0.0,-1.0048154093097914,-1.0093669250645996,0.4075512487006056,0.0,0.3147769629438214,Diagnostics & Research,Healthcare,VNRX
2007Q4,2007,Q4,2008-01-03,2007-11-30,-3115.0,0.0,-3096.0,-0.0014,0.0,0.0,1808.0,-80386.0,1808.0,82194.0,82194.0,0.0,-171786.0,6855000.0,6853192.0,-0.03517986870897155,0.021996739421368955,0.0,0.0,,-0.03517986870897155,0.0387505286990272,0.0,-550.1605136436598,-85.27604309208071,0.0,0.0,0.0,0.0,0.021996739421368955,-1.7228982300884956,-2709.486166007905,0.0,0.44,0.3859499571877081,0.0,0.30825050519871,0.0,0.46088611976462446,0.4743633276740238,0.3859499571877081,0.0,0.30825050519871,Diagnostics & Research,Healthcare,VNRX
2007Q3,2007,Q3,2007-09-25,2007-08-31,-5778.0,0.0,-5890.0,-0.0025,0.0,0.0,4338.0,-78321.0,4338.0,82659.0,82659.0,0.0,-168671.0,6855000.0,6850662.0,-0.03427614879649891,0.05248067361085907,0.0,0.0,,-0.03427614879649891,0.07377331750105336,0.0,-296.5991692627207,-87.52441873826942,0.0,0.0,0.0,0.0,0.05248067361085907,-1.3319502074688796,-3297.2582972582973,0.0,-0.25,-66.84533454033152,0.0,0.07958491050478522,0.0,-0.2923283381793782,-0.32807215332581735,-66.84533454033152,0.0,0.07958491050478522,Diagnostics & Research,Healthcare,VNRX
2007Q2,2007,Q2,2007-07-11,2007-05-31,-4471.0,0.0,-4435.0,-0.002,0.0,0.0,552.0,-73593.0,552.0,74145.0,74145.0,0.0,-162893.0,6855000.0,6854448.0,-0.03220700218818381,0.007444871535504754,0.0,0.0,,-0.03220700218818381,0.06075306075306075,0.0,-383.3035115186759,-93.14744608862256,0.0,0.0,0.0,0.0,0.007444871535504754,-8.09963768115942,-8579.474342928661,0.0,0.6,0.3942403110223679,0.0,0.4357369468897393,1.0,0.611048281861679,0.6134065550906556,0.3942403110223679,0.0,0.4357369468897393,Diagnostics & Research,Healthcare,VNRX
2007Q1,2007,Q1,2007-03-20,2007-02-28,-11495.0,0.0,-11472.0,-0.005,-4000.0,0.0,1275.0,-70172.0,1275.0,71447.0,71447.0,0.0,-158422.0,6855000.0,6853725.0,-0.03070984682713348,0.01784539588786093,0.0,0.0,,-0.03070984682713348,0.16381177677706207,0.0,-149.0865593736407,-97.68853673830017,0.0,0.0,0.0,0.0,0.01784539588786093,-9.015686274509804,-549.7634132648969,0.0,-1.5,-0.09050414670721191,0.0,0.43815249931285966,0.0,-1.5258185014282575,-1.5504668741662961,-0.09050414670721191,0.0,0.43815249931285966,Diagnostics & Research,Healthcare,VNRX
