Quarters,Year,Quarter,FillingDate,Date,NetIncome,Revenue,OperatingIncome,EPSDiluted,GrossProfit,GrossProfitRatio,TotalAssets,CommonStockEquity,CurrentAssets,CurrentLiability,TotalLiability,Inventory,RetainedEarnings,MarketCap,EnterpriseValue,bookValuePerShare,currentRatio,debtToAssets,debtToEquity,roic,shareholdersEquityPerShare,roe,priceToSalesRatio,peRatio,pbRatio,payoutRatio,inventoryTurnover,dividendYield,assetTurnover,quickRatio,returnOnAssets,priceToFreeCashFlowsRatio,grossProfitMargin,epsdilutedGrowth,fiveYNetIncomeGrowthPerShare,fiveYRevenueGrowthPerShare,fiveYShareholdersEquityGrowthPerShare,grossProfitGrowth,netIncomeGrowth,operatingIncomeGrowth,threeYNetIncomeGrowthPerShare,threeYRevenueGrowthPerShare,threeYShareholdersEquityGrowthPerShare,Industry,Sector,Symbol
2023Q1,2023,Q1,2023-05-02,2023-04-01,5683000.0,466738000.0,18114000.0,0.18,144477000.0,0.3095462551,2260659000.0,1049144000.0,1189737000.0,606923000.0,1211515000.0,686949000.0,961597000.0,2711669360.0,3482332360.0,33.37396615345464,1.9602766743062958,0.3556352373356619,0.7663104397489763,0.008100525861848748,33.37396615345464,0.005416796931593757,5.809831982825482,119.288639802921,2.5846493522338214,0.0,0.4691192504829325,0.0,0.20646103636152113,0.7622301346299284,0.002513868743583176,173.0153359280291,0.30954625507243894,-0.6842105263157895,-0.8058297655160025,1.1504992921656487,0.6717505970941664,-0.08427877850596423,-0.6813747477012783,-0.0865816146437396,-0.7431852453276038,0.8638411170235113,0.3644369621593698,Auto Parts,Consumer Cyclical,DORM
2022Q4,2022,Q4,2023-03-01,2022-12-31,17836000.0,501281000.0,19831000.0,0.57,157774000.0,0.3147416319,2341786000.0,1042631000.0,1269120000.0,678295000.0,1299155000.0,755901000.0,956870000.0,2541795209.84,3328309209.84,33.172447820966504,1.871044309629291,0.3555183949344646,0.7985068542945682,0.007814986099514209,33.172447820966504,0.01710672327985644,5.0705995436491715,35.62731567952456,2.4378665221348683,0.0,0.45443384781869584,0.0,0.21405926929275348,0.6979544298572156,0.007616409014316423,-1445.0228594883458,0.31474163193897237,-0.4123711340206186,-0.13274930488215528,1.3512560112139462,0.7543121423681919,0.1960640128571537,-0.41714323061337866,-0.528921300805283,0.05281468914261164,1.1675099285314465,0.3961433136236806,Auto Parts,Consumer Cyclical,DORM
2022Q3,2022,Q3,2022-10-24,2022-09-24,30601000.0,413470000.0,42097000.0,0.97,131911000.0,0.3190340291,1801208000.0,1021041000.0,1177018000.0,673878000.0,780167000.0,677898000.0,939208000.0,2607741220.0,2885649220.0,32.50584190251823,1.7466336636601878,0.17396269614614193,0.3068858155549092,0.022884368575968796,32.50584190251823,0.02997039296169302,6.306965970928967,21.304379105257997,2.5540024543578563,0.0,0.4153412460281635,0.0,0.22955150099266713,0.6954730678253334,0.016989153945574303,-165.86574354407836,0.31903402907103295,-0.19166666666666665,0.21923644238320183,0.9808427017995673,0.7492791884452916,-0.06793146087263734,-0.19269225695818493,-0.14898821436513232,0.48692277465342165,0.6867655157528599,0.36832246561405985,Auto Parts,Consumer Cyclical,DORM
2022Q2,2022,Q2,2022-07-25,2022-06-25,37905000.0,417419000.0,49467000.0,1.2,141525000.0,0.3390478153,1761167000.0,990957000.0,1131059000.0,660335000.0,770210000.0,634774000.0,910194000.0,3290407040.0,3555260040.0,31.535036914460285,1.7128563532146561,0.17989151511469384,0.31971013878503307,0.027990191427854163,31.535036914460285,0.0382509029150609,7.882743813769857,21.701668909114893,3.3204337221493967,0.0,0.43463342859033294,0.0,0.23701273076318147,0.7107301596916716,0.021522660826599635,618.6138447076518,0.33904781526475797,0.08108108108108095,0.4483341073896011,0.9783183155772017,0.7237741277891448,0.06218102671870309,0.07663248785752834,0.058978420962493575,0.8392609832984108,0.7131859259792473,0.37773743248340896,Auto Parts,Consumer Cyclical,DORM
2022Q1,2022,Q1,2022-04-25,2022-03-26,35207000.0,401579000.0,46712000.0,1.11,133240000.0,0.331790258,1724301000.0,959400000.0,1088204000.0,652618000.0,764901000.0,565200000.0,879923000.0,2962889693.92,3227703693.92,30.476574333934057,1.6674440484326205,0.18456232409538706,0.33170835939128623,0.026412498171724502,30.476574333934057,0.036696893892015844,7.3780991882543665,21.03906676172352,3.0882736021680217,0.0,0.47476822363765037,0.0,0.23289379290506704,0.780697130633847,0.020418128853373047,185.56333023861714,0.33179025795671585,0.03738317757009349,0.32004544377206684,0.982903437269166,0.6934487395333363,0.013871873501906147,0.03306924882629108,0.03473329789119263,0.5739822648271649,0.7237325971003207,0.35357992833278096,Auto Parts,Consumer Cyclical,DORM
2021Q4,2021,Q4,2022-02-22,2021-12-25,34080000.0,398176000.0,45144000.0,1.07,131417000.0,0.3300475167,1673119000.0,932736000.0,1076582000.0,665048000.0,740383000.0,531988000.0,856409000.0,3363671107.78,3596692107.78,29.50994967683154,1.6188034547882257,0.17440660227993346,0.3128462930561273,0.027444184322853282,29.50994967683154,0.036537669822972414,8.447699278158403,24.674817398620892,3.6062413242117817,0.0,0.5014380023609555,0.0,0.23798426770600298,0.7992596023144194,0.020369142900176256,185.11205259919655,0.33004751667604276,0.028846153846153872,0.29674115401651935,0.8980446029974678,0.6930560246680578,0.12462560117753778,0.029482841952634124,0.021565477133352946,0.028545899524087832,0.5970498795481073,0.3385665203007874,Auto Parts,Consumer Cyclical,DORM
2021Q3,2021,Q3,2021-10-25,2021-09-25,33104000.0,348426000.0,44191000.0,1.04,116854000.0,0.3353768088489378,1615848000.0,904524000.0,1013135000.0,622760000.0,711324000.0,475462000.0,830882000.0,3062397960.0,3307024960.0,28.541082923135175,1.6268466182799153,0.18683069199578178,0.3337556549079958,0.02668024510510832,28.541082923135175,0.036598254993786786,8.7892349021026,23.127099142097627,3.3856458866763073,0.0,0.48704628340435197,0.0,0.21563043058505502,0.8355963774166613,0.020487075517004075,91.7077818704519,0.3353768088489378,0.05050505050505055,0.35440019142856494,0.7883971242127659,0.7057484843513009,0.06110329171396141,0.04699854513251945,0.08823384554767534,0.01762385904329765,0.4694075059144318,0.3474568845057303,Auto Parts,Consumer Cyclical,DORM
2021Q2,2021,Q2,2021-07-26,2021-06-26,31618000.0,310635000.0,40608000.0,0.99,110125000.0,0.35451574999597596,1269477000.0,892985000.0,974609000.0,332528000.0,376492000.0,356759000.0,820719000.0,3194291702.4,3074702702.4,28.000378779683487,2.9309080739065583,0.028318748587016544,0.04025823502074503,0.03269620691667057,28.000378779683487,0.03540708970475428,10.283103006422328,25.256908267442597,3.57709446676036,0.0,0.562032072071062,0.0,0.24469525639298703,1.8097152720973873,0.024906319689131824,226.20860437646058,0.35451574999597596,-0.028586062859312842,0.32108393750922076,0.609102288076646,0.754453903654848,0.05362610026789131,-0.03397494653223342,-0.025041415572255168,-0.04072845663660123,0.3589393743401418,0.38028499805200916,Auto Parts,Consumer Cyclical,DORM
2021Q1,2021,Q1,2021-04-26,2021-03-27,32730000.0,288012000.0,41651000.0,1.019133,104520000.0,0.3629015457689263,1264269000.0,883811000.0,966637000.0,335417000.0,380458000.0,337697000.0,815894000.0,3379195856.16,3249818856.16,27.519740606475473,2.881896266438493,0.02944468305400196,0.04211986499375998,0.03418509723233407,27.519740606475473,0.037032804524949336,11.732830077080122,25.81115074977085,3.823437201121054,0.0,0.54336283709953,0.0,0.22780911340861795,1.8458307122179258,0.02588847784767324,228.12366543981636,0.3629015457689263,-0.08186216216216219,0.43531100104784337,0.4970113814739114,0.7934808776040361,-0.06150668941366616,-0.08959416984228533,-0.09286725470978983,0.09461959420492505,0.29893954783830956,0.37850390868181893,Auto Parts,Consumer Cyclical,DORM
2020Q4,2020,Q4,2021-02-22,2020-12-26,35951000.0,301216000.0,45915000.0,1.11,111370000.0,0.36973467544884736,1220661000.0,853559000.0,922931000.0,322645000.0,367102000.0,298719000.0,789152000.0,2881032354.4,2762539354.4,26.533802691681426,2.8605154271722792,0.030379441958086645,0.04344515141894116,0.03871300061326419,26.533802691681426,0.04211893963979057,9.564672375969405,20.034438224249673,3.37531717713714,0.0,0.6355337290229279,0.0,0.24676466275239398,1.9106262300671015,0.02945207555578494,1008.0589063680897,0.36973467544884736,0.047169811320754755,0.7883362504049021,0.5937185563592765,0.7857030604551721,0.03310729956122856,0.049388481858781634,0.025506443615571885,0.7079581744500423,0.38043440619129476,0.40322994843322096,Auto Parts,Consumer Cyclical,DORM
2020Q3,2020,Q3,2020-10-29,2020-09-26,34259000.0,300620000.0,44773000.0,1.06,107801000.0,0.35859556915707536,1158833000.0,831365000.0,870875000.0,279400000.0,327468000.0,283292000.0,774148000.0,2757204950.1,2621135950.1,25.735120904750474,3.116947029348604,0.029713513508848988,0.04141742796485298,0.038070242912585164,25.735120904750474,0.04120813361159058,9.171728261925354,20.12029649216264,3.3164794646154214,0.0,0.680636939977126,0.0,0.2594161540101119,2.0608947745168216,0.029563362451707882,-35.07894338549618,0.35859556915707536,1.4651162790697678,0.4455988069698571,0.5672242617569522,0.7377869714107135,0.36201799161065346,1.4673388548793662,1.5406003518129716,0.3272209761604798,0.4003612825974859,0.3849175648428854,Auto Parts,Consumer Cyclical,DORM
2020Q2,2020,Q2,2020-07-30,2020-06-27,13885000.0,233182000.0,17623000.0,0.43,79148000.0,0.3394258561981628,1179649000.0,807132000.0,886700000.0,325641000.0,372517000.0,274821000.0,751400000.0,2066184070.0,1839801070.0,25.012612724286466,2.7229372222785213,0.11289375059869504,0.16499779466060074,0.014492843206132757,25.012612724286466,0.017202886268912643,8.860821461347788,37.20172974432841,2.559908503194025,0.0,0.560488463399813,0.0,0.19767066305316242,1.847000224173246,0.011770450362777402,10.479041603059242,0.3394258561981628,-0.3857142857142857,-0.3376981797225099,0.2953316551908881,0.7651359864456418,-0.06661792280387278,-0.3903402854006586,-0.29682387678557176,-0.4833527758547425,0.076204838972147,0.3672441481355561,Auto Parts,Consumer Cyclical,DORM
2020Q1,2020,Q1,2020-04-27,2020-03-28,22775000.0,257730000.0,25062000.0,0.7,84797000.0,0.3290148605129399,1152784000.0,791375000.0,854260000.0,314537000.0,361409000.0,258371000.0,737596000.0,1697290840.0,1664226840.0,24.459881312975213,2.715928491719575,0.11165491540479396,0.16264602748380982,0.021700541377897075,24.459881312975213,0.028779023850892434,6.585538509292671,18.631073984632273,2.1447364902858945,0.0,0.6693204732729292,0.0,0.2235718052991714,1.8601277433179562,0.01975651986842288,112.51513689095128,0.3290148605129399,0.29876394779711085,0.17588682227119712,0.5065887745485174,0.8065617602824959,0.08350157164396514,0.2977947461393812,0.1442790612729431,-0.16914769032162677,0.2382294501886752,0.35912766063317575,Auto Parts,Consumer Cyclical,DORM
2019Q4,2019,Q4,2020-02-26,2019-12-28,17549000.0,239567000.0,21902000.0,0.538974,78262000.0,0.3266810537344459,1041072000.0,773584000.0,754590000.0,220502000.0,267488000.0,280813000.0,720653000.0,2445443998.48,2406820998.48,23.760059226919648,3.4221458308768176,0.02855710267877726,0.0384315084076196,0.021173421697911365,23.760059226919648,0.022685319241349356,10.207766505737435,34.83736962903869,3.161187406254524,0.0,0.5744214121141116,0.0,0.23011568844421904,2.0868881007882014,0.01685666313184871,79.5214619693028,0.3266810537344459,-0.17080923076923088,0.028871063283083292,0.5060947122825248,0.8311978808510815,-0.09965026920068105,-0.1764126149802891,-0.18770166524496532,-0.3517591544218336,0.10863513793456289,0.36317112909849397,Auto Parts,Consumer Cyclical,DORM
2019Q3,2019,Q3,2019-10-28,2019-09-28,21308000.0,253796000.0,26963000.0,0.65,86924000.0,0.3424955476051632,1016816000.0,772592000.0,724850000.0,195552000.0,244224000.0,282087000.0,719713000.0,2572815420.0,2550058420.0,23.7559805670008,3.7066867124856815,0.03089349498827713,0.040659235404974424,0.02547461633586843,23.7559805670008,0.027579886926087767,10.137336364639317,30.186026609724045,3.3301088025762624,0.0,0.5915621776260516,0.0,0.24959874746266777,2.1811385207003764,0.02095561045459552,163.03247069260505,0.3424955476051632,-0.008891010031547807,-0.04749660989936184,0.4073265251635847,0.9012962606552601,-0.002570340111075412,-0.008884134145774223,-0.009550747529662418,-0.15046432127336928,0.26943533401031733,0.4197684073716062,Auto Parts,Consumer Cyclical,DORM
2019Q2,2019,Q2,2019-07-31,2019-06-29,21499000.0,254175000.0,27223000.0,0.655831,87148000.0,0.3428661355365398,1016257000.0,750332000.0,724321000.0,214483000.0,265925000.0,291739000.0,698490000.0,2856565183.34,2850954183.34,22.88900350019345,3.37705552421404,0.0322880924805438,0.043731308274203955,0.026322063437740805,22.88900350019345,0.028652649760372743,11.238576505714567,33.21741922112656,3.8070683155456515,0.0,0.572522014540394,0.0,0.2501089783391406,1.9351790118564176,0.021155081834614668,245.83177137177282,0.3428661355365398,-0.07629436619718298,0.024802832135851754,0.43547465869576535,0.8410441180556304,-0.003931788049193069,-0.08151407698551716,-0.08469504404545761,-0.12608750009895142,0.2809134088289558,0.4341842250656088,Auto Parts,Consumer Cyclical,DORM
2019Q1,2019,Q1,2019-05-01,2019-03-30,23407000.0,243791000.0,29742000.0,0.71,87492000.0,0.3588811728078559,927482000.0,741707000.0,634574000.0,133916000.0,185775000.0,288862000.0,691488000.0,2901861925.17,2893923925.17,22.515533583208775,4.738597329669345,0.035424946252326193,0.04429781571429149,0.02896166573628861,22.515533583208775,0.03155828379670139,11.90307240697975,30.993526777993765,3.912410055682365,0.0,0.5410853625606691,0.0,0.2628525405344794,2.5262328623913497,0.02523714745946552,382.1759416791782,0.3588811728078559,-0.3227129638462273,0.10121281328514754,0.4719330395762607,0.8806658302413605,-0.09752751503398764,-0.32347755715483106,-0.3336917803615834,0.0007156590720792736,0.2353701980730007,0.4673531814116959,Auto Parts,Consumer Cyclical,DORM
2018Q4,2018,Q4,2019-02-26,2018-12-29,34599000.0,260342000.0,44637000.0,1.0483,96947000.0,0.37238324972536124,887557000.0,727623000.0,629728000.0,141590000.0,159934000.0,270504000.0,679432000.0,2915979469.35,2872521469.35,22.04593438524101,4.4475457306306945,0.0,0.0,0.04786599101640187,22.04593438524101,0.04755072338285073,11.200572590477142,21.069824773476114,4.007541638114793,0.0,0.6040391269630024,0.0,0.29332425973768445,2.497153753796172,0.03898228508140886,596.0710280764513,0.37238324972536124,0.02127303052031047,0.8539318166180404,0.6938749366506574,0.9434825644183467,0.020526964009389772,0.017109092512567245,0.020670889259826675,0.6774820983970917,0.34256082844332636,0.48367322090100684,Auto Parts,Consumer Cyclical,DORM
2018Q3,2018,Q3,2018-10-30,2018-09-29,34017000.0,247954000.0,43733000.0,1.026464,94997000.0,0.3831234825814466,849062000.0,701953000.0,601957000.0,127859000.0,147109000.0,239957000.0,654308000.0,2549128569.2400002,2496015569.2400002,21.181444283172386,4.7079751914218,0.0,0.0,0.04839300955387996,21.181444283172386,0.04846050946430886,10.28065112577333,18.73422530822824,3.631480411423557,0.0,0.6374350404447463,0.0,0.2920328550800766,2.7699418891122254,0.04006421203634128,197.2246475234043,0.3831234825814466,-0.0034330097087378482,0.63615810190157,0.5338536765657333,0.9633591946682444,0.02476780185758514,-0.009377093101138647,0.02227676484338476,0.3992076419858976,0.260078071438124,0.43029589980143934,Auto Parts,Consumer Cyclical,DORM
2018Q2,2018,Q2,2018-08-01,2018-06-30,34339000.0,238147000.0,42780000.0,1.03,92701000.0,0.38925957496840186,815848000.0,674016000.0,584603000.0,122561000.0,141832000.0,218523000.0,627319000.0,2269652417.01,2194842417.01,20.28594009150307,4.769894175145438,0.0,0.0,0.05086007391814575,20.28594009150307,0.050946861795565686,9.53046822764931,16.52386802913597,3.367356883234226,0.0,0.665586688815365,0.0,0.2919011874760985,2.916841409583799,0.0420899481275924,109.57093835135659,0.38925957496840186,0.10752688172043008,0.9505173107355542,0.6124806472768151,0.9935626116346183,0.04587352625937835,0.12046856136000261,0.0696604490673601,0.5907727682843285,0.28481769872997753,0.43157547230659965,Auto Parts,Consumer Cyclical,DORM
2018Q1,2018,Q1,2018-05-03,2018-03-31,30647000.0,227262000.0,39994000.0,0.93,88635000.0,0.39001240858568526,773048000.0,657138000.0,540369000.0,95832000.0,115910000.0,205905000.0,611337000.0,2179434570.0,2104090570.0,19.963483914086947,5.638711495116453,0.0,0.0,0.0464605074246395,19.963483914086947,0.046637083839315335,9.589964754336405,17.778531096028974,3.316555381061512,0.0,0.6732570845778393,0.0,0.29398174498866825,3.4007429668586693,0.03964436878434457,161.7391146567718,0.39001240858568526,0.4307692307692308,0.7808032155132706,0.6307327610914538,1.0694989869988059,-0.02521775470702094,0.39513816178813677,-0.07867032182266351,0.5552594175240029,0.30576285920176616,0.47446613414565886,Auto Parts,Consumer Cyclical,DORM
2017Q4,2017,Q4,2018-02-27,2017-12-30,21967000.0,227719000.0,43409000.0,0.65,90928000.0,0.399299136216126,765924000.0,634807000.0,532849000.0,110781000.0,131117000.0,212149000.0,589659000.0,2052562977.3600001,1980871977.3600001,18.90909093075429,4.809931305909858,0.0,0.0,0.03470335016170129,18.90909093075429,0.034604218289968444,9.013578038547509,23.359618716256204,3.233365380911049,0.0,0.6447873899947678,0.0,0.2973127882139742,2.83054855977108,0.02868039126597417,73.66097173371614,0.399299136216126,-0.18651873822798753,0.5600316161776859,0.8326289578820614,1.0721372716273379,0.03179538388216871,-0.18664840047393366,0.014465996728207526,0.24901666237467546,0.38839634076922436,0.45733168888681897,Auto Parts,Consumer Cyclical,DORM
2017Q3,2017,Q3,2017-11-01,2017-09-30,27008000.0,224615000.0,42790000.0,0.799035,88126000.0,0.39234245264118606,738018000.0,628100000.0,554036000.0,100561000.0,109918000.0,201805000.0,583270000.0,2420810646.06,2304021646.06,18.582420757779936,5.509451974423484,0.0,0.0,0.04283135998351015,18.582420757779936,0.04299952236904951,10.777600098212497,22.40827390088122,3.854180299410922,0.0,0.6763410222739773,0.0,0.3043489454186754,3.4594226389952367,0.03659531339344027,202.83289870632592,0.39234245264118606,-0.03630289397987047,0.4235097957781831,0.5396894993959013,0.8086052442135673,-0.03000484304143002,-0.05025143299222844,-0.04908997977732839,0.16162783069938247,0.19839392087703056,0.48723337270982564,Auto Parts,Consumer Cyclical,DORM
2017Q2,2017,Q2,2017-08-03,2017-07-01,28437000.0,229262000.0,44999000.0,0.829135,90852000.0,0.39628023832994563,745034000.0,624641000.0,565053000.0,111669000.0,120393000.0,200383000.0,580032000.0,2826119075.8799996,2696911075.8799996,18.294181590314313,5.060070386588937,0.0,0.0,0.045282829661601645,18.294181590314313,0.04552534976090266,12.327027923860037,24.845439707775082,4.5243893306395195,0.0,0.6907272573022661,0.0,0.30772018458218015,3.2204282298578835,0.03816872787013747,-1114.4002665141954,0.39628023832994563,-0.018365068484230786,0.5357741751740628,0.6954535014623735,0.8964672003729764,0.023765254724316284,-0.02569637167231987,-0.0009546645353225878,0.30141232958905334,0.24309367355775244,0.4714662178807875,Auto Parts,Consumer Cyclical,DORM
2017Q1,2017,Q1,2017-05-04,2017-04-01,29187000.0,221625000.0,45042000.0,0.844647,88743000.0,0.400419627749577,738601000.0,619979000.0,564002000.0,110449000.0,118622000.0,171762000.0,575454000.0,2829337188.6099997,2672993188.6099997,17.996750431508477,5.106447319577361,0.0,0.0,0.04701060382733651,17.996750431508477,0.047077401008743844,12.766326852160178,24.234566661613044,4.563601652007568,0.0,0.7736402696754812,0.0,0.30006051982057974,3.5244139829242456,0.03951659962550822,86.98426502936022,0.400419627749577,0.017646987951807323,0.9555379354627226,0.6880004649051887,0.9429307955145302,-0.03719174143711146,0.016933207902163686,-0.04263730658051352,0.3130528544216835,0.2795474118299924,0.5032232510430227,Auto Parts,Consumer Cyclical,DORM
2016Q4,2016,Q4,2017-02-27,2016-12-31,28701000.0,229097000.0,47048000.0,0.83,92171000.0,0.40232303347490367,711792000.0,601642000.0,551614000.0,103848000.0,110150000.0,168851000.0,557110000.0,2521858266.98,2372737266.98,17.42999005754537,5.311744087512518,0.0,0.0,0.0477663802396598,17.42999005754537,0.04770444882504878,11.007818814650562,21.96664111860214,4.191626028402273,0.0,0.8109279779213626,0.0,0.32185947580191965,3.655795008088745,0.04032217276957313,40.76455235645933,0.40232303347490367,0.07792207792207785,0.7962620162786843,0.7162306374382292,0.9763695786829559,0.10855733958746767,0.07514515826933883,0.1300650925948166,0.47049699323064514,0.4252577411907635,0.5365591307167558,Auto Parts,Consumer Cyclical,DORM
2016Q3,2016,Q3,2016-10-26,2016-09-24,26695000.0,212786000.0,41633000.0,0.77,83145000.0,0.39074469185002775,668005000.0,579164000.0,512652000.0,83305000.0,88841000.0,168245000.0,535062000.0,2301454740.0299997,2206312740.0299997,16.7322927060899,6.153916331552728,0.0,0.0,0.046159931341243465,16.7322927060899,0.04609229855446816,10.815818428045077,21.553237872541672,3.9737530993466446,0.0,0.7705489018990164,0.0,0.3185395318897314,4.0831642758537905,0.03996227573146908,174.48481728809702,0.39074469185002775,0.02666666666666669,1.4097243725437023,0.6454575665012722,1.0037084461407948,0.011939535563020302,0.027442075282888154,0.015711532362341116,0.22932168217273124,0.2602660084863759,0.5509565964055108,Auto Parts,Consumer Cyclical,DORM
2016Q2,2016,Q2,2016-07-28,2016-06-25,25982000.0,209573000.0,40989000.0,0.75,82164000.0,0.3920543199744242,636974000.0,552549000.0,489096000.0,78701000.0,84425000.0,178972000.0,509082000.0,1847762103.6899998,1759865103.6899998,15.959597867663312,6.21460972541645,0.0,0.0,0.04709330744158475,15.959597867663312,0.04702207406040007,8.816794642869072,17.77925201764683,3.344069220449227,0.0,0.7118934805444427,0.0,0.3290134291195559,3.871373934257506,0.040789733960883805,227.83749737237974,0.3920543199744242,0.056338028169014134,1.1105949741690362,0.6487585111702312,0.9815459706162283,0.01948035833933047,0.05313931336386851,0.05286275718579025,0.41631859861535986,0.36179250889336,0.5683994659445801,Auto Parts,Consumer Cyclical,DORM
2016Q1,2016,Q1,2016-04-28,2016-03-26,24671000.0,208148000.0,38931000.0,0.71,80594000.0,0.3871956492495724,631209000.0,533150000.0,484691000.0,92487000.0,98059000.0,187586000.0,489962000.0,1858550755.89,1771572755.89,15.344317829159074,5.240639224972158,0.0,0.0,0.04634188218475761,15.344317829159074,0.04627403169839633,8.92898685497819,18.833354504174945,3.485980973253306,0.0,0.679976117620718,0.0,0.3297608240693653,3.1828581314130635,0.03908531088751903,101.47143240281721,0.3871956492495724,0.1451612903225806,1.0512493714021829,0.7234767288195876,0.9892264849461979,0.03600581029141439,0.13237251572038372,0.13270293860925225,0.35810433536765296,0.4149680500436233,0.590656738086929,Auto Parts,Consumer Cyclical,DORM
2015Q4,2015,Q4,2016-02-23,2015-12-26,21787000.0,204834000.0,34370000.0,0.62,77793000.0,0.37978558247166,621865000.0,518036000.0,478633000.0,98570000.0,103829000.0,193725000.0,474888000.0,1711095475.6799998,1632436475.6799998,14.85902291331573,4.85576747489094,0.0,0.0,0.04213538251852021,14.85902291331573,0.04205692268490993,8.35357155394124,19.634363102767704,3.3030435639221984,0.0,0.6557801006581494,0.0,0.3293866032016595,2.866815461093639,0.03503493523513946,58.1550309512966,0.37978558247166,-0.1506849315068493,0.8613257436646709,0.7455277301671426,1.0553382786618148,-0.037143847315394704,-0.16396776669224866,-0.1665858389912706,0.4899148583762812,0.5873719090164056,0.6283138788321398,Auto Parts,Consumer Cyclical,DORM
2015Q3,2015,Q3,2015-10-29,2015-09-26,26060000.0,210928000.0,41240000.0,0.73,80794000.0,0.38304065842372753,639305000.0,526069000.0,503786000.0,87029000.0,113236000.0,195250000.0,481949000.0,1781847624.4799998,1702526624.4799998,14.809134449810628,5.788714106791989,0.0,0.0,0.049594952490196825,14.809134449810628,0.04953722800621211,8.447658084654478,17.09370322793553,3.3870986970910657,0.0,0.6664993597951344,0.0,0.3299332869287742,3.200978984016822,0.04076301608778283,104.14071446405609,0.38304065842372753,0.12361798835439214,1.0376284251705656,0.7731734667035202,1.1040403659416143,0.05516520830612511,0.12604243183684052,0.11776663504539911,0.30694079963094517,0.3757581571375012,0.44135570802731117,Auto Parts,Consumer Cyclical,DORM
2015Q2,2015,Q2,2015-07-30,2015-06-27,23143000.0,198721000.0,36895000.0,0.649687,76570000.0,0.3853140835643943,625293000.0,504773000.0,492801000.0,94053000.0,120520000.0,198782000.0,460339000.0,1744753217.04,1677554217.04,14.170360196810107,5.2396095818315205,0.0,0.0,0.04591304189836317,14.170360196810107,0.04584833182440424,8.779913632882282,18.8475264339109,3.456510584044709,0.0,0.6144972884868851,0.0,0.3178046131973331,2.812148469479974,0.037011449032693475,301.65166269709545,0.3853140835643943,0.08527342856045125,1.0089680003979433,0.7226470312740289,1.1311348015139924,0.050443801188042744,0.08454004405079901,0.09636871508379888,0.19802398275941943,0.4086394439709604,0.46897106044629594,Auto Parts,Consumer Cyclical,DORM
2015Q1,2015,Q1,2015-05-01,2015-03-28,21339000.0,188474000.0,33652000.0,0.598639,72893000.0,0.3867536105775863,605186000.0,482626000.0,476695000.0,96074000.0,122560000.0,183038000.0,438269000.0,1730606842.85,1666007842.85,13.539465879732985,4.961748235734954,0.0,0.0,0.0442827875888517,13.539465879732985,0.04421436060220543,9.182204669344312,20.275163349383753,3.585813534393091,0.0,0.6314590412919722,0.0,0.3114315268363776,2.7660032891312945,0.035260234043748534,95.85194366380503,0.3867536105775863,0.15122884615384619,1.202667125677608,0.8899296769155165,1.1258619913598151,0.09257010956727671,0.14381432246998285,0.17619097549893398,0.38173434685209723,0.3873274000757998,0.46172195434209135,Auto Parts,Consumer Cyclical,DORM
2014Q4,2014,Q4,2015-02-25,2014-12-27,18656000.0,173981000.0,28611000.0,0.52,66717000.0,0.38347290796121414,580368000.0,462061000.0,455464000.0,90833000.0,118307000.0,173523000.0,418292000.0,1739965088.68,1692309088.68,12.975145654863221,5.014300969911816,0.0,0.0,0.04043780949674946,12.975145654863221,0.04037562140063758,10.00089141159092,23.3164275391295,3.76566100294117,0.0,0.618154365703682,0.0,0.299777038017258,2.792938689683265,0.03214512171587682,324.3782790231171,0.38347290796121414,-0.23529411764705885,1.4375939600413425,0.8188620428990371,1.169202607913604,-0.1207680447015722,-0.2396478643625693,-0.256393596007901,0.13173598701167955,0.2633160278348656,0.47123911525990597,Auto Parts,Consumer Cyclical,DORM
2014Q3,2014,Q3,2014-10-31,2014-09-27,24536000.0,197796000.0,38476000.0,0.68,75881000.0,0.3836326316002346,552186000.0,445685000.0,438265000.0,82301000.0,106501000.0,180155000.0,401724000.0,1457125341.55,1412915341.55,12.494623304425778,5.325147932588911,0.0,0.0,0.05513544817481586,12.494623304425778,0.05505233516945825,7.366808942294081,14.846810213054288,3.269406288185602,0.0,0.6767228220143765,0.0,0.3582053873151438,2.836296035285112,0.04443430293415625,69.02535961866414,0.3836326316002346,0.062569731138606,2.062022453126059,0.9980321464132187,1.118348891808096,0.040021381285892464,0.055584236792290485,0.048392370572207084,1.1492278680044636,0.48423406948046294,0.4962433831505687,Auto Parts,Consumer Cyclical,DORM
2014Q2,2014,Q2,2014-08-01,2014-06-28,23244000.0,196187000.0,36700000.0,0.639958,72961000.0,0.37189518163792706,561887000.0,451567000.0,453543000.0,86645000.0,110320000.0,183764000.0,407039000.0,1806976864.25,1752992864.25,12.43262085667293,5.234497085809914,0.0,0.0,0.05156260257580631,12.43262085667293,0.051474089116343755,9.21048216370096,19.43487420678455,4.001569787539833,0.0,0.6705665962865415,0.0,0.3491573928565708,2.7942870332967855,0.04136774831950196,-2171.847192608173,0.37189518163792706,-6.56249999999789e-05,2.601485465132028,0.9800431567802248,1.208274120957478,0.01841098796795176,-0.013035539892148954,-0.006685251847240642,0.7998343411195226,0.4712324401446746,0.5436359967850819,Auto Parts,Consumer Cyclical,DORM
2014Q1,2014,Q1,2014-05-02,2014-03-29,23551000.0,183512000.0,36947000.0,0.64,71642000.0,0.39039408866995073,551215000.0,436974000.0,449373000.0,91104000.0,114241000.0,175380000.0,392577000.0,2117326597.3799999,2053305597.3799999,11.972107548909516,4.932527660695469,0.0,0.0,0.05395260565959243,11.972107548909516,0.053895655119068867,11.537810047190375,22.475973391575728,4.845429241510937,0.0,0.6378720492644543,0.0,0.33292272525239697,2.745302072356867,0.042725615231806104,511.92615990812374,0.39039408866995073,0.14285714285714277,3.9973881107096703,1.052638038594284,1.1970905727746637,0.08408867367783915,0.14219894272273145,0.16894991615781313,0.8640514729394037,0.44648685137809974,0.5520555349589159,Auto Parts,Consumer Cyclical,DORM
2013Q4,2013,Q4,2014-02-25,2013-12-28,20619000.0,169809000.0,31607000.0,0.56,66085000.0,0.3891725409136147,529169000.0,413641000.0,432440000.0,91738000.0,115528000.0,164421000.0,370157000.0,2008854536.22,1948261536.22,11.343520538265805,4.71385903333406,0.0,0.0,0.04991231844845963,11.343520538265805,0.04984757313709231,11.830082835538752,24.35683757965954,4.8565169705614295,0.0,0.6308439919475006,0.0,0.3208974826567694,2.6310798142536354,0.038964867556489514,154.51538621798323,0.3891725409136147,-0.09677419354838701,3.197132145954492,1.0777051637279096,1.1739674377545675,-0.051919545506714106,-0.09909555642941408,-0.11390524250070087,0.684172301427429,0.3835006969982187,0.5690649454609117,Auto Parts,Consumer Cyclical,DORM
2013Q3,2013,Q3,2013-11-01,2013-09-28,22887000.0,177953000.0,35670000.0,0.62,69704000.0,0.3916989317404034,489592000.0,393574000.0,399027000.0,77790000.0,96018000.0,149098000.0,350268000.0,1812392176.32,1764057176.32,10.788369413346949,5.129541072117239,0.0,0.0,0.05822843092833375,10.788369413346949,0.05815170717577889,10.184667728669929,19.797179362957138,4.604959108884225,0.0,0.7260258353566111,0.0,0.36347203385676236,2.918588507520247,0.04674708737070867,187.4629888622259,0.3916989317404034,0.1701159924659627,3.3895462237930167,0.8890830661188628,1.0539306149170666,0.08311708491958666,0.18327990900630753,0.15984912531703194,0.7425365315936094,0.45668197454900566,0.5327813252895477,Auto Parts,Consumer Cyclical,DORM
2013Q2,2013,Q2,2013-08-02,2013-06-29,19342000.0,162261000.0,30754000.0,0.529862,64355000.0,0.3966140970411867,446503000.0,371453000.0,363754000.0,56903000.0,75050000.0,146075000.0,328350000.0,1665670447.3500001,1625979447.3500001,10.175722584840035,6.39252763474685,0.0,0.0,0.05216108266386706,10.175722584840035,0.052071190702457644,10.265377677630486,21.529190974950886,4.484202435705191,0.0,0.6702447372924867,0.0,0.36340405327623776,3.3547967593975714,0.043318857880014244,256.69139271844665,0.3966140970411867,0.018965384615384686,2.5827702462083075,0.7415735154215463,0.9735789383957365,0.058052742338550574,0.014156879194630873,0.02828674602113147,0.6384430785607867,0.3725978033803773,0.5303659349454095,Auto Parts,Consumer Cyclical,DORM
2013Q1,2013,Q1,2013-05-03,2013-03-30,19072000.0,154443000.0,29908000.0,0.52,60824000.0,0.39382814371645203,422947000.0,351897000.0,345659000.0,54437000.0,71050000.0,141872000.0,309678000.0,1357388352.88,1322239352.88,9.646529928018015,6.349707000753164,0.0,0.0,0.05428480001800442,9.646529928018015,0.054197677161214784,8.78892764890607,17.79294715918624,3.8573456235205192,0.0,0.659883557009135,0.0,0.3651592279883768,3.3278468688575784,0.0450931204146146,175.48653560180998,0.39382814371645203,0.23975710297374817,5.900359874586671,0.8703998675891383,0.9239794139733024,0.1732798364229085,0.2465359477124183,0.3022729251937647,0.9236930622304897,0.5133074146175673,0.5146233614123086,Auto Parts,Consumer Cyclical,DORM
2012Q4,2012,Q4,2013-03-01,2012-12-29,15300000.0,135014000.0,22966000.0,0.419437,51841000.0,0.383967588546373,406309000.0,332872000.0,329675000.0,57311000.0,73437000.0,145270000.0,291500000.0,1245706829.8999999,1217998829.8999999,9.125404571244536,5.752386103889306,0.0,0.0,0.04587632159112808,9.125404571244536,0.04596361364127953,9.226501176914985,20.354686763071893,3.7422998326684134,0.0,0.5725407861223928,0.0,0.33229389454823793,2.818202439322294,0.03765606964157821,74.731947321375,0.383967588546373,-0.2510053571428572,3.1328847698696287,0.5907390066676945,0.9053030975633947,-0.13231011281089947,-0.24786156720086522,-0.2622787575085927,0.951624211088251,0.37796655120167244,0.52559762493233,Auto Parts,Consumer Cyclical,DORM
2012Q3,2012,Q3,2012-11-02,2012-09-29,20342000.0,156411000.0,31131000.0,0.56,59746000.0,0.38198080697649145,438668000.0,372346000.0,363310000.0,51733000.0,66322000.0,134302000.0,331587000.0,1141922400.0,1075851400.0,10.274448123620308,7.0227900952970055,0.0,0.0,0.05312302159406219,10.274448123620308,0.054631982081182556,7.300780635633044,14.034047782912202,3.066831388010077,0.0,0.7197584548256913,0.0,0.35655894662934157,3.994104343455821,0.046372199476597334,5516.533333333334,0.38198080697649145,0.03703703703703707,2.4979544909462734,0.8364202719838745,1.1348045459584721,0.12418620404169646,0.030392057542295615,0.21005169666109536,1.4987046175071634,0.555137954060181,0.7419385335851957,Auto Parts,Consumer Cyclical,DORM
2012Q2,2012,Q2,2012-08-03,2012-06-30,19742000.0,144172000.0,25727000.0,0.54,53146000.0,0.36862913741919373,421176000.0,351172000.0,349150000.0,55446000.0,70004000.0,137294000.0,311667000.0,913382933.58,848136933.58,9.646452934549258,6.2971179165314,0.0,0.0,0.04593140830228477,9.646452934549258,0.056217466084995386,6.335369791499043,11.56649444813089,2.6009560374403424,0.0,0.6630005681238801,0.0,0.342308203696317,3.441654943548678,0.04687351605979448,206.32096986220918,0.36862913741919373,0.27058823529411774,2.3260011097429496,0.6329405603796904,1.0852225074554973,0.03384818892736256,0.2673000385158557,0.05042462845010616,2.0518924363520874,0.4517526546388997,0.7133967664562111,Auto Parts,Consumer Cyclical,DORM
2012Q1,2012,Q1,2012-05-04,2012-03-31,15578000.0,137036000.0,24492000.0,0.425,51406000.0,0.37512770366910886,406739000.0,333049000.0,337550000.0,58678000.0,73690000.0,117751000.0,292376000.0,909686800.0,853339800.0,9.262682167093114,5.752581887589898,0.008509142226341708,0.010391864260213962,0.04635339231838486,9.262682167093114,0.04677389813510925,6.638305262850638,14.598902298112723,2.731390275905347,0.0,0.7272125077494034,0.0,0.3369138440129911,3.40756331163298,0.03829974504534849,95.45506820566632,0.37512770366910886,-0.08187334775294408,2.773407308533286,0.8148832121214645,1.0823626917169433,-0.01664243629964037,-0.06404710406152367,-0.025271620169538742,2.3555138994875313,0.5559519942754457,0.6998637528763217,Auto Parts,Consumer Cyclical,DORM
2011Q4,2011,Q4,2012-03-02,2011-12-31,16644000.0,139051000.0,25127000.0,0.46289909889865394,52276000.0,0.3759483930356488,376693000.0,317103000.0,310153000.0,44553000.0,59590000.0,115845000.0,277071000.0,663927540.0,613731540.0,8.819195683613305,6.961439184791147,0.0,0.0,0.052504393991743045,8.819195683613305,0.05248767750541622,4.774705252029831,9.972475666906993,2.093728346940899,0.0,0.7490612456299366,0.0,0.36913614003976714,3.9171324041029787,0.04418452161309076,153.65136311039112,0.3759483930356488,0.46952094888461565,2.410042201898916,0.7975220215067078,1.0751992859395723,0.1211770256938189,0.44730434782608697,0.2629171692802573,2.435952074299287,0.725447211999097,0.6901846458235503,Auto Parts,Consumer Cyclical,DORM
2011Q3,2011,Q3,2011-10-31,2011-09-24,11500000.0,134243000.0,19896000.0,0.315,46626000.0,0.3473253726451286,357730000.0,300056000.0,292475000.0,44773000.0,57674000.0,129004000.0,260563000.0,510953040.0,469153040.0,8.350662362239786,6.5323967569740695,0.010588991697649064,0.012624310128775962,0.03790361709000933,8.350662362239786,0.038326179113232196,3.80618013602199,11.107674782608695,1.7028589329991735,0.0,0.6791804905274255,0.0,0.37526346686048134,3.2771983114823664,0.03214715008525983,73.77317932428531,0.3473253726451286,-0.09999999999999994,1.491724494524684,0.7667704924522217,0.9951768403443563,-0.0029083443821906678,-0.0978269396720797,-0.027090464547677263,1.2393284515407075,0.4468602678700454,0.5898307170887733,Auto Parts,Consumer Cyclical,DORM
2011Q2,2011,Q2,2011-08-01,2011-06-25,12747000.0,131619000.0,20450000.0,0.35,46762000.0,0.3552830518390202,349907000.0,288740000.0,287048000.0,47927000.0,61167000.0,129964000.0,249418000.0,678461250.0,643898250.0,8.054114365411436,5.989275356270995,0.012143226628789935,0.014715661148438041,0.04361124920498365,8.054114365411436,0.04414698344531413,5.1547363982403756,13.306292657095787,2.3497307266052507,0.0,0.6529269643901388,0.0,0.3761542352682284,2.944415465186638,0.036429679886369803,144.56877264010228,0.3552830518390202,0.029411764705882214,12.764552082001062,0.7548514093611567,0.9844832777279074,0.029727825244428786,0.0291458097852414,0.06565919749869724,1.404224494217978,0.4384530851063287,0.5620935365010675,Auto Parts,Consumer Cyclical,DORM
2011Q1,2011,Q1,2011-04-28,2011-03-26,12386000.0,124374000.0,19190000.0,0.34,45412000.0,0.36512454371492437,337123000.0,276012000.0,277743000.0,47987000.0,61111000.0,124900000.0,236947000.0,714566540.0,680427540.0,7.713710804315019,5.787880050847105,0.0,0.0,0.04503915132062962,7.713710804315019,0.044874860513311014,5.745304806470806,14.422867350234135,2.5888966421749777,0.0,0.6322017614091273,0.0,0.3689276614173462,2.8771959072248734,0.03674029953459123,177.7086645113156,0.36512454371492437,0.014440864064924248,2.5918805266851477,0.7912160135322223,0.9248479005423538,-0.026099637564605718,0.013501350135013501,-0.020368574199806012,3.568634507303756,0.5355914061323505,0.5384828434254172,Auto Parts,Consumer Cyclical,DORM
2010Q4,2010,Q4,2011-03-03,2010-12-25,12221000.0,122520000.0,19589000.0,0.33516,46629000.0,0.38058276199804114,323159000.0,263153000.0,267095000.0,48160000.0,60006000.0,120433000.0,225299000.0,655018000.0,624555000.0,7.229478021978022,5.545992524916944,0.0,0.0,0.04650951754123894,7.229478021978022,0.046440663796346614,5.3462128632060075,13.399435398085265,2.489114697533374,0.0,0.6301512044041085,0.0,0.3791322537821939,2.7473837209302325,0.03781729736754972,56.854266122732405,0.38058276199804114,-0.05588732394366189,1.827218365842282,0.6673329623713556,0.9255369419453235,0.03335253966846911,-0.04650074120308965,-0.04425253708040593,2.308204621111787,0.4466080200966897,0.5094505412336633,Auto Parts,Consumer Cyclical,DORM
2010Q3,2010,Q3,2010-10-28,2010-09-25,12817000.0,119212000.0,20496000.0,0.355,45124000.0,0.3785189410462034,307747000.0,250568000.0,252826000.0,45348000.0,57179000.0,104528000.0,213625000.0,508012000.0,489411000.0,7.038426966292135,5.5752403634118375,0.0009390830779828885,0.001153379521726637,0.05123534073998092,7.038426966292135,0.05115178314868619,4.2614166359091366,9.908949052040258,2.0274416525653716,0.0,0.7087861625593143,0.0,0.38737014495673394,2.9254873423304226,0.04164784709517883,-105.0262559437668,0.3785189410462034,0.12698412698412692,1.7990564525754036,0.6276926127284582,0.8499127517834062,0.04145125553914328,0.11597736177622986,0.07320138234370091,1.243598186498256,0.4248296720858372,0.46243045886757544,Auto Parts,Consumer Cyclical,DORM
2010Q2,2010,Q2,2010-07-29,2010-06-26,11485000.0,115009000.0,19098000.0,0.315,43328000.0,0.3767357337251867,292328000.0,236140000.0,238397000.0,44255000.0,56188000.0,92219000.0,200860000.0,375560550.0,352562550.0,6.649208762741454,5.3868941362557905,0.001067294272187406,0.0013212501058693996,0.04872018768852761,6.649208762741454,0.04863640213432709,3.2654883530854106,8.175022855898998,1.5904147963072752,0.0,0.7772910137824093,0.0,0.3934245094551326,2.9524799457688395,0.0392880599874114,50.11483186549239,0.3767357337251867,0.18867924528301883,1.5053919232991202,0.6922951192501772,0.8101527006372877,0.14694126055536438,0.19448777951118046,0.21651060577106823,0.9834208884199289,0.3352848501469765,0.43732415043257167,Auto Parts,Consumer Cyclical,DORM
2010Q1,2010,Q1,2010-04-29,2010-03-27,9615000.0,98976000.0,15699000.0,0.265,37777000.0,0.3816783866795991,273760000.0,225320000.0,219841000.0,36658000.0,48440000.0,89223000.0,189668000.0,343697270.0,328104270.0,6.368929843405506,5.997081128266681,0.0012163939216832261,0.0014778981004793183,0.04278682478932019,6.368929843405506,0.042672643351677614,3.47253142175881,8.936486479459179,1.5253740014202024,0.0,0.6859105835939163,0.0,0.3615429573348919,3.1391510720715807,0.03512200467562829,67.59041691248771,0.3816783866795991,0.2389546028332321,1.8145736526120102,0.6343467684769059,0.7755311045882591,0.0474988908606921,0.24272974020938348,0.21227799227799227,1.3670605612998519,0.3322385689095879,0.43181226051205146,Auto Parts,Consumer Cyclical,DORM
2009Q4,2009,Q4,2010-03-05,2009-12-26,7737000.0,96698000.0,12950000.0,0.21389,36064000.0,0.3729549732155784,257402000.0,215335000.0,203585000.0,30432000.0,42067000.0,89927000.0,180361000.0,283680000.0,273410000.0,5.981527777777778,6.689833070452155,0.0013830506367471893,0.0016532379780342258,0.03625995912002437,5.981527777777778,0.03593006246081687,2.93366977600364,9.166343544009306,1.3173891842942391,0.0,0.6742580092741891,0.0,0.3756691867196059,3.2462539432176656,0.030058041507058996,25.4535666218035,0.3729549732155784,-0.027772727272727293,0.955720408836136,0.5181748213679283,0.7577696680605799,0.021729892058815196,-0.024706920458842808,-0.002234378611603359,0.5832281915615251,0.24849401801585866,0.40748233949907076,Auto Parts,Consumer Cyclical,DORM
2009Q3,2009,Q3,2009-11-02,2009-09-26,7933000.0,98007000.0,12979000.0,0.22,35297000.0,0.36014774454885873,257484000.0,208292000.0,203534000.0,37857000.0,49192000.0,95593000.0,172674000.0,254084230.0,254715230.0,5.898283966698759,5.376390099585281,0.024576284351649033,0.0303804274768114,0.03711169133177591,5.898283966698759,0.038085956253720736,2.5925110451294295,8.007192424051432,1.2198463215101878,0.0,0.6560103773288839,0.0,0.3806333597427413,2.489632036347307,0.030809681378260397,50.39354026180087,0.36014774454885873,0.25714285714285723,0.8104025372991115,0.5351461581972059,0.7512451102866902,0.10206694142625203,0.2654330834263838,0.26291719373357986,0.748936790961316,0.31244182560215783,0.4092438488885811,Auto Parts,Consumer Cyclical,DORM
2009Q2,2009,Q2,2009-08-04,2009-06-27,6269000.0,96242000.0,10277000.0,0.175,32028000.0,0.33278610170195966,250368000.0,198627000.0,197007000.0,40659000.0,51741000.0,86666000.0,164956000.0,245725200.0,252143200.0,5.630017006802721,4.845347893455323,0.043531921012269936,0.05487169418054947,0.030128058107525692,5.630017006802721,0.031561670870526165,2.5532013050435363,9.799218376136546,1.237118820704134,0.0,0.7409364687420672,0.0,0.3844021600204499,2.385572689933348,0.025039142382413088,-82.37519275896749,0.33278610170195966,0.3999999999999999,0.18239030926771044,0.5015447949434556,0.7388913286833718,0.12786561960770504,0.3759877085162423,0.37706016347313415,5.878804250958025,0.3039081053586867,0.3872008884434286,Auto Parts,Consumer Cyclical,DORM
2009Q1,2009,Q1,2009-05-07,2009-03-28,4556000.0,86431000.0,7463000.0,0.125,28397000.0,0.3285510985641726,235241000.0,192276000.0,182085000.0,24690000.0,42965000.0,83365000.0,159086000.0,157375560.0,160565560.0,5.449073286855977,7.374848116646415,0.03367185142045817,0.041195989099003516,0.023007294466264736,5.449073286855977,0.023695104953296305,1.8208230843100277,8.635621158911325,0.8184877987892405,0.0,0.6961434654831165,0.0,0.3674146938671405,3.4714864317537466,0.0193673721842706,24.030471827759964,0.3285510985641726,-0.08162515612372352,0.3668122812309519,0.5361876697402388,0.7600026679374812,0.10014721834805516,-0.060618556701030925,0.14921465968586387,0.33978991386342444,0.262263664044071,0.35973950050588466,Auto Parts,Consumer Cyclical,DORM
2008Q4,2008,Q4,2009-03-06,2008-12-27,4850000.0,80687000.0,6494000.0,0.13611,25812000.0,0.31990283440950834,243422000.0,187844000.0,190263000.0,30026000.0,55578000.0,93577000.0,154610000.0,228420000.0,238038000.0,5.217888888888889,6.3366082728302136,0.06343715851484254,0.08220651178637593,0.024406732111012783,5.217888888888889,0.0258192968633547,2.8309393086866534,11.774226804123712,1.2160090287685525,0.0,0.586415465338705,0.0,0.3314696288749579,2.76177312995404,0.019924246781309825,43.85102706853523,0.31990283440950834,-0.027785714285714316,0.2815640112356297,0.4724199564034876,0.7969801806335277,-0.1251652262328419,-0.03922345483359747,-0.2355503237198352,0.13447056138749428,0.11024237502013627,0.3897597840366098,Auto Parts,Consumer Cyclical,DORM
2008Q3,2008,Q3,2008-11-04,2008-09-27,5048000.0,91202000.0,8495000.0,0.14,29505000.0,0.32351264226661697,248761000.0,185520000.0,195009000.0,31681000.0,63241000.0,90057000.0,149912000.0,240529200.0,254392200.0,5.252548131370329,6.155392822196269,0.08426964033751272,0.1129959034066408,0.025100531136954388,5.252548131370329,0.027210004312203537,2.637323742900375,11.912103803486527,1.2965135834411383,0.0,0.6850883329446906,0.0,0.36662499346762556,2.9028439758845996,0.020292569976805046,107.95745062836625,0.32351264226661697,-0.034482758620689495,0.34070468670925513,0.5474427631379563,0.8064214807233802,-0.02187966185977126,-0.03535257022740302,-0.02311407543698252,0.1111531520428628,0.25512240916934514,0.3805294583736926,Auto Parts,Consumer Cyclical,DORM
2008Q2,2008,Q2,2008-08-04,2008-06-28,5233000.0,90311000.0,8696000.0,0.145,30165000.0,0.3340124680271506,244437000.0,182439000.0,190868000.0,37346000.0,61998000.0,87888000.0,144864000.0,156574200.0,172137200.0,5.155974451729596,5.110801692282975,0.09431878152652831,0.1263710061993324,0.026328340558569106,5.155974451729596,0.028683559984433154,1.733722359402509,7.480135677431684,0.8582276815812407,0.0,0.68434826142363,0.0,0.36946534280816734,2.398409468216141,0.02140837925518641,34.80200044454323,0.3340124680271506,0.9333333333333332,0.4477863457138138,0.5167592285131618,0.839998824992346,0.22110674816823866,0.9511558538404176,0.8427632973087519,0.14574526796850987,0.3337596964960078,0.40364085581322157,Auto Parts,Consumer Cyclical,DORM
2008Q1,2008,Q1,2008-05-06,2008-03-29,2682000.0,80125000.0,4719000.0,0.075,24703000.0,0.30830577223088923,241581000.0,177480000.0,187886000.0,35909000.0,64101000.0,84810000.0,139631000.0,185839500.0,205766500.0,5.013842589976835,5.232281600712914,0.11104350093757373,0.1511494252873563,0.013917782187252774,5.013842589976835,0.01511156186612576,2.3193697347893916,17.322846756152124,1.0471010818120352,0.0,0.6534842589317298,0.0,0.3316692951846379,2.5425659305466595,0.01110186645472947,-19.518905577145258,0.30830577223088923,-0.2642009222015109,0.16064816713443464,0.5346654321402359,0.8524255128480422,-0.12148369429922828,-0.2719869706840391,-0.36953907815631265,-0.2153487778793897,0.3223210318017694,0.3977597007495295,Auto Parts,Consumer Cyclical,DORM
2007Q4,2007,Q4,2008-03-06,2007-12-29,3684000.0,84462000.0,7485000.0,0.10193,28119000.0,0.3329189457981104,230655000.0,173858000.0,176412000.0,38124000.0,56797000.0,80565000.0,136949000.0,263175000.0,273853000.0,4.789476584022038,4.627321372363865,0.07628709544557889,0.10120903265883652,0.020059612419754607,4.789476584022038,0.02118970654212058,3.1158982737799246,17.859324104234528,1.5137353472374007,0.0,0.6993483522621485,0.0,0.36618326071405344,2.198483894659532,0.01597190609351629,29.022386413762682,0.3329189457981104,-0.3423870967741935,0.04194327454749291,0.5117715348502347,0.9142506777563186,-0.046942787418655096,-0.3512942419440042,-0.22443270127447934,-0.0764728482559612,0.31510833263837656,0.4074659481742038,Auto Parts,Consumer Cyclical,DORM
2007Q3,2007,Q3,2007-11-02,2007-09-29,5679000.0,83174000.0,9651000.0,0.155,29504000.0,0.35472623656431096,236756000.0,170326000.0,181487000.0,56183000.0,66430000.0,77905000.0,133265000.0,249499500.0,269067500.0,4.812828482622209,3.2302831817453677,0.10861815540049671,0.15098105984993482,0.0305911907805487,4.812828482622209,0.03334194427157334,2.999729482771058,10.983425779186476,1.4648350809623898,0.0,0.6889159874205764,0.0,0.3513068306611026,1.6247085417297047,0.023986720505499333,106.94363480497213,0.35472623656431096,-0.03125000000000003,1.0902817769395188,0.48158992542785617,0.9167808817308521,0.014929480564155486,-0.01542995839112344,-0.019705434230573894,0.29323042686934025,0.30000963944004705,0.42896516926397027,Auto Parts,Consumer Cyclical,DORM
2007Q2,2007,Q2,2007-08-03,2007-06-30,5768000.0,85796000.0,9845000.0,0.16,29070000.0,0.33882698494102287,224527000.0,163653000.0,169672000.0,42089000.0,60874000.0,68870000.0,127586000.0,244448160.0,262890160.0,4.626102442333786,4.031267076908456,0.10826314875271126,0.14853378795378025,0.03237069020155796,4.626102442333786,0.035245305616151246,2.8491789827031564,10.59501386962552,1.4936980073692507,0.0,0.8236677798751271,0.0,0.38211885430260056,2.1138064577443036,0.025689560720982333,93.22965675057208,0.33882698494102287,0.4545454545454546,0.34480255301422863,0.48432650886435513,0.8985479672649176,0.12779329608938547,0.41999015263417033,0.40823916464025173,0.08494493014436084,0.33493630754785186,0.4288215138347389,Auto Parts,Consumer Cyclical,DORM
2007Q1,2007,Q1,2007-05-08,2007-03-31,4062000.0,74293000.0,6991000.0,0.11,25776000.0,0.34695058753852986,218528000.0,157367000.0,163342000.0,31911000.0,61161000.0,69015000.0,121818000.0,204484840.0,225392840.0,4.448159873367629,5.118673811538341,0.12917337823985942,0.17937687062725985,0.02367072726225181,4.448159873367629,0.02581227322119631,2.7524105904997778,12.585231413096997,1.2994137271473691,0.0,0.7029921031659784,0.0,0.3399701640064431,2.590486039296794,0.018588007028847563,55.58163631421582,0.34695058753852986,-0.1873522458628842,0.8126879511640903,0.3935167093256128,0.9454816395828277,-0.005708995525381885,-0.17338217338217338,-0.17520056630486078,0.2154419686655626,0.31701822593844314,0.4367164529469095,Auto Parts,Consumer Cyclical,DORM
