Year,Date,FillingDate,NetIncome,Revenue,OperatingIncome,EPSDiluted,GrossProfit,GrossProfitRatio,TotalAssets,CommonStockEquity,CurrentAssets,CurrentLiability,TotalLiability,Inventory,RetainedEarnings,EnterpriseValue,bookValuePerShare,currentRatio,debtToAssets,debtToEquity,roic,shareholdersEquityPerShare,roe,priceToSalesRatio,peRatio,pbRatio,payoutRatio,inventoryTurnover,dividendYield,assetTurnover,quickRatio,returnOnAssets,priceToFreeCashFlowsRatio,grossProfitMargin,epsdilutedGrowth,fiveYNetIncomeGrowthPerShare,fiveYRevenueGrowthPerShare,fiveYShareholdersEquityGrowthPerShare,grossProfitGrowth,netIncomeGrowth,operatingIncomeGrowth,threeYNetIncomeGrowthPerShare,threeYRevenueGrowthPerShare,threeYShareholdersEquityGrowthPerShare,Industry,Sector,Price,MarketCap,AvgVolume,Symbol
2023,2023-03-31,2023-03-31,45073000000.0,245879000000.0,96282000000.0,270.9,202972000000.0,0.8254954673,322851000000.0,232861000000.0,204255000000.0,85721000000.0,89990000000.0,48670000000.0,0.0,783728552727.4071,1402.4976312099832,2.382788348246054,0.041728227572471514,0.05785425640188782,0.2897636803155215,1402.4976312099832,0.19356182443603695,3.1561684923373168,17.217304211554747,3.3326128150587992,0.11046524526878619,0.8815903020341073,0.006415943164589703,0.7615866142585899,1.6242577664749596,0.13960929345115858,19.396524600150144,0.8254954672826879,0.9119203895828921,3.5910705241993113,0.7291666649804222,0.8392169834306428,0.7829585382993676,0.9124660556687033,1.3588122886961636,1.3080955276357629,0.4060623495908621,0.5001202186050113,Drug Manufacturers—Specialty & Generic,Healthcare,62.23,10341630320,236760,RDY
2022,2022-03-31,2022-03-31,23568000000.0,214391000000.0,40818000000.0,141.69,113840000000.0,0.530992439,296654000000.0,190527000000.0,181106000000.0,97842000000.0,106127000000.0,50884000000.0,175712000000.0,720837953894.8217,1148.564639023201,1.8510046810163325,0.11408914088466698,0.17763886483280586,0.13101846794702754,1148.564639023201,0.12369900329087216,3.2736679893037564,29.77957204238042,3.6837033800711794,0.1759164969450102,1.9760828551214527,0.005907287609595493,0.7226971488670303,1.1693751149812963,0.07944608870940557,77.47488176341999,0.530992439048281,0.36700434153400857,0.955973877794753,0.5212719975766826,0.5346576276396436,0.10441708625590577,0.23076923076923078,0.13188397759414341,0.25420463841515356,0.39378000443570627,0.3592702504152732,Drug Manufacturers—Specialty & Generic,Healthcare,62.23,10341630320,236760,RDY
2021,2021-03-31,2021-03-31,19149000000.0,189722000000.0,36062000000.0,103.65,103077000000.0,0.543305468,265491000000.0,174981000000.0,148249000000.0,81472000000.0,90510000000.0,45412000000.0,157934000000.0,761630488552.366,1055.0917806420164,1.8196312843676354,0.11415829538477763,0.1732073768009098,0.11684732394154643,1055.0917806420164,0.1094347386287654,3.932867503781143,38.96555896142702,4.264185760467514,0.21656483367277665,1.9079758654100238,0.005557852612538154,0.7146080281440802,1.0673482914375492,0.07212673875950597,32.24230786243047,0.5433054680005481,-0.11712095400340715,-0.015690315741929414,0.261545087137778,0.40262071745204187,0.09645884968460466,-0.017899271720176427,-0.026798002968560247,0.9527091691582441,0.33575582903670026,0.3836335112813713,Drug Manufacturers—Specialty & Generic,Healthcare,62.23,10341630320,236760,RDY
2020,2020-03-31,2020-03-31,19498000000.0,174600000000.0,37055000000.0,117.4,94009000000.0,0.5384249714,232241000000.0,154988000000.0,130370000000.0,72814000000.0,77253000000.0,35066000000.0,144247000000.0,529503256951.27203,934.9234906747613,1.7904523855302552,0.09516838112133516,0.14260458874235424,0.22399508160393694,934.9234906747613,0.12580328799649004,2.9178365232031616,26.128539181006875,3.2870561395157822,0.20084111190891374,2.2982661267324476,0.007686656744090285,0.7518052368014261,1.201609580575164,0.08395589064807678,21.472403985133273,0.5384249713631157,0.03811123883632507,-0.09645932241146973,0.21095464170090691,0.4311814876762671,0.12680091094330576,0.03740356477786645,0.7739850631941785,0.6192334711717449,0.23972010992725165,0.24920045200392163,Drug Manufacturers—Specialty & Generic,Healthcare,62.23,10341630320,236760,RDY
2019,2019-03-31,2019-06-03,18795000000.0,153851000000.0,20888000000.0,113.09,83430000000.0,0.5422779182455753,225427000000.0,140197000000.0,114501000000.0,59700000000.0,85230000000.0,33579000000.0,128646000000.0,502424945981.54456,844.9862260078897,1.9179396984924624,0.170259108270083,0.2737647738539341,0.09762291713528451,844.9862260078897,0.13406135651975434,3.0306721827062844,24.808297205721978,3.3258339763443194,0.21292897047086992,2.097173828881146,0.00858297402297157,0.6824870135343148,1.252713567839196,0.08337510591011725,21.980481119197876,0.5422779182455753,0.9167796610169492,-0.10434894186109381,0.19345293572185734,0.5830183630333837,0.09338959949674984,0.9166836630634305,0.7527901317445665,-0.034305957102458595,0.022579234628924628,0.12331003643976456,Drug Manufacturers—Specialty & Generic,Healthcare,62.23,10341630320,236760,RDY
2018,2018-03-31,2018-06-15,9806000000.0,142028000000.0,11917000000.0,59.0,76304000000.0,0.5372461768102065,225604000000.0,126460000000.0,109645000000.0,69692000000.0,99144000000.0,29089000000.0,113865000000.0,400619472192.0651,762.5514791593222,1.5732795729782472,0.22479211361500684,0.4010279930412779,0.04582873456121292,762.5514791593222,0.07754230586746798,2.482211058326986,35.95181237936622,2.7877864320106367,0.4070976952885988,2.2594107738320326,0.011323426229333683,0.6295455754330597,1.0867100958503129,0.043465541391110085,50.46428173376254,0.5372461768102065,-0.18157858232764604,-0.4016393447294344,0.2505661953620999,0.7713744284127567,-0.026188166828322017,-0.1854805216380098,-0.11712846347607053,-0.5457577517080767,-0.015318902890592234,0.1673143003234609,Drug Manufacturers—Specialty & Generic,Healthcare,62.23,10341630320,236760,RDY
2017,2017-03-31,2017-06-19,12039000000.0,140809000000.0,13498000000.0,72.09,78356000000.0,0.5564701119956821,219821000000.0,124044000000.0,100375000000.0,85000000000.0,95777000000.0,28529000000.0,108224000000.0,476465990903.1203,748.4175091155237,1.1808823529411765,0.22375023314424008,0.3965125278127116,0.06379968759568559,748.4175091155237,0.09705427106510593,3.0619277951204844,35.81252520168787,3.4757585284505517,0.28158484923997007,2.1891058221458866,0.007862747674288514,0.6405620937035134,0.7916,0.05476728792972464,-22.14303276170306,0.5564701119956821,-0.38384615384615384,-0.13642024348499115,0.4891219670527341,1.2091416300760105,-0.15089780128087038,-0.39844101334132814,-0.5442790100948716,-0.42569288666280886,0.09343420551614377,0.402104109723697,Drug Manufacturers—Specialty & Generic,Healthcare,62.23,10341630320,236760,RDY
2016,2016-03-31,2016-06-23,20013000000.0,154708000000.0,29619000000.0,117.0,92281000000.0,0.59648499107997,207650000000.0,128336000000.0,119688000000.0,64646000000.0,79314000000.0,25578000000.0,99550000000.0,539132296543.2154,752.2288581040383,1.8514370572038485,0.16139176498916447,0.26113483356190004,0.13423605344435374,752.2288581040383,0.15594221418775714,3.300025186436483,25.51043304568108,3.978153414032036,0.2051666416829061,2.4406521229181326,0.00804246016974772,0.7450421382133398,1.3956470624632615,0.09637852155068626,19.359180060033953,0.59648499107997,-0.09861325115562411,0.7983751839093488,1.0548023222020364,1.7683581066177174,0.08053581255927778,-0.09765994860002705,0.12679753480940426,0.18704951977697507,0.324131100887667,0.7473954217866289,Drug Manufacturers—Specialty & Generic,Healthcare,62.23,10341630320,236760,RDY
2015,2015-03-31,2015-06-17,22179000000.0,148189000000.0,26286000000.0,129.8,85403000000.0,0.5763113321501596,194762000000.0,111302000000.0,119838000000.0,63995000000.0,83460000000.0,25529000000.0,83643000000.0,642472034600.464,653.252923354079,1.872615048050629,0.2214292315749479,0.3874683294100735,0.13330426950912858,653.252923354079,0.19926865644822195,4.0808699336689225,27.266334577774654,5.433325857580852,0.16172956400198385,2.4593991147322654,0.005931474343963084,0.7608722440722523,1.4074068286584889,0.1138774504266746,62.30579379769874,0.5763113321501596,0.029831799428752817,19.562794976203495,1.0879216161131067,1.5680607227188483,0.1266737905832377,0.03086218917034627,0.009757221880762139,0.5476195831132759,0.5244951256776029,0.9282395325783219,Drug Manufacturers—Specialty & Generic,Healthcare,62.23,10341630320,236760,RDY
2014,2014-03-31,2014-06-26,21515000000.0,132170000000.0,26032000000.0,126.04,75801000000.0,0.5735113868502686,170223000000.0,90801000000.0,103747000000.0,54063000000.0,79422000000.0,23992000000.0,65051000000.0,481818713348.23193,533.7816956138936,1.9190019051846918,0.2628434465377769,0.49274787722602176,0.15409545624708246,533.7816956138936,0.2369467296615676,3.370868679338972,20.707771942748405,4.906638840411801,0.13874041366488496,2.349491497165722,0.006699919916467405,0.7764520658195426,1.4030667924458502,0.12639302561933463,50.42187792533182,0.5735113868502686,0.280373831775701,5.120052883077449,0.8836528571562283,1.1372740842088016,0.25127519437428814,0.28241044286821243,0.2330428192497158,0.939014291575467,0.7606041453827337,0.9644272727602502,Drug Manufacturers—Specialty & Generic,Healthcare,62.23,10341630320,236760,RDY
2013,2013-03-31,2013-07-10,16777000000.0,116266000000.0,21112000000.0,98.44,60579000000.0,0.5210379646672286,142369000000.0,73085000000.0,85714000000.0,53646000000.0,69264000000.0,21600000000.0,44815000000.0,335880412206.89,430.4857668305666,1.5977705700331806,0.2582022771811279,0.5029759868646096,0.14757359351832466,430.4857668305666,0.22955462817267566,2.6168992844588272,18.135328855390714,4.163048672188411,0.1617690886332479,2.578101851851852,0.00892010781404508,0.8166525015979602,1.1305036722216009,0.11784166496919976,50.87049192557934,0.5210379646672286,0.17470167064439143,2.550472961339585,1.3018105559541526,0.5372739239310172,0.13645999437201012,0.17634272893002384,0.15669515669515668,14.61013435439363,0.6440048957483674,0.6923209219040374,Drug Manufacturers—Specialty & Generic,Healthcare,62.23,10341630320,236760,RDY
2012,2012-03-31,2012-07-18,14262000000.0,96737000000.0,18252000000.0,83.8,53305000000.0,0.5510301125732656,119477000000.0,57444000000.0,69952000000.0,43460000000.0,62033000000.0,19352000000.0,31599000000.0,325671971184.28845,338.7820404659943,1.6095720202485044,0.2695916368840865,0.5607200055706427,0.15723469775765814,338.7820404659943,0.24827658241069564,3.10988526814237,21.093883830058086,5.237117387095057,0.15537792735941663,2.244315832988838,0.0073660179704795855,0.8096704805108933,1.1088127013345606,0.11937025536295688,39.76747801510753,0.5510301125732656,0.2892307692307692,0.4264826775910525,0.38632468108562706,0.28884094012842476,0.3239202245237563,0.29184782608695653,0.4452450708686357,3.739961955136055,0.3831308052014632,0.35649101726990856,Drug Manufacturers—Specialty & Generic,Healthcare,62.23,10341630320,236760,RDY
2011,2011-03-31,2011-07-20,11040000000.0,74693000000.0,12629000000.0,65.0,40263000000.0,0.5390464969943636,95005000000.0,45990000000.0,47593000000.0,41015000000.0,49015000000.0,16059000000.0,20391000000.0,298253965788.876,271.72382659087594,1.1603803486529318,0.2485869164780801,0.513524679278104,0.1609755876051623,271.72382659087594,0.2400521852576647,3.7535775211716755,25.39546791565905,6.096237568794868,0.27744565217391304,2.1439691138925214,0.010925006504914122,0.7862007262775643,0.6876264781177618,0.11620441029419504,-77.94438859851986,0.5390464969943636,9.317460317460318,5.1148953586187185,1.7769124449606128,0.8629832862651611,0.10795266923500275,9.337078651685394,5.289342629482071,1.3435528144786362,0.48330518831813124,-0.02966837625246335,Drug Manufacturers—Specialty & Generic,Healthcare,62.23,10341630320,236760,RDY
2010,2010-03-31,2010-09-22,1068000000.0,70277000000.0,2008000000.0,6.3,36340000000.0,0.5170966318994835,80330000000.0,42915000000.0,42063000000.0,29022000000.0,37415000000.0,13371000000.0,18035000000.0,221513489423.49368,254.37596454591204,1.4493487698986975,0.18293290178015686,0.3424210648957241,0.018132101294518383,254.37596454591204,0.024886403355470117,3.0365907682953694,199.81506500327123,4.972678304170889,1.154494382022472,2.538104853788049,0.005777814510650492,0.8748537283704718,0.9886293156915443,0.013295157475413917,23.86251698797872,0.5170966318994835,1.2052785923753666,3.58571269795758,2.273937445768967,0.8579152009564517,-0.004383561643835616,1.206656346749226,1.7085391672547636,-0.892638499320418,0.01222440661158739,-0.03226818977632173,Drug Manufacturers—Specialty & Generic,Healthcare,62.23,10341630320,236760,RDY
2009,2009-03-31,2009-07-06,-5168000000.0,69441000000.0,-2834000000.0,-30.69,36500000000.0,0.5256260710531242,83792000000.0,42045000000.0,39010000000.0,26553000000.0,41747000000.0,13226000000.0,18305000000.0,94897233278.5232,249.74882704924318,1.4691371973035061,0.23511791101775825,0.4685693899393507,-0.05935920048575119,249.74882704924318,-0.12291592341538828,1.163465867117743,-15.633172074017645,1.9215657813895395,-0.14280185758513933,2.4906245274459398,0.009134541403946818,0.8287306664120679,0.9710390539675366,-0.061676532365858315,-315.59466124423125,0.5256260710531242,-2.110064585575888,-2.8945804235602286,2.136481272668329,0.8125901573724637,0.43655315404100437,-2.104736171559029,-1.84402511227857,-3.877844005486106,1.5955119826822022,0.7123190718847755,Drug Manufacturers—Specialty & Generic,Healthcare,62.23,10341630320,236760,RDY
TTM,,,,,,,,,,,,,,,,859533089458.4,1401.628701688454,2.382788348246054,0.041728227572471514,0.05785425640188782,0.20106983758580682,1401.628701688454,0.20971726598956902,3.4644545691329105,18.89240611927525,3.6570919914990108,0.1104578933356997,1.8672488185740703,0.0001689464322951757,0.7615897116626555,1.6242577664749596,0.13961858566335555,21.29121171382439,0.6303928745729624,,,,,,,,,,,Drug Manufacturers—Specialty & Generic,Healthcare,62.23,10341630320,236760,RDY
