Quarters,Year,Quarter,FillingDate,Date,NetIncome,Revenue,OperatingIncome,EPSDiluted,GrossProfit,GrossProfitRatio,TotalAssets,CommonStockEquity,CurrentAssets,CurrentLiability,TotalLiability,Inventory,RetainedEarnings,MarketCap,EnterpriseValue,bookValuePerShare,currentRatio,debtToAssets,debtToEquity,roic,shareholdersEquityPerShare,roe,priceToSalesRatio,peRatio,pbRatio,payoutRatio,inventoryTurnover,dividendYield,assetTurnover,quickRatio,returnOnAssets,priceToFreeCashFlowsRatio,grossProfitMargin,epsdilutedGrowth,fiveYNetIncomeGrowthPerShare,fiveYRevenueGrowthPerShare,fiveYShareholdersEquityGrowthPerShare,grossProfitGrowth,netIncomeGrowth,operatingIncomeGrowth,threeYNetIncomeGrowthPerShare,threeYRevenueGrowthPerShare,threeYShareholdersEquityGrowthPerShare,Industry,Sector,Symbol
2023Q1,2023,Q1,2023-03-31,2023-03-31,5825000000.0,31144000000.0,4980000000.0,15.92,15992000000.0,0.5134857436,400979000000.0,230095000000.0,229205000000.0,78070000000.0,153403000000.0,11252000000.0,0.0,362649048608.0,433438048608.0,657.8842030021444,2.935890867170488,0.23549113544599592,0.41038266802842305,0.012638803891655278,657.8842030021444,0.02531563050044547,11.644266908810685,15.564336850128754,1.5760840027293073,0.0,1.3466050479914682,0.0,0.07766990291262135,2.546099654156526,0.014526945301374885,62.097439830136985,0.5134857436424352,0.17058823529411768,-0.133216570887097,0.48382625003688184,0.8408748116362755,-0.008678403173816018,0.17605491621239652,0.08425865447419988,139.4595404208581,0.36572519435372786,0.3951991494947461,Internet Content & Information,Communication Services,BIDU
2022Q4,2022,Q4,2022-12-31,2022-12-31,4953000000.0,33077000000.0,4593000000.0,13.6,16132000000.0,0.4877104937,390973000000.0,223478000000.0,212850000000.0,79630000000.0,153168000000.0,1227000000.0,148341000000.0,275026880140.25,313224880140.25,641.02689135891,2.672987567499686,0.2336580786908559,0.4087829674509348,0.011441701651773358,641.02689135891,0.022163255443488846,8.314746807154519,13.881833239463454,1.2306664644405712,0.0,13.810105949470252,0.0,0.08460174999296627,2.4006027878940097,0.012668393981170055,35.0218871947345,0.4877104936965263,14.076923076923077,0.1882286391450768,0.40102271198844675,0.9330934334259267,-0.00829901026618307,14.720221606648199,-0.13616701147263494,-0.22557573737419975,0.13608552452164716,0.3551781184775249,Internet Content & Information,Communication Services,BIDU
2022Q3,2022,Q3,2022-09-30,2022-09-30,-361000000.0,32540000000.0,5317000000.0,-1.04,16267000000.0,0.4999078058,389033000000.0,217236000000.0,208920000000.0,84978000000.0,158241000000.0,11233000000.0,0.0,291899220086.25,332224220086.25,622.8989247311828,2.4585186754218737,0.24545218529019389,0.43956342411018434,-0.010941735741858954,622.8989247311828,-0.0016617871807619363,8.970473880954211,-202.14627429795706,1.3436963490685245,0.0,1.4486780023146086,0.0,0.08364328990085675,2.210795735366801,-0.0009279418455503775,33.40190182929969,0.4999078057775046,-1.1039999999999999,-1.045191740947104,0.37853370176324425,0.9830870442772195,0.12372202265819288,-1.099257629914765,0.5638235294117647,0.9434877151693385,0.15611231725025265,0.37082576199763756,Internet Content & Information,Communication Services,BIDU
2022Q2,2022,Q2,2022-06-30,2022-06-30,3637000000.0,29647000000.0,3400000000.0,10.0,14476000000.0,0.4882787466,385119000000.0,217113000000.0,209512000000.0,76200000000.0,154382000000.0,11148000000.0,0.0,346280622500.0,399260622500.0,624.7856115107913,2.749501312335958,0.24800905694084166,0.439922989411044,0.010538999440663992,624.7856115107913,0.016751645456513427,11.680123536951463,23.802627337091007,1.5949326963378518,0.0,1.3608719052744886,0.0,0.07698140055411444,2.4846325459317584,0.009443834243441638,44.93649396574098,0.4882787465848146,5.6082949308755765,-0.17791791739410284,0.41735181406493094,1.1960534434594323,0.12522347454333463,5.842876165113182,0.30718954248366015,0.5185860728372527,0.13414685132459256,0.3193521632213045,Internet Content & Information,Communication Services,BIDU
2022Q1,2022,Q1,2022-03-31,2022-03-31,-751000000.0,28411000000.0,2601000000.0,-2.17,12865000000.0,0.4528175707,375633000000.0,212170000000.0,211503000000.0,68189000000.0,150403000000.0,10975000000.0,0.0,291120428025.0,345868428025.0,613.429707264185,3.1017172857792312,0.243801795901851,0.4316350096620634,0.01740751612913575,613.429707264185,-0.003539614460102748,10.246750484847418,-96.91092810419441,1.3721092898383374,0.0,1.416492027334852,0.0,0.07563499479545194,2.7948496091745003,-0.0019992918620036046,155.51304915865384,0.4528175706592517,-1.713815789473684,-1.4244912951682367,0.6891668570786924,1.2639342995333125,-0.18570795619975947,-1.7018691588785047,0.32839632277834524,-1.321811466773651,0.19066605028939962,0.30927421316876635,Internet Content & Information,Communication Services,BIDU
2021Q4,2021,Q4,2021-12-31,2021-12-31,1070000000.0,33088000000.0,1958000000.0,3.04,15799000000.0,0.4774842843,380034000000.0,211459000000.0,213315000000.0,74488000000.0,156082000000.0,1477000000.0,145160000000.0,329466403752.5,384123403752.5,608.5151079136691,2.863749865750188,0.2407863506949378,0.4327410987472749,0.0028447944749508797,608.5151079136691,0.005060082569197812,9.957277676272364,76.97813171787382,1.558062810060106,0.0,11.705484089370346,0.0,0.08706589410421173,2.616824186446139,0.002815537557165938,69.89104873833263,0.4774842843326886,1.06312292358804,-0.7411558888951135,0.8148179427090508,1.2891716150750403,0.00025324469768914215,1.064617428588683,-0.15164644714038128,-0.4834572863765691,0.22229489020013982,0.3040901966679479,Internet Content & Information,Communication Services,BIDU
2021Q3,2021,Q3,2021-09-30,2021-09-30,-16559000000.0,31921000000.0,2308000000.0,-48.16,15795000000.0,0.49481532533441935,384356000000.0,211378000000.0,215394000000.0,73915000000.0,159795000000.0,0.0,0.0,344133908718.75,400215908718.75,608.7199424046077,2.914076980315227,0.2518056177085827,0.4578669492567817,0.006607546666317907,608.7199424046077,-0.07833833227677431,10.780799746835939,-5.19557202606966,1.628049790984634,0.0,0.0,0.0,0.08305060933093278,2.617587769735507,-0.043082454807522194,102.57344522168405,0.49481532533441935,-27.666666666666664,-6.330489518074826,0.7465014423961605,1.3917913852452362,0.0221316249271986,-27.403087478559176,-0.3335258446433728,-2.3422481827715154,0.1372644584021832,0.33003279492497645,Internet Content & Information,Communication Services,BIDU
2021Q2,2021,Q2,2021-05-20,2021-06-30,-583000000.0,31350000000.0,3463000000.0,-1.68,15453000000.0,0.49291866028708137,389287000000.0,228907000000.0,199934000000.0,64798000000.0,149959000000.0,0.0,0.0,458593100810.00006,504896100810.00006,658.2516175413372,3.085496465940307,0.2291342890977608,0.3896735355406344,-0.011995686086865331,658.2516175413372,-0.002546885853206761,14.628169084848487,-196.65227307461407,2.0034035691787495,0.0,0.0,0.0,0.08053184411501026,2.7677706102040185,-0.001497609732665103,57.786429033518154,0.49291866028708137,-1.0227765726681128,-1.2406722289363656,0.7104597673233188,1.6853598739468845,0.17674383186110265,-1.022726386777375,0.2416636787378989,-1.0915328976409466,0.213267256237791,0.5433485405040684,Internet Content & Information,Communication Services,BIDU
2021Q1,2021,Q1,2021-03-31,2021-03-31,25653000000.0,28134000000.0,2789000000.0,73.76,13132000000.0,0.4667661903746357,379348000000.0,229814000000.0,191629000000.0,66890000000.0,140233000000.0,0.0,0.0,480550676530.00006,521684676530.00006,682.9539375928678,2.8648377933921365,0.2179476364709976,0.3597605019711593,0.008227682901533142,682.9539375928678,0.11162505330397626,17.08078042688562,4.68318205015008,2.09104178392091,0.0,0.0,0.0,0.07416409207376867,2.5649723426521156,0.06762392315235614,116.7235065654603,0.4667661903746357,3.900996677740864,12.275761442017341,0.8284854454286871,1.8710527380707862,-0.1657455053681469,3.958059528411287,-0.43962226240707253,2.9675781153555714,0.3931978540328353,0.9110243041029897,Internet Content & Information,Communication Services,BIDU
2020Q4,2020,Q4,2020-12-31,2020-12-31,5174000000.0,30263000000.0,4977000000.0,15.05,15741000000.0,0.5201401050788091,332708000000.0,182696000000.0,183342000000.0,68385000000.0,140865000000.0,0.0,135284000000.0,472317230929.3166,519124230929.3166,545.5384858954013,2.681026540908094,0.2482326845161523,0.45205696895389064,0.01487181019542222,545.5384858954013,0.028320269737706353,15.607085580719579,22.82166751687846,2.5852631197689964,0.0,0.0,0.0,0.09095964028517499,2.5410981940484025,0.015551174002428557,78.36688749449421,0.5201401050788091,-0.6217452498240675,-0.7837518090586952,0.6715871082604159,1.3511697440846917,0.021015761821366025,-0.6217283228542184,-0.1915204678362573,0.29215018619517236,0.3343996601391388,0.6451367001623443,Internet Content & Information,Communication Services,BIDU
2020Q3,2020,Q3,2020-09-30,2020-09-30,13678000000.0,28232000000.0,6156000000.0,39.788,15417000000.0,0.546082459620289,314742000000.0,176291000000.0,163152000000.0,61633000000.0,131082000000.0,0.0,0.0,292082751867.2928,351064751867.2928,518.7692376324824,2.6471533107263965,0.24593158841209625,0.43907516549341713,0.02089526038522963,518.7692376324824,0.0775876250063815,10.34580447248841,5.3385500779955555,1.6568216861172311,0.0,0.0,0.0,0.08969886446676961,2.493015105544108,0.04345781624314518,37.509021685795915,0.546082459620289,2.8606636910537553,3.9373354401726357,0.5749804253643482,2.2215896606230565,0.19511627906976745,2.821737915618888,0.6893523600439078,0.7572467945201933,0.22743859470741232,0.651575421425744,Internet Content & Information,Communication Services,BIDU
2020Q2,2020,Q2,2020-06-30,2020-06-30,3579000000.0,26034000000.0,3644000000.0,10.306,12900000000.0,0.49550587693016823,304468000000.0,164509000000.0,172048000000.0,60448000000.0,132672000000.0,0.0,124398000000.0,291285535452.8759,348106535452.8759,478.53463432558436,2.8462149285336156,0.2534584915327719,0.4690928763775842,0.010196867788991993,478.53463432558436,0.021755648627126783,11.188658502453558,20.34685215513243,1.7706358646206342,0.0,0.0,0.0,0.08550652285297634,2.661229486500794,0.01175492991053247,35.57034258796873,0.49550587693016823,447.0869565217391,-0.0009465657755691544,0.6055655008178271,1.7959885411452683,0.6416390939170272,86.29268292682927,9.338672768878718,-0.18226591163030761,0.2581033918081884,0.681997171772495,Internet Content & Information,Communication Services,BIDU
2020Q1,2020,Q1,2020-03-31,2020-03-31,41000000.0,22545000000.0,-437000000.0,0.023,7858000000.0,0.34854734974495455,299017000000.0,163046000000.0,165285000000.0,56015000000.0,128204000000.0,0.0,124714000000.0,247514770974.0582,300536770974.0582,471.53426321997756,2.950727483709721,0.2500961483795236,0.45866197269482234,-0.0020247131827055656,471.53426321997756,0.0002514627773757099,10.978699089556807,1509.2364083784037,1.518067115869498,0.0,0.0,0.0,0.07539705100378909,2.773632062840311,0.00013711594992926824,112.66034181796003,0.34854734974495455,-0.9987399331616721,-0.9830013469629382,0.7991801188779538,2.0345801430667567,-0.4121343607391337,-0.993538219070134,-1.0938775510204082,-0.976818849455076,0.34078317029209065,0.7402525167388541,Internet Content & Information,Communication Services,BIDU
2019Q4,2019,Q4,2019-12-31,2019-12-31,6345000000.0,28884000000.0,4655000000.0,18.253,13367000000.0,0.4627821631352998,301316000000.0,163599000000.0,165562000000.0,57380000000.0,128501000000.0,0.0,126268000000.0,304519939052.78,344610939052.78,473.02039681622944,2.8853607528755663,0.24404279892206188,0.44947707504324597,0.01800185814111081,473.02039681622944,0.03878385564703941,10.542858989502147,11.998421554483057,1.8613801982455884,0.0,0.0,0.0,0.09585949634270997,2.7507493900313698,0.021057627208644746,27.605832567562327,0.4627821631352998,1.9934146075976922,0.9938035362116459,1.0859408749749266,2.221702271935272,0.14228337036404035,1.995606464773262,0.9766454352441614,0.5421981220605676,0.5917465452118734,0.7794543663110929,Internet Content & Information,Communication Services,BIDU
2019Q3,2019,Q3,2019-09-30,2019-09-30,-6373000000.0,28080000000.0,2355000000.0,-18.374,11702000000.0,0.4167378917378917,302859000000.0,158099000000.0,154811000000.0,59755000000.0,133560000000.0,0.0,121001000000.0,255544173153.229,316200173153.229,454.3968620953421,2.590762279307171,0.2483664015267831,0.4757778354069286,0.011101684565929713,454.3968620953421,-0.04031018539016692,9.100575966995335,-10.024485060145498,1.6163554048616942,0.0,0.0,0.0,0.09271641258803602,2.386360973977073,-0.021042795492291794,29.03581106160993,0.4167378917378917,-3.797077180697214,-2.6572332406212005,1.0934581554091816,2.287149392318914,0.14613124387855045,-3.6422056384742953,9.107296137339056,-3.047506839231036,0.5333384246404402,0.7854228595647209,Internet Content & Information,Communication Services,BIDU
2019Q2,2019,Q2,2019-06-30,2019-06-30,2412000000.0,26326000000.0,233000000.0,6.569,10210000000.0,0.38782952214540756,308595000000.0,165729000000.0,155290000000.0,59500000000.0,130391000000.0,0.0,129297000000.0,283439930724.60333,335463930724.60333,473.5548467858096,2.6099159663865548,0.2357199565773911,0.4389213716368288,0.000681929108329372,473.5548467858096,0.014553880129609181,10.766539950034314,29.378102272450594,1.71026151563458,0.0,0.0,0.0,0.08530922406390253,2.4090588235294117,0.007816069605794002,40.69489314064656,0.38782952214540756,7.696228338430173,-0.3188835970439976,1.199816744747667,2.7372637726122893,0.0997414907367514,8.376146788990825,1.248931623931624,-0.010596041578455295,0.427246904947663,0.9318831124510216,Internet Content & Information,Communication Services,BIDU
2019Q1,2019,Q1,2019-03-31,2019-03-31,-327000000.0,24123000000.0,-936000000.0,-0.981,9284000000.0,0.3848609211126311,308956000000.0,163828000000.0,157852000000.0,57244000000.0,131616000000.0,0.0,128903000000.0,400303499940.3648,438850499940.3648,468.5265325584729,2.7575291733631473,0.22960227346288792,0.4329968015235491,-0.03654718548335569,468.5265325584729,-0.0019959958004736674,16.59426687975645,-306.04243114706793,2.4434376293451963,0.0,0.0,0.0,0.07807907922163673,2.5969533924952835,-0.001058403138310957,241.00150508149596,0.3848609211126311,-1.1653742414025623,-1.1292375263467125,1.5451718202085787,3.079178325395076,-0.19854972375690608,-1.1571359923113889,-1.841726618705036,-1.162854648799612,0.5087680212127061,0.9696268080713718,Internet Content & Information,Communication Services,BIDU
2018Q4,2018,Q4,2018-12-31,2018-12-31,2081000000.0,27195000000.0,1112000000.0,5.932,11584000000.0,0.4259606545320831,297566000000.0,162897000000.0,155094000000.0,56853000000.0,121814000000.0,0.0,129246000000.0,380804504500.368,418070504500.368,466.62041434593453,2.727982692206216,0.2181163170523514,0.39843582140862016,0.0026356137034620453,466.62041434593453,0.012774943676065244,14.002739639653171,45.74777805146179,2.337701151650233,0.0,0.0,0.0,0.09139148961910971,2.609730357237085,0.006993406504775411,196.89995062066598,0.4259606545320831,-0.8317497234591712,-0.2503691041315855,1.8642102852875837,3.251927240344963,-0.17168394708616375,-0.8321232655695385,-0.7488708220415538,-0.9165642003667294,0.4409880924931743,1.0110474852782,Internet Content & Information,Communication Services,BIDU
2018Q3,2018,Q3,2018-09-30,2018-09-30,12396000000.0,28203000000.0,4428000000.0,35.257,13985000000.0,0.49586923376945713,275336000000.0,159690000000.0,139982000000.0,52613000000.0,102492000000.0,0.0,127201000000.0,544925289802.7718,578400289802.7717,457.67288199757803,2.6605971908083554,0.17887235958973763,0.30841004446114345,0.017957607246938494,457.67288199757803,0.07762539921097125,19.32153635438683,10.98994211444764,3.4123945757578547,0.0,0.0,0.0,0.10243121131998721,2.532967137399502,0.04502135572536828,99.07732541868577,0.49586923376945713,0.9440339655932951,3.0779059271908307,2.18039050396398,3.5637435718117096,0.0017908309455587394,0.936269915651359,-0.183327185540391,3.3579775422365494,0.5323649449745675,1.8421774415920629,Internet Content & Information,Communication Services,BIDU
2018Q2,2018,Q2,2018-06-30,2018-06-30,6402000000.0,25972000000.0,5422000000.0,18.136,13960000000.0,0.5375019251501617,288320000000.0,149080000000.0,177974000000.0,81202000000.0,126632000000.0,0.0,118113000000.0,562912537630.248,588342537630.248,426.5087245466585,2.19174404571316,0.188294256381798,0.3641601824523746,0.02195756152331328,426.5087245466585,0.04294338610142206,21.673823256978594,21.981901656913777,3.7759091603853503,,0.0,,0.09008046614872364,1.6407477648333786,0.02220449500554939,0.0,0.5375019251501617,-0.028914114371385694,1.4229683992553133,2.43725759780961,3.7744135372262684,0.26862958924027625,-0.04362115327158649,0.18695271453590193,0.7576302178464747,0.5753510384363185,1.4920108618921428,Internet Content & Information,Communication Services,BIDU
2018Q1,2018,Q1,2018-03-31,2018-03-31,6694000000.0,20907000000.0,4568000000.0,18.676,11004000000.0,0.5263308939589612,269467000000.0,124504000000.0,166784000000.0,83406000000.0,130791000000.0,0.0,110425000000.0,488998495301.3767,518546495301.3767,357.375851330911,1.9996642927367336,0.18767789747909763,0.40619578487438157,0.021708902106554132,357.375851330911,0.053765340872582404,23.389223480239952,18.26256704890113,3.9275725703702427,,0.0,,0.07758649482125826,1.3865069659257128,0.024841631813914133,0.0,0.5263308939589612,0.5084403521524916,2.2890536984186745,2.5159416925718223,3.413022124560986,-0.09132947976878612,0.6095215195960567,-0.043150397989107664,1.7545784946568512,0.6559793422382716,1.299908504325234,Internet Content & Information,Communication Services,BIDU
2017Q4,2017,Q4,2017-12-31,2017-12-31,4159000000.0,23556000000.0,4774000000.0,12.381,12110000000.0,0.5140940736967227,251728000000.0,115346000000.0,151169000000.0,82057000000.0,121356000000.0,0.0,102328000000.0,530976871638.32996,563458871638.33,331.6067812732929,1.84224380613476,0.17306775567278967,0.3776984030655593,0.024556560574960043,331.6067812732929,0.036056733653529384,22.5410456630298,31.917340204275664,4.603340138698611,0.0,0.0,0.0,0.09357719443208543,1.8012357263853176,0.016521801309349774,69.17364143282047,0.5140940736967227,-0.4851760987982868,0.495415958699405,2.737326135723354,3.4497686795180282,0.03610540725530459,-0.47678953327462575,0.01574468085106383,0.299455157436999,0.6914838087839473,1.2585459904224063,Internet Content & Information,Communication Services,BIDU
2017Q3,2017,Q3,2017-09-30,2017-09-30,7949000000.0,23489000000.0,4700000000.0,24.049,11688000000.0,0.4975946187577164,243456000000.0,109007000000.0,155069000000.0,90923000000.0,131152000000.0,0.0,97979000000.0,572911065455.074,616347065455.074,314.10569018074153,1.7054980587970041,0.24149332939011567,0.5393506839010339,0.024612469370799292,314.10569018074153,0.07292192244534755,24.390611156501937,18.01833769829771,5.2557272969173905,0.0,0.0,0.0,0.09648149973711882,1.6428626420157715,0.032650663774973714,91.96004260916115,0.4975946187577164,1.1261603748563345,1.6613462788008513,2.784060157462293,3.7350913889392086,0.1356393315196269,0.8004530011325028,0.1163895486935867,1.072370635918753,0.7556863180209846,1.2722699356689102,Internet Content & Information,Communication Services,BIDU
2017Q2,2017,Q2,2017-06-30,2017-06-30,4415000000.0,20874000000.0,4210000000.0,11.311,10292000000.0,0.4930535594519498,222160000000.0,98661000000.0,136084000000.0,79845000000.0,117537000000.0,0.0,89564000000.0,420886775617.56946,457256775617.56946,284.50382816119884,1.7043521823533094,0.23340835433921497,0.5255774824905485,0.024799054408573187,284.50382816119884,0.04474919167654899,20.163206650262023,23.832773251277995,4.265989353620675,,0.0,,0.09395930860640979,1.6442106581501659,0.019873064458048255,0.0,0.4930535594519498,1.44350831713113,0.6055956881813936,2.8536983993705944,3.9664874324444863,0.3440366990448224,1.4849845581990138,1.0990743132137974,0.25818808777741836,0.7602653129510059,1.2452855405728305,Internet Content & Information,Communication Services,BIDU
2017Q1,2017,Q1,2017-03-31,2017-03-31,1776671000.0,16890785000.0,2005646000.0,4.629,7657529000.0,0.45335542427424186,205137754000.0,94114388000.0,119433384000.0,67482854000.0,105435314000.0,0.0,86587095000.0,412810439668.3533,470609612668.3533,270.95738042868004,1.7698330304761563,0.35276261726059455,0.7689040170988521,0.009804132890292337,270.95738042868004,0.0188777830654331,24.439979531345244,58.08763125929804,4.386262806791596,,0.0,,0.08233874394471531,1.71601796806045,0.008660867955101039,0.0,0.45335542427424186,-0.5938761186173013,-0.051456058828229574,2.9824968316114493,4.493629134834493,-0.09813969565936839,-0.5697388288771543,-0.08213713991778963,-0.2931182004796225,0.7940499280909418,1.3590627137270146,Internet Content & Information,Communication Services,BIDU
2016Q4,2016,Q4,2016-12-31,2016-12-31,4129285000.0,18212385000.0,2185126000.0,11.398,8490815000.0,0.4662110426503723,181997391000.0,92273542000.0,99758880000.0,46102045000.0,84254996000.0,0.0,85733706000.0,396372410456.446,436498854456.446,265.8232803108218,2.1638710386925353,0.2803606508842756,0.5529744051658925,0.013896071941544363,265.8232803108218,0.04475047679431229,21.763893661178695,23.997641871198404,4.295623662701124,,0.0,,0.10006948396309703,2.093329157090537,0.02268870436719612,0.0,0.4662110426503723,0.33999529743710316,1.0219783597528747,3.0934936297980276,5.068107580348076,-0.05619743654926438,0.33102700228537907,-0.21591011439157953,0.49594431766280406,0.9290693098062229,1.422228457912057,Internet Content & Information,Communication Services,BIDU
2016Q3,2016,Q3,2016-09-30,2016-09-30,3102330000.0,18252759000.0,2786831000.0,8.506,8996389000.0,0.49287830952022105,164953286000.0,88258688000.0,88654815000.0,32239774000.0,71589348000.0,0.0,81765379000.0,421058857086.3541,449285643086.3541,254.5037774447014,2.7498584512410043,0.2407086088603291,0.4498783847772584,0.016275410744963005,254.5037774447014,0.03515042054556714,23.068230785622827,33.930856572830265,4.77073551202522,,0.0,,0.11065410967320773,2.5711649839729027,0.018807324638564642,0.0,0.49287830952022105,0.29486984320292287,0.6596128198907449,3.400245625413557,0.0,-0.05557921637669884,0.28523508144549126,-0.0277544615414672,0.02684036836112811,1.0709659873144308,1.5378169081059965,Internet Content & Information,Communication Services,BIDU
2016Q2,2016,Q2,2016-06-30,2016-06-30,2413823000.0,18263648000.0,2866386000.0,6.569,9525827000.0,0.5215730723675795,158944733000.0,84941402000.0,84912124000.0,27707531000.0,69252718000.0,0.0,78808198000.0,381172812144.2406,404529324144.2406,245.12603466210768,3.0645864476340385,0.24615970130951115,0.46062093488873657,0.01736777232953793,245.12603466210768,0.028417508342986852,20.87057372898561,39.47812372160683,4.487479640896916,,0.0,,0.11490565088432342,2.888797345385989,0.015186555442513468,0.0,0.5215730723675795,0.2205499814195467,0.4884135605135524,4.384428638808043,6.647253032430078,0.1536126193900541,0.21491108201955778,0.29657485263964006,-0.078492273676809,1.438123465016102,1.7439838644832508,Internet Content & Information,Communication Services,BIDU
2016Q1,2016,Q1,2016-03-31,2016-03-31,1986831000.0,15820572000.0,2210737000.0,5.382,8257388000.0,0.5219399146882931,150151570000.0,82303351000.0,79598065000.0,26482056000.0,63796444000.0,0.0,76525815000.0,427794427130.844,450162252130.844,237.8757897884457,3.005735846189586,0.23283851777240824,0.42478305652463655,0.014053567475476637,237.8757897884457,0.024140341503227494,27.0403893823083,53.82873872146699,5.197776541696874,,0.0,,0.1053640131768186,2.8302916888326193,0.013232169333960344,0.0,0.5219399146882931,-0.9241063244729605,0.8701670575012679,5.543911899523102,7.719427273010306,-0.2172696497368066,-0.9195999435249809,-0.3745927721368444,-0.017037363086853934,1.6789397931724912,1.9373868416806248,Internet Content & Information,Communication Services,BIDU
2015Q4,2015,Q4,2015-12-31,2015-12-31,24711811000.0,18698794000.0,3534876000.0,70.915,10549467000.0,0.5641790053412001,147853308000.0,80255663000.0,78233663000.0,26102802000.0,63637592000.0,0.0,74659355000.0,425790246144.1993,450901449144.1993,232.02854122630734,2.99713659092997,0.237202234257755,0.43699265184563985,0.026751613322844585,232.02854122630734,0.30791361103078796,22.771000426241354,4.3075580958453354,5.305423072066569,,0.0,,0.12646855354768255,2.848060334672117,0.16713735616926473,0.0,0.5641790053412001,7.953914141414142,11.143842329799751,3.217846738832542,4.296654785939538,-0.03246975443942272,7.698067875155443,0.4073796260021213,7.935575373193037,1.983444117685447,2.113547110039857,Internet Content & Information,Communication Services,BIDU
2015Q3,2015,Q3,2015-09-30,2015-09-30,2841069000.0,18383081000.0,2511672000.0,7.92,10903501000.0,0.5931269627762615,124623029000.0,56119234000.0,83219518000.0,26937798000.0,64994578000.0,0.0,50111572000.0,304385272690.6592,327291383690.6592,161.02896156307884,3.089321480545663,0.30075742261087235,0.6678868959615522,0.021626381574872965,161.02896156307884,0.05062558409118699,16.557903035441075,26.784396356675884,5.423902840346309,,0.0,,0.14750950243714586,2.7589958912009065,0.022797303378013705,0.0,0.5931269627762615,-0.2224622030237581,0.0,0.0,0.0,0.0825322684636095,-0.22417834125657118,-0.27611117179531447,-0.052800387131987155,1.9490534657847218,1.4274849934377503,Internet Content & Information,Communication Services,BIDU
2015Q2,2015,Q2,2015-06-30,2015-06-30,3662013000.0,16575238000.0,3469693000.0,10.186,10072218000.0,0.6076665686489691,122711089000.0,60145228000.0,84448409000.0,23856745000.0,58861715000.0,0.0,53619055000.0,434165782060.51843,448824137060.51843,171.15042757992535,3.539812702864536,0.2930067876750731,0.5978060636830573,0.029219337252404113,171.15042757992535,0.06088617703801871,26.19363788685981,29.639830747495875,7.218623929075777,,0.0,,0.13507530684533328,3.3014990519452674,0.0298425597054232,0.0,0.6076665686489691,0.507473730945686,3.3300893026847493,7.572741056543024,8.730484879576004,0.36138410515734715,0.4951385713352495,0.6098325394037896,0.3141942977099812,2.0197154988596395,1.9877153257550655,Internet Content & Information,Communication Services,BIDU
2015Q1,2015,Q1,2015-03-31,2015-03-31,2449280000.0,12724616000.0,2155313000.0,6.757,7398513000.0,0.5814331057220116,102742338000.0,54560787000.0,66484942000.0,20605831000.0,45461252000.0,0.0,50042654000.0,453393308262.688,466030008262.688,155.38698633394586,3.2265110783447657,0.2516464244759546,0.47387040073303927,0.02122090509444787,155.38698633394586,0.04489084807372738,35.63119769293533,46.27822342307617,8.309874787229298,,0.0,,0.12384978040892937,2.988129816264144,0.023839052601664565,0.0,0.5814331057220116,-0.24972240728403292,4.046736474446573,8.737286802737152,9.272914103420927,-0.14089435544720907,-0.24149034907584818,-0.26988066738459776,0.2935342494983356,1.9678322206540668,2.150452938199203,Internet Content & Information,Communication Services,BIDU
2014Q4,2014,Q4,2014-12-31,2014-12-31,3229069000.0,14050229000.0,2952001000.0,9.006,8611878000.0,0.6129350631936319,99661508000.0,51525629000.0,65840648000.0,20270821000.0,45155920000.0,0.0,47659772000.0,498290988011.1055,510313116011.1055,146.82312544420398,3.2480503873030107,0.2596273478021224,0.5021744227518309,0.03214480482182458,146.82312544420398,0.06266918158340193,35.464972706929224,38.57853362773492,9.67074051655159,,0.0,,0.1409794943098794,3.0597815451086072,0.03240036263549213,0.0,0.6129350631936319,-0.18142155971641521,351.34437713372444,1223.3266569726607,9.739459596220314,0.018986042462218473,-0.16693093491622532,-0.2469041315917232,0.5639912221155664,2.123676428823105,2.3516196152444366,Internet Content & Information,Communication Services,BIDU
2014Q3,2014,Q3,2014-09-30,2014-09-30,3876112000.0,13519756000.0,3919821000.0,11.002,8451419000.0,0.6251162373048744,91226279000.0,48478114000.0,58783170000.0,18092203000.0,41311051000.0,0.0,44483386000.0,469823618827.5158,484024957827.5158,138.23432033759457,3.2490885714691573,0.26482388917781025,0.4983464909546605,0.04553766294699412,138.23432033759457,0.0799559157767565,34.75089482587673,30.302505373136523,9.69145826975686,,0.0,,0.1482002351537324,3.034889615156319,0.04248898499959644,0.0,0.6251162373048744,0.09027846595976627,6.768011399928323,9.443306911979734,10.12848259314463,0.13527811658759115,0.09287968294999063,0.10160864689863333,1.0504468024839202,2.222928377082297,0.0,Internet Content & Information,Communication Services,BIDU
2014Q2,2014,Q2,2014-06-30,2014-06-30,3546696000.0,11985782000.0,3558270000.0,10.091,7444360000.0,0.6210992324071971,85423903000.0,44413271000.0,54564476000.0,13767052000.0,39355488000.0,0.0,40607274000.0,406750216129.8264,418751489129.8264,126.71164670156587,3.9634103219774284,0.2852696627546976,0.5486839282790047,0.04368047706525905,126.71164670156587,0.07985667166915042,33.9360599191464,28.67106569958536,9.158303519905715,,0.0,,0.1403094634999293,3.7455625213008568,0.04151877724435045,0.0,0.6210992324071971,0.3988078735791515,8.127500761129637,9.771979561090676,10.621934345404915,0.3154410896782096,0.39898516562059205,0.4990571570124263,1.1621007248529607,2.4934314996915097,2.9530522566420347,Internet Content & Information,Communication Services,BIDU
2014Q1,2014,Q1,2014-03-31,2014-03-31,2535192000.0,9496552000.0,2373672000.0,7.214,5659212000.0,0.5959228149332516,73377197000.0,40240853000.0,44430233000.0,11890543000.0,31309810000.0,0.0,37060578000.0,330945754202.6822,340256397202.6822,114.85806581233372,3.7366025252168886,0.2467250963538441,0.449890960313391,0.03447477920967463,114.85806581233372,0.06300045379256747,34.8490435478774,32.63517656677307,8.224123733229069,,0.0,,0.1294210243544735,3.5352141613717727,0.0345501341513495,0.0,0.5959228149332516,-0.08671983795417136,12.793799190853855,10.543357456934562,11.378810421443335,-0.03532168830619812,-0.08945670721479976,-0.13357713816828082,1.3566328446189762,2.8792056902565557,3.210165954509091,Internet Content & Information,Communication Services,BIDU
2013Q4,2013,Q4,2013-12-31,2013-12-31,2784263000.0,9522913000.0,2739623000.0,7.899,5866424000.0,0.6160325102203495,70985788000.0,38424915000.0,43029150000.0,11032826000.0,30320538000.0,0.0,34525386000.0,377054859253.2816,385021942253.2816,109.7432735721219,3.900102294733915,0.24876641504634703,0.4595684857077758,0.043325641943454785,109.7432735721219,0.0724598349794658,39.59448744867055,33.85589465266766,9.812770158457907,,0.0,,0.13415238836258322,3.7577513685070354,0.0392228230248004,0.0,0.6160325102203495,-0.08512856150104242,9.83385639369479,11.633393403884433,11.26719656143767,0.009244430589697815,-0.08652219288768533,-0.17919844589499306,0.35164012181410764,1.1220044344644222,1.5051755793418178,Internet Content & Information,Communication Services,BIDU
2013Q3,2013,Q3,2013-09-30,2013-09-30,3047981000.0,8891658000.0,3337741000.0,8.634,5812689000.0,0.6537238611741477,63944155000.0,35085234000.0,47626009000.0,8559365000.0,27600203000.0,0.0,31751481000.0,332368229788.4044,332401148788.4044,100.28453062622262,5.564198862882936,0.2790551223954715,0.5085884278269314,0.05271982158866016,100.28453062622262,0.08687361184480058,37.379781114883684,27.261343639314386,9.473165542758085,,0.0,,0.1390534912846999,5.313760424984797,0.04766629569192055,0.0,0.6537238611741477,0.14890219560878254,7.583985397033798,8.477316815249113,11.197131219734944,0.1805537586898625,0.1528400019819289,0.14941328195353434,0.0,0.0,0.0,Internet Content & Information,Communication Services,BIDU
2013Q2,2013,Q2,2013-06-30,2013-06-30,2643889000.0,7560815000.0,2903865000.0,7.515,4923697000.0,0.6512124684971131,52400459000.0,31244577000.0,37426510000.0,9077093000.0,19875788000.0,0.0,28726137000.0,198340533221.04,201112226221.04,89.33217058412623,4.123182388899178,0.22520207313451204,0.3776876864103489,0.0563958345783664,89.33217058412623,0.08461913246577157,26.232692272068554,18.75461991984535,6.347998669370368,,0.0,,0.14428909868900194,3.9501666447617096,0.05045545497988863,0.0,0.6512124684971131,0.277626657599456,8.76579484867972,8.220407219764105,11.455326464537134,0.2725118458915032,0.2942273275531223,0.3136747960859357,2.141062758685418,2.9290265979124794,4.078838232657156,Internet Content & Information,Communication Services,BIDU
2013Q1,2013,Q1,2013-03-31,2013-03-31,2042832000.0,5968538000.0,2210490000.0,5.882,3869274000.0,0.6482783556040022,47840265000.0,28318165000.0,36028867000.0,7959508000.0,18303110000.0,0.0,26096447000.0,188189271411.903,191359603411.903,80.98211185978663,4.52651935270371,0.2486941491649346,0.42014000554061326,0.04596531882611839,80.98211185978663,0.07213857253815704,31.5302124928924,23.030439043923217,6.645531990222636,,0.0,,0.12475971861777939,4.428017912664954,0.04270110125853191,0.0,0.6482783556040022,-0.26392191215117006,12.618946438604365,9.155312056847405,11.715440791664314,-0.10887964232422923,-0.2692380061828336,-0.22385161647106327,3.2266356938454828,3.586181229583256,4.353873568673952,Internet Content & Information,Communication Services,BIDU
2012Q4,2012,Q4,2012-12-31,2012-12-31,2795482000.0,6335346000.0,2848025000.0,7.991,4342033000.0,0.685366355681284,45668890000.0,26055229000.0,34674089000.0,8236529000.0,18453765000.0,0.0,24038219000.0,218598555763.64444,218659157763.64444,74.52225163965389,4.209793834271694,0.2614741457477946,0.4583047034435967,0.06265121879508571,74.52225163965389,0.1072906325252409,34.50459623888647,19.5492723404805,8.389815179273398,0.0,0.0,0.0,0.13872345047142595,4.096183962929045,0.06121195413332796,117.43619710696996,0.685366355681284,-0.07016523155690015,11.386757185873797,9.803493816813123,11.591897046995859,-0.04658878118873798,-0.07055854288707554,-0.13614512391871222,305.4348999334057,553.1204170374091,4.450971759946415,Internet Content & Information,Communication Services,BIDU
2012Q3,2012,Q3,2012-09-30,2012-09-30,3007701000.0,6250720000.0,3296879000.0,8.594,4554208000.0,0.7285893465072824,32693380000.0,23181929000.0,23367826000.0,7500418000.0,8469969000.0,0.0,21242737000.0,247681794342.22876,247504082342.22876,66.33571865465302,3.1155364940993957,0.07330071103079584,0.10337569405893703,0.11107614488585346,66.33571865465302,0.129743344481816,39.624522349781905,20.58730192447893,10.68426162215529,,0.0,,0.19119222301273225,3.001913893332345,0.09199724837260632,0.0,0.7285893465072824,0.09352334902659364,15.119196397650258,11.260572306904963,11.627464387507281,0.1535294260680678,0.0858635964864777,0.17122877669421424,5.048892942990907,3.8453698665702314,4.340322783438887,Internet Content & Information,Communication Services,BIDU
2012Q2,2012,Q2,2012-06-30,2012-06-30,2769870000.0,5456232000.0,2814889000.0,7.859,3948064000.0,0.7235879999237569,28552588000.0,20010643000.0,20310482000.0,4329948000.0,7514640000.0,0.0,18236623000.0,255343091555.48062,254811700555.48062,57.28471722340937,4.69069882594433,0.08361676356623085,0.11931025904564886,0.11557105931397532,57.28471722340937,0.13841983988220669,46.7984300439352,23.046486979125433,12.760364149991613,,0.0,,0.1910941312920566,4.490651850784351,0.09700941995170455,0.0,0.7235879999237569,0.4596953937592867,17.962558499704528,12.209292492461154,11.165712619956878,0.3102662073950518,0.47100731555118897,0.34589278525206724,6.152555785597751,3.920349235503748,4.2541280923730795,Internet Content & Information,Communication Services,BIDU
2012Q1,2012,Q1,2012-03-31,2012-03-31,1882975000.0,4263727000.0,2091466000.0,5.384,3013177000.0,0.706700264815266,25000085000.0,17222321000.0,17577345000.0,3971790000.0,6758279000.0,0.0,15487309000.0,320975698373.4348,317089896373.4348,49.32210998929093,4.425547423202133,0.09474215787666322,0.1375286176584445,0.0904914892972507,49.32210998929093,0.10933340517808256,75.28054642650311,42.61550184859529,18.637191721919177,,0.0,,0.17054850013509953,4.259816354842527,0.07531874391627068,0.0,0.706700264815266,-0.08326238719564105,20.324782797549155,13.98124820373459,10.498545142895722,-0.0681390627198659,-0.0831170538596756,-0.08958910919318828,9.279529678096148,4.200094436022891,4.315682837116406,Internet Content & Information,Communication Services,BIDU
2011Q4,2011,Q4,2011-12-31,2011-12-31,2053670000.0,4474093000.0,2297277000.0,5.873,3233505000.0,0.7227174312201378,23340541000.0,15291716000.0,15848156000.0,4406547000.0,7015028000.0,0.0,13604334000.0,256502194609.4514,254872400609.4514,43.806619574726426,3.596502204560623,0.1070107158184551,0.16333601801132064,0.10749254366134196,43.806619574726426,0.13429951223263628,57.33054601445508,31.224855333311993,16.77393136319373,0.0,0.0,0.0,0.19168763054806656,3.387765068658067,0.08798724931011667,90.76176765237634,0.7227174312201378,0.09163568773234207,14.632119257585618,15.018114994231102,9.894003622518158,0.05351736109866687,0.09143078531337973,0.03186770688429248,7.535657125831988,6.011013752460993,3.896741235462872,Internet Content & Information,Communication Services,BIDU
2011Q3,2011,Q3,2011-09-30,2011-09-30,1881631000.0,4175465000.0,2226329000.0,5.38,3069247000.0,0.7350671122856975,,,,,,,,238377754841.3975,,,0.0,0.0,0.0,0.0,,0.0,57.09010968632176,31.67169264874429,0.0,,0.0,,0.0,0.0,0.0,0.0,0.7350671122856975,0.15203426124197,20.13534380959527,15.707356285578136,0.0,0.21091168907205626,0.15241009346641524,0.1979487218118745,4.311107880979731,3.460478447391075,0.0,Internet Content & Information,Communication Services,BIDU
2011Q2,2011,Q2,2011-06-30,2011-06-30,1632779000.0,3415022000.0,1858451000.0,4.67,2534658000.0,0.7422083957292223,14371576000.0,11183032000.0,11189066000.0,3047665000.0,3187665000.0,0.0,9669033000.0,315966373879.7259,306272748879.7259,32.05412893003406,3.6713569240713793,0.018736288908050167,0.02407844312705177,0.1381236103264138,32.05412893003406,0.146005036916643,92.52250025906886,48.378619194594904,28.25408832593217,,0.0,,0.2376233476412051,3.544462071782824,0.11361168740296819,0.0,0.7422083957292223,0.5246490368919359,25.642694923006374,16.003416642301275,8.459336970589828,0.4348531242410811,0.5251677397840563,0.5557072564753784,5.046206273235334,3.175093163550084,3.469214592563386,Internet Content & Information,Communication Services,BIDU
2011Q1,2011,Q1,2011-03-31,2011-03-31,1070557000.0,2436206000.0,1194602000.0,3.063,1766493000.0,0.7251000120679449,12438057000.0,9511715000.0,9572829000.0,2786342000.0,2926342000.0,0.0,8036254000.0,314648555229.26434,306420212229.26434,27.281125507492323,3.435625992789112,0.021785235427044594,0.02848760712447755,0.10442891501291647,27.281125507492323,0.11255141685805346,129.15515158786422,73.47776793511797,33.08010755465911,,0.0,,0.19586708760057941,3.286139677038928,0.08607108007303713,0.0,0.7251000120679449,0.0,27.71992372469947,15.98807423594135,7.549528374264246,0.0,0.0,0.0,6.158138867634486,3.1573710035973335,3.2835575431904482,Internet Content & Information,Communication Services,BIDU
2010Q3,2010,Q3,2010-09-30,2010-09-30,0.0,0.0,0.0,2.997,0.0,0.0,,,,,,,,238609004620.77057,,,0.0,0.0,0.0,0.0,,0.0,0.0,0.0,0.0,0.0,0.0,,0.0,0.0,0.0,0.0,0.0,0.24979149291075886,-1.0,-1.0,0.0,-1.0,-1.0,-1.0,-1.0,-1.0,0.0,Internet Content & Information,Communication Services,BIDU
2010Q2,2010,Q2,2010-06-30,2010-06-30,837364000.0,1914394000.0,971784000.0,2.398,1396058000.0,0.7292427786547597,7780211000.0,6120092000.0,6239934000.0,1650969000.0,1660119000.0,0.0,4758430000.0,160417203399.5008,156266504399.5008,17.589095476543513,3.779558550160542,0.0005334045567658769,0.0006780943815877277,0.13587816575599693,17.589095476543513,0.1368221262033316,83.79529156458952,47.89350969217114,26.2115673096909,,0.0,,0.2460593935048805,3.702145830721231,0.1076274152461932,0.0,0.7292427786547597,0.7414669571532317,23.272875678282414,8.59594066050964,76.42839010526676,0.6092702101416698,0.7425588456247906,0.8307464210560028,4.755189906788385,3.6529231438771896,2.7354444812580385,Internet Content & Information,Communication Services,BIDU
2010Q1,2010,Q1,2010-03-31,2010-03-31,480537000.0,1293915000.0,530813000.0,1.377,867510000.0,0.6704536233060131,6559914000.0,5258792000.0,5191650000.0,1296972000.0,1301122000.0,0.0,3921066000.0,141469411764.7629,137312281764.76291,15.12589171578893,4.002900602326033,0.0,0.0,0.08799328762287613,15.12589171578893,0.09137782973732371,109.33439349938976,73.59964569053108,26.901503570546794,,0.0,,0.19724572608726273,3.9034844237192474,0.073253551799612,0.0,0.6704536233060131,53.61750095529232,62.62380980469738,8.376134589650881,325.0063507025165,43.28556843126244,53.626984996166904,12.530389260578678,4.465777151514073,3.5661416804690553,2.526324173039537,Internet Content & Information,Communication Services,BIDU
2009Q4,2009,Q4,2009-12-31,2009-12-31,-9131000.0,11369000.0,-46036000.0,-0.02617,19589000.0,1.7230187351570059,6156975000.0,4753101000.0,4842872000.0,1399724000.0,1403874000.0,0.0,3440529000.0,97649607050.2407,93435982050.2407,13.671369972459088,3.459876375628338,0.0,0.0,-0.004386152538722337,13.671369972459088,-0.001921061639548581,8589.11135985933,-2673.573733715932,20.5443997613854,,0.0,,0.0018465236581275708,3.4410962446882385,-0.0014830334701700105,0.0,1.7230187351570059,-1.0185077793493635,-2.011371991415749,-0.8718375327515528,472.5978082954769,-0.9765640328670626,-1.0185264840868236,-1.0882856068916318,-1.0697841863538622,-0.9591323051273113,2.3998504210236216,Internet Content & Information,Communication Services,BIDU
2009Q3,2009,Q3,2009-09-30,2009-09-30,492862000.0,1278703000.0,521444000.0,1.414,835852000.0,0.6536717283059476,5487659000.0,4302775000.0,4234150000.0,1180734000.0,1184884000.0,0.0,3012665000.0,92332812355.84296,88914240355.84296,12.421668379366446,3.5860320783512627,0.0,0.0,0.11019946283423508,12.421668379366446,0.11454514818924996,72.20817684469573,46.835022965780965,21.458898584249223,,0.0,,0.23301429626002637,3.4970213443502094,0.08981279631259886,0.0,0.6536717283059476,0.28312159709618856,51.242919849088175,12.871302003336057,0.0,0.19599128889448517,0.28597296874184625,0.23325000413886726,4.578892190372277,4.156088309254369,2.3672869444573146,Internet Content & Information,Communication Services,BIDU
2009Q2,2009,Q2,2009-06-30,2009-06-30,383260000.0,1097469000.0,422821000.0,1.102,698878000.0,0.6368088756948943,4669629000.0,3769257000.0,3582898000.0,900372000.0,900372000.0,0.0,2519803000.0,70995394664.7033,68076724664.70329,10.902801800086332,3.979352978546645,0.0,0.0,0.09898820878151776,10.902801800086332,0.10168051687640296,64.69011394827854,46.31020368986021,18.835381791345956,,0.0,,0.23502273949386557,3.8747306668799117,0.0820750427924788,0.0,0.6368088756948943,1.1111111111111112,39.70489838097341,10.928638511868636,0.0,0.4307314996028464,1.1160907037992016,1.130016221172156,5.31105836226073,4.514331972477282,2.2174724315760828,Internet Content & Information,Communication Services,BIDU
2009Q1,2009,Q1,2009-03-31,2009-03-31,181117000.0,810711000.0,198506000.0,0.522,488476000.0,0.6025279045183796,3999013000.0,3203469000.0,2929448000.0,795544000.0,795544000.0,0.0,2136542000.0,41621143591.80804,39126823591.80804,9.278602862628022,3.682320525326066,0.0,0.0,0.053953517421440084,9.278602862628022,0.056537772021517926,51.33906360195931,57.450630796402386,12.992522665837578,,0.0,,0.202727773078007,3.5787875969148155,0.045290425412470525,0.0,0.6025279045183796,1.583292361328387,18.26158801141293,7.823570819265132,0.0,1.9070584802218917,1.5827688910342095,1.5203829854016682,3.906720375446389,4.70893126098036,1.9077861331557475,Internet Content & Information,Communication Services,BIDU
2008Q4,2008,Q4,2008-12-31,2008-12-31,-310787008.0,-883081667.84,-381461357.44,-0.89492,-538527570.8800001,-0.6098275963504346,3937991000.0,3088663000.0,2852476000.0,849328000.0,849328000.0,0.0,1979844000.0,30714175048.077377,28341227048.077377,8.946076067379847,3.358509315600098,0.0,0.0,-0.1062845028644086,8.946076067379847,-0.1006218574185659,-34.780673369886195,-24.7067720476248,9.944165176996448,,0.0,,-0.22424674607940953,3.282909547312699,-0.07892019255503631,0.0,0.6098275963504346,-1.8953426017080064,-43.601562562511184,-28.806728564941267,29.559693628405384,-1.8835667325885994,-1.8938575771272486,-2.036201731416664,-8.379064547434199,-4.2279657362919725,1.932087390561661,Internet Content & Information,Communication Services,BIDU
2008Q3,2008,Q3,2008-09-30,2008-09-30,347691864.96,918689167.36,368134259.84,0.999528,609492810.24,0.6634374627399547,3555744414.72,2816682694.4,2506103429.12,739061720.32,739061720.32,0.0,1690379304.96,58124712201.6353,56037143873.3153,8.221976858292905,3.3909257646775472,0.0,0.0,0.11880513277121152,8.221976858292905,0.12344019638820697,63.26918207674739,41.79326442417788,20.635875072899122,0.0,0.0,0.0,0.25836760470095343,3.239212998128832,0.09778314310798947,0.0,0.6634374627399547,0.3123503214150666,52.95024014024294,29.030345632769777,0.0,0.16900300333433532,0.3127520745918786,0.3328401575518385,27.653580520247402,6.239006405818819,1.0302045261266473,Internet Content & Information,Communication Services,BIDU
2008Q2,2008,Q2,2008-06-30,2008-06-30,264857219.95,802222252.77,276202857.3,0.761632,521378309.97999996,0.6499175361687218,3155650207.66,2454119629.45,2086706074.3,701530578.21,701530578.21,0.0,1342665346.72,73293789002.90533,71503659945.54533,7.172206271627903,2.9745048029472407,0.0,0.0,0.10159673061704866,7.172206271627903,0.10792351634845036,91.36344541656455,69.1823589109085,29.865613771783178,,0.0,,0.254217736434378,2.85687901263522,0.08393110849456245,0.0,0.6499175361687218,0.8057437118138947,36.55329199270431,22.559247434003144,0.0,0.5086294034953704,0.8077869381816869,0.875351759254582,6.80710910075707,3.089049994051869,30.572537988416002,Internet Content & Information,Communication Services,BIDU
2008Q1,2008,Q1,2008-03-31,2008-03-31,146509090.4,574050529.36,147280560.0,0.421783,345597340.72,0.6020329623339972,2755626290.96,2175249710.88,1803345256.8,580327486.56,580376580.08,0.0,1077693937.68,57311205631.694916,55884758341.294914,6.368800986661427,3.1074613878616493,0.0,0.0,0.06303930153283292,6.368800986661427,0.06735276858891275,99.83651734559027,97.79462399777296,26.34695471744694,,0.0,,0.2083194412984111,2.9818964058685626,0.05316725670698962,0.0,0.6020329623339972,-0.3305031746031746,20.702625020387536,15.889171548762613,0.0,-0.029733035953204482,-0.33545716331459097,-0.1672082129876122,18.74562912860151,3.2343014395219107,136.2659283184472,Internet Content & Information,Communication Services,BIDU
2007Q4,2007,Q4,2007-12-31,2007-12-31,220465984.0,572860168.0,176851600.0,0.63,356187888.0,0.6217710846322972,2655908000.0,2021372000.0,1725494000.0,631204000.0,634536000.0,0.0,931736000.0,97110231462.09967,95750951462.09967,5.918270405286804,2.733655046545966,0.0,0.0,0.0955304967621815,5.918270405286804,0.10906749672994381,169.51821209901203,110.11929108086314,48.041741679463094,,0.0,,0.21569277550276592,2.699612169758113,0.08300964641847534,0.0,0.6217710846322972,0.20650131853358372,32.98271346027326,17.23409242892572,19.893645472271725,0.12952982866891627,0.21503554822176885,0.05381437189346557,23.856944104243603,5.573562312752076,205.15242639587584,Internet Content & Information,Communication Services,BIDU
2007Q3,2007,Q3,2007-09-30,2007-09-30,181448176.0,495770448.0,167820448.0,0.522171,315341728.0,0.6360639874202425,2334389328.0,1785232368.0,1588634776.0,545528896.0,549156960.0,0.0,710808200.0,72551814418.27913,71252735130.27913,5.253288912086015,2.9121001429042543,0.0,0.0,0.09268760410967482,5.253288912086015,0.10163840811562072,146.34154720387676,99.96217104199371,40.63998374595857,,0.0,,0.21237693389592124,2.708544025502913,0.07772832655787398,0.0,0.6360639874202425,0.27886546430635706,28.33026519765479,15.336934959427769,0.0,0.24130475341438468,0.2808636200886853,0.30353610916653123,18.60468880709556,4.48192915099137,0.0,Internet Content & Information,Communication Services,BIDU
2007Q2,2007,Q2,2007-06-30,2007-06-30,141660808.5,400590397.5,128742462.0,0.408308,254040538.5,0.6341653221979691,2085313099.5,1595183886.0,1450071088.5,486076548.0,490129213.5,0.0,529287238.5,43269378851.07294,42058224939.57294,4.708702154400588,2.9832154924289824,0.0,0.0,0.07967637955747393,4.708702154400588,0.088805315639955,108.01401911056277,76.36088504159733,27.12500999466148,0.0,0.0,0.0,0.1921008397233252,2.8459047678638467,0.0679326325308014,0.0,0.6341653221979691,0.6557367742354078,20.206628837812108,10.882304230968797,0.0,0.46517325675100485,0.6596964558336978,0.746779463749991,14.353627329431125,3.443316507373191,0.0,Internet Content & Information,Communication Services,BIDU
2007Q1,2007,Q1,2007-03-31,2007-03-31,85353444.0,275107545.6,73702756.8,0.246602,173386005.60000002,0.6302480916030535,1802999820.0,1447804416.0,1256621966.4,346324204.8,355195404.0,0.0,387607322.4,25160874117.168957,23993527761.168957,4.289421781308062,3.6284555020510076,0.0,0.0,0.050090977389648086,4.289421781308062,0.058953711604095564,91.45832064436459,73.69613028493893,17.37864164462457,,0.0,,0.15258323519965744,3.4503076511503474,0.04733968525853763,0.0,0.6302480916030535,-0.33350810810810816,12.615044195746798,7.190322914688436,0.0,-0.10055182595689915,-0.32808615748318687,-0.2730487921075952,8.284974552394324,2.062722204393926,0.0,Internet Content & Information,Communication Services,BIDU
