Quarters,Year,Quarter,FillingDate,Date,NetIncome,Revenue,OperatingIncome,EPSDiluted,GrossProfit,GrossProfitRatio,TotalAssets,CommonStockEquity,CurrentAssets,CurrentLiability,TotalLiability,Inventory,RetainedEarnings,MarketCap,EnterpriseValue,bookValuePerShare,currentRatio,debtToAssets,debtToEquity,roic,shareholdersEquityPerShare,roe,priceToSalesRatio,peRatio,pbRatio,payoutRatio,inventoryTurnover,dividendYield,assetTurnover,quickRatio,returnOnAssets,priceToFreeCashFlowsRatio,grossProfitMargin,epsdilutedGrowth,fiveYNetIncomeGrowthPerShare,fiveYRevenueGrowthPerShare,fiveYShareholdersEquityGrowthPerShare,grossProfitGrowth,netIncomeGrowth,operatingIncomeGrowth,threeYNetIncomeGrowthPerShare,threeYRevenueGrowthPerShare,threeYShareholdersEquityGrowthPerShare,Industry,Sector,Symbol
2023Q1,2023,Q1,2023-06-29,2023-03-31,415378.0,0.0,616872.0,0.14,0.0,0.0,96915050.0,92885041.0,770945.0,810009.0,4030009.0,0.0,-2670945.0,94760000.0,94192136.0,10.096200108695653,0.9517733753575578,0.0,0.0,0.0044719579765271356,10.096200108695653,0.0044719579765271356,0.0,57.032389775096426,1.0201858015005882,0.0,0.0,0.0,0.0,0.7010588771235875,0.004286000987462731,-305.97747468485227,0.0,-0.7083333333333333,6472.126263415622,0.0,0.0,0.0,-0.6476527032254125,3.6267644917199298,6472.126263415622,0.0,0.0,Shell Companies,Financial Services,GLST
2022Q4,2022,Q4,2023-05-25,2022-12-31,1178888.0,0.0,-234841.0,0.48,0.0,0.0,96293292.0,92469663.0,1109088.0,603629.0,3823629.0,0.0,-2328390.0,25133502.48,24271036.48,37.26968363981079,1.83736699197686,0.0001567502749828098,0.0001632319131518842,-0.005825193646345968,37.26968363981079,0.012748916366224888,0.0,5.329917362802913,0.271802682789057,0.0,0.0,0.0,0.0,1.4538068913190056,0.012242680414332496,-60.99520813867984,0.0,9.24742268041237,0.0,0.0,0.0,0.0,8.490139270102674,0.24814309680228464,0.0,0.0,0.0,Shell Companies,Financial Services,GLST
2022Q3,2022,Q3,2022-12-07,2022-09-30,-157392.0,0.0,-312348.0,-0.0582,0.0,0.0,83703553.0,80253673.0,1595363.0,649880.0,3449880.0,21.0,-1746613.0,27.043480000000002,-29589.95652,29.67579357390395,2.454857819905213,0.0,0.0,-0.0029303450279034994,29.67579357390395,-0.001961181265809479,0.0,-4.295561400833588e-05,3.3697498181796616e-07,0.0,0.0,0.0,0.0,2.078106727395827,-0.0018803502881173993,-0.00021484051891926248,0.0,0.0,-8282.789473684212,0.0,0.0,0.0,-2811.5714285714284,-10771.620689655172,-8282.789473684212,0.0,0.0,Shell Companies,Financial Services,GLST
2022Q2,2022,Q2,2022-06-30,2022-06-30,56.0,0.0,29.0,0.0,0.0,0.0,490876.0,21385.0,234898.0,284491.0,469491.0,0.0,-3615.0,27.043480000000002,-24849.956520000007,0.007907636147418897,0.8256781409605225,0.37687725617060114,8.650923544540566,0.003934394456961504,0.007907636147418897,0.002618657937806874,0.0,0.12072982142857144,0.00126460042085574,0.0,0.0,0.0,0.0,0.7377280827864502,0.0001140817640300198,0.00035462673258238373,0.0,1.0,0.0,0.0,0.0,0.0,1.07909604519774,1.0409604519774012,0.0,0.0,0.0,Shell Companies,Financial Services,GLST
2022Q1,2022,Q1,2022-03-31,2022-03-31,-708.0,0.0,-708.0,-0.0003,0.0,0.0,185578.0,21383.0,49896.0,164195.0,164195.0,0.0,-3617.0,27.043480000000002,-24822.95652,0.007906896597627229,0.30388257864124973,0.0,0.0,-0.033110414815507645,0.007906896597627229,-0.033110414815507645,0.0,-0.00954925141242938,0.0012647187017724361,0.0,0.0,0.0,0.0,0.15134443801577394,-0.0038151073941954327,-0.1802898666666667,0.0,0.0,-36.522769998535686,0.0,0.0,0.0,0.0,0.0,-36.522769998535686,0.0,0.0,Shell Companies,Financial Services,GLST
2021Q3,2021,Q3,2021-09-30,2021-09-30,-19.0,0.0,-19.0,-7e-06,0.0,0.0,,,,,,,,27.043480000000002,,,0.0,0.0,0.0,0.0,,0.0,0.0,-0.35583526315789477,0.0,0.0,0.0,0.0,0.0,0.0,0.0,0.0,0.0,0.0,0.0,0.0,0.0,0.0,0.0,0.0,0.0,0.0,0.0,Shell Companies,Financial Services,GLST
2021Q2,2021,Q2,2021-06-30,2021-06-30,0.0,0.0,0.0,0.0,0.0,0.0,,,,,,,,84.56219,,,0.0,0.0,0.0,0.0,,0.0,0.0,0.0,0.0,0.0,0.0,0.0,0.0,0.0,0.0,0.0,0.0,1.0,0.0,0.0,0.0,0.0,1.0,1.0,0.0,0.0,0.0,Shell Companies,Financial Services,GLST
2021Q1,2021,Q1,2021-03-31,2021-03-31,-59.0,0.0,-59.0,-1e-05,0.0,0.0,,,,,,,,84.56219,,,0.0,0.0,0.0,0.0,,0.0,0.0,-0.3583143644067797,0.0,0.0,0.0,0.0,0.0,0.0,0.0,0.0,0.0,0.0,0.0,0.0,0.0,0.0,0.0,0.0,0.0,0.0,0.0,Shell Companies,Financial Services,GLST
