Quarters,Year,Quarter,FillingDate,Date,NetIncome,Revenue,OperatingIncome,EPSDiluted,GrossProfit,GrossProfitRatio,TotalAssets,CommonStockEquity,CurrentAssets,CurrentLiability,TotalLiability,Inventory,RetainedEarnings,MarketCap,EnterpriseValue,bookValuePerShare,currentRatio,debtToAssets,debtToEquity,roic,shareholdersEquityPerShare,roe,priceToSalesRatio,peRatio,pbRatio,payoutRatio,inventoryTurnover,dividendYield,assetTurnover,quickRatio,returnOnAssets,priceToFreeCashFlowsRatio,grossProfitMargin,epsdilutedGrowth,fiveYNetIncomeGrowthPerShare,fiveYRevenueGrowthPerShare,fiveYShareholdersEquityGrowthPerShare,grossProfitGrowth,netIncomeGrowth,operatingIncomeGrowth,threeYNetIncomeGrowthPerShare,threeYRevenueGrowthPerShare,threeYShareholdersEquityGrowthPerShare,Industry,Sector,Symbol
2023Q3,2023,Q3,2023-02-21,2022-12-31,-1933366.0,7110520.0,-2282497.0,-0.62,1290529.0,0.1814957275,24163454.0,13197795.0,21324830.0,10852139.0,10965659.0,10984742.0,-16531384.0,13805261.057699999,13627294.057699999,4.221971740693076,1.9650347272551523,0.4538117356897735,0.8308705355705253,-0.10693911388531889,4.221971740693076,-0.14649159196668837,1.941526225606566,-1.7851329052155671,1.0460278446285913,0.0,0.5298250063588202,0.0,0.2942675331101257,0.9307926299137893,-0.08001198835232745,10.997237445582428,0.18149572745734488,-8.75,-1.6834133229139279,-0.8647547776746213,-0.40254638960393413,-0.6744351431608068,-7.521353135424853,-4.904033346389555,-0.04876213880233429,-0.8116237716102963,-0.2800207108269651,Consumer Electronics,Technology,MICS
2023Q2,2023,Q2,2022-11-14,2022-09-30,296467.0,17113636.0,584651.0,0.08,3963969.0,0.2316263476,33359798.0,14944388.0,30958695.0,18249410.0,18415410.0,16022436.0,-14598018.0,17198333.599999998,18172499.599999998,4.8660861422062425,1.6964216925369093,0.552024026044762,1.2322625724117977,0.02516705524488309,4.8660861422062425,0.019838015447671727,1.0049491294544302,14.502738584732871,1.150822208309902,0.0,0.8207033562187422,0.0,0.5130017873609427,0.8097807545559007,0.008886954291509798,34.18478987237104,0.23162634755115746,10.523809523809526,-0.8429652474760065,-0.7832654496933168,-0.2055743173187061,0.24632341150688722,19.525713928638382,2.981497119352774,-0.8014421517843302,-0.6437224029567488,-0.24631635616660372,Consumer Electronics,Technology,MICS
2023Q1,2023,Q1,2022-08-22,2022-06-30,-16003.0,11692054.0,146842.0,-0.0084,3180530.0,0.2720249154,28380612.0,14234492.0,25798159.0,13792071.0,14146120.0,12956491.0,-14894485.0,15349224.549999999,17259498.549999997,7.44682380452894,1.8705065395907547,0.4984430920658089,0.9937916997670166,0.00653989404163581,7.44682380452894,-0.0011242410336807242,1.3127911100992178,-239.7866735924514,1.07831207112976,0.0,0.6569312632563863,0.0,0.41197328655210114,0.9143465111222238,-0.0005638708566256429,-3.6798940688378736,0.2720249153827035,0.7454545454545455,0.9797405607776707,0.9800168815270601,0.3625515552691258,4.299646749091878,0.9909545869734295,1.0779096888111666,0.9876541994785715,0.6310238640480046,0.2482246691217652,Consumer Electronics,Technology,MICS
2022Q4,2022,Q4,2022-07-14,2022-03-31,-1769184.0,2833232.0,-1884772.0,-0.033,600140.0,0.2118216934,22665854.0,10036424.0,19842413.0,12022411.0,12629430.0,14161636.0,-14878482.0,223201430.571,225328789.571,0.18791194925902704,1.6504520599071184,0.5572007125784892,1.2583595511708154,-0.1333269080962262,0.18791194925902704,-0.17627633109163185,78.77979303177432,-31.540166338125374,22.23913921641812,0.0,0.15768601876223906,0.0,0.1250000110298072,0.4432185025116842,-0.07805503379665289,210.2837027133207,0.21182169338762233,-1.04125,-0.29402230346435404,-0.4379572032015465,-0.033918017313071334,-0.8869678747233243,-2.240753351403855,-2.112794313612154,-0.513869524146427,1.2952548214812203,-0.1495522671692153,Consumer Electronics,Technology,MICS
2022Q3,2022,Q3,2022-02-14,2021-12-31,1425895.0,21244306.0,1693729.0,0.8,5309464.0,0.2499240973,34060676.0,11799697.0,31216220.0,21405271.0,22260979.0,11126298.0,-13109298.0,13886659.799999999,17287270.799999997,6.6277735557401645,1.4583426670935398,0.653568326124825,1.8865720874019054,0.11853239121111205,6.6277735557401645,0.12084166229014186,0.6536650244070105,2.434726925895666,1.176865795791197,0.0,1.4321782501241653,0.0,0.6237194470244807,0.9244698653896977,0.04186337934103246,-5.472944107760562,0.24992409730870946,1.6666666666666667,-0.22187481316369384,-0.06787175235764892,0.004417166679354747,0.5957255483718951,1.059431838041056,1.2582661900527057,-0.20562146379675045,-0.21512177138277072,-0.09092426692742671,Consumer Electronics,Technology,MICS
2022Q2,2022,Q2,2021-11-22,2021-09-30,692373.0,17368973.0,750013.0,0.3,3327304.0,0.1915659608,37548141.0,10360953.0,34381636.0,26086999.0,27187188.0,19158186.0,-14535193.0,16631044.751999998,17710461.751999997,6.5002641273633435,1.3179605672542096,0.724062157964092,2.6240045679195725,0.04893419005450059,6.5002641273633435,0.06682522350984509,0.9575145722202457,6.005088569311628,1.6051655433626617,0.0,0.7329331179893546,0.0,0.46257877320744056,0.5749596187740874,0.018439607968873877,-11.947143319358759,0.191565960750817,4.2930845225027445,-0.6944518579950524,-0.5066542909241463,0.1708167755761506,1.1087313910524947,6.837243809700454,2.531467017877015,-0.5439069700684417,-0.42689202500516665,0.034919732400692065,Consumer Electronics,Technology,MICS
2022Q1,2022,Q1,2021-08-16,2021-06-30,-118613.0,6065650.0,-489735.0,-0.0911,1577870.0,0.2601320551,19450067.0,7800829.0,15885517.0,10329959.0,11649238.0,8370101.0,-12372804.0,16010750.100000001,17711388.1,5.9928608029426425,1.5378102662362938,0.5989304818333017,1.4933333367517734,-0.03799550675873811,5.9928608029426425,-0.015205178834198262,2.639576978559594,-33.74577428275147,2.052442131470899,0.0,0.5361679626088144,0.0,0.3118575375601534,0.7055952497004102,-0.0060983337486703775,21.68162159014582,0.2601320550971454,-1.977124183006536,0.7346586380792013,0.22045579872084053,0.45774335999031446,1.9339400036072956,0.9008252508361204,0.7067279477813043,0.8875614479592216,2.237805252024273,0.12743575965712187,Consumer Electronics,Technology,MICS
2021Q4,2021,Q4,2021-07-14,2021-03-31,-1196000.0,3492749.0,-1669900.0,-0.0306,537799.0,0.1539758511,16761911.0,7909538.0,12979306.0,7034199.0,8852373.0,5490255.0,-12254191.0,480791455.056,483819125.056,0.20254567927929884,1.8451718525449734,0.5281243290219116,1.119202284634071,-0.08471888224813935,0.20254567927929884,-0.15120984310335192,137.65416726366539,-100.49988609030099,60.78628803047662,0.0,0.5382172594897687,0.0,0.20837415256530117,1.0310514388347558,-0.07135224617288566,-4501.919108739009,0.1539758511132635,-1.034,-0.3287410452403335,-0.06744724618109085,0.3679016856380345,-0.8918771611288624,-2.024591041681837,-2.118707313233358,0.06918819468325904,0.31474037623305967,-0.006651562630622646,Consumer Electronics,Technology,MICS
2021Q3,2021,Q3,2021-02-22,2020-12-31,1167295.0,16972603.0,1492705.0,0.9,4973963.0,0.2930583482,22304184.0,9100433.0,18868105.0,11233043.0,13203751.0,5336912.0,-11058191.0,13263728.076000001,16375785.076000001,7.021007242865916,1.679696677026875,0.5919853871363328,1.4508926113735467,0.07291957236573196,7.021007242865916,0.12826807251918673,0.7814787205003264,2.840697526332247,1.457483185250636,0.0,2.24823643335322,0.0,0.760960499608504,1.1890129860626368,0.05233524795168476,15.873146350920528,0.293058348209759,-0.5,-0.42918550678293765,-0.1940418786435022,0.3688959776915164,-0.2604084823778446,-0.5152175736770279,-0.38786912983552857,-0.004884685439123325,-0.22143936162597871,-0.006453291613324178,Consumer Electronics,Technology,MICS
2021Q2,2021,Q2,2020-11-16,2020-09-30,2407874.0,23187519.0,2438539.0,1.8,6725284.0,0.2900389645,31567252.0,7889133.0,27613810.0,20614631.0,23678119.0,8201752.0,-12225486.0,9639405.0,13801496.0,6.138189805283625,1.3395248258385029,0.7500848981089643,3.0013588311922237,0.12544981917587997,6.138189805283625,0.30521402034925765,0.4157152388748447,1.000821160077313,1.2218585996712186,0.0,2.007160787109876,0.0,0.7345434756246758,0.9335223608901853,0.07627759299415736,-20.52618634413296,0.2900389644963741,12.25,1.2230305287173413,0.0891226108882063,0.7285935866997694,4.449934036297864,12.643266087696563,4.163080559007339,2.047632180105991,-0.298303162820493,0.0021063096673650393,Consumer Electronics,Technology,MICS
2021Q1,2021,Q1,2020-08-19,2020-06-30,-206804.0,3323543.0,-770938.0,-0.16,1234012.0,0.371294128,15843636.0,5481259.0,11000587.0,7109321.0,10362377.0,6870220.0,-14633360.0,5205278.7,9063427.7,4.264728217146183,1.5473470673219003,0.6540403351856859,1.8905103736203672,-0.05744761330256979,4.264728217146183,-0.03772928810698418,1.5661836479925189,-6.292526619407748,0.9496501989780085,0.0,0.30414324432114254,0.0,0.20977148174825527,0.5409176206841694,-0.013052811867174934,-17.990180064975462,0.37129412798329975,-2.3264033264033266,0.5869213571251685,-0.05228594761088677,0.5783948776364755,1.8561191874257914,0.888436698221711,0.5742073738191037,0.6106260619477603,-0.16293089552514206,-0.21967912527504263,Consumer Electronics,Technology,MICS
2020Q4,2020,Q4,2020-08-13,2020-03-31,-1853692.0,1007906.0,-1810595.0,-0.0481,432059.0,0.4286699355,16601137.0,5688063.0,13819684.0,9502409.0,10913074.0,7601277.0,-14426556.0,161942100.6,163407005.6,0.1475210245605521,1.4543347902621324,0.6573690705642632,1.918592322201776,-0.1403037395371886,0.1475210245605521,-0.32589160844385867,160.6718291189853,-21.840481131709044,28.470518100801627,0.0,0.07575661300068397,0.0,0.06071307043607917,0.6274830940238417,-0.11166054469642651,-676.1392033735543,0.4286699354900159,0.9184745762711863,-1.673871613097108,-0.6343338981723257,0.4322941222956356,-0.8928689738348364,-1.4456685080394591,-1.0364952748590106,-0.878107552298993,-0.7230372241996709,-0.24157348983160035,Consumer Electronics,Technology,MICS
2020Q3,2020,Q3,2020-02-14,2019-12-31,-757949.0,15519516.0,-889074.0,-0.59,4032996.0,0.2598660938,24079150.0,7536753.0,21447885.0,15958657.0,16542397.0,8102914.0,-12572864.0,9253828.8,10630773.8,5.864018318558044,1.3439655354457458,0.6870008700473231,2.19489705978158,-0.04102981367604881,5.864018318558044,-0.10056704790511245,0.5962704507021998,-3.0522597166827845,1.2278269965859303,0.0,1.4175789105005927,0.0,0.6445209237037022,0.8270510482179045,-0.031477398496209376,3.5652683883062894,0.2598660937622024,-1.9833333333333334,-1.7247540440708722,-0.15171685468832136,0.6164506156557998,-0.2852238086460888,-2.2142298733463415,-2.0346081965801424,-1.5729492305458996,-0.056752803216329306,-0.11132741404830022,Consumer Electronics,Technology,MICS
2020Q2,2020,Q2,2019-11-19,2019-09-30,624222.0,20081842.0,859334.0,0.6,5642320.0,0.280966258,38981227.0,8289700.0,36510779.0,30158590.0,30691527.0,15288725.0,-11814915.0,9244440.0,13366138.0,6.4564040655788775,1.2106261930680446,0.7873412245335428,3.7023688432633266,0.03900028369845507,6.4564040655788775,0.07530091559405044,0.4603382498477978,3.7023847285100495,1.1151718397529464,0.0,0.9444556037210428,0.0,0.5151670059026106,0.6948084442939806,0.01601340050173382,-4.029430353539096,0.2809662579757375,1.8823529411764706,0.9216396261515859,0.24467508839926624,1.2937473652972382,4.712550090816498,1.7178422711627783,1.7797213330139443,-0.6580212011917967,-0.2918889865147599,0.16291677411330407,Consumer Electronics,Technology,MICS
2020Q1,2020,Q1,2019-08-14,2019-06-30,-869581.0,4809040.0,-1102104.0,-0.68,987706.0,0.2053852744,17840234.0,7650276.0,15196549.0,9686417.0,10189958.0,8559750.0,-12439137.0,10771546.8,12755325.8,5.965932246611044,1.5688514132728335,0.5711784946318529,1.3319725981128,-0.08050929901071655,5.965932246611044,-0.11366661804097003,2.239853858566367,-3.096763498742498,1.4079945350991259,0.0,0.4464305616402348,0.0,0.26956148669350416,0.5994796631200164,-0.04874269025843495,-80.03229660450256,0.20538527439988022,-30.050228310502284,-0.7227384948385944,0.8700258999808255,1.3349896250259743,0.7998870180042277,-0.03307062479803836,0.2006220343482493,-0.9746516228487769,-0.017775238203234067,0.45119307866770514,Consumer Electronics,Technology,MICS
2019Q4,2019,Q4,2019-07-01,2019-03-31,-841744.0,889092.0,-1378702.0,-0.0219,548760.0,0.6172139666,12193145.0,8500155.0,10818454.0,3675491.0,3692990.0,6024311.0,-11569556.0,357769260.90000004,358530132.90000004,0.22095649386182356,2.9434037520429244,0.3028742789493605,0.43446148923166694,-0.09617271950899149,0.22095649386182356,-0.0990269000977041,402.39847046199947,-106.25833415504002,42.08973376367843,0.0,0.0564930993768416,0.0,0.07291736463398081,1.22610339679787,-0.06903419913402162,212.22508522654812,0.6172139666086299,-1.0243333333333333,-3.0785909775508356,-0.6202066081013071,1.2676803102168224,-0.9024647573154098,-1.652508153018613,-1.7658051579432659,0.050713600175756046,-0.7590312122393416,0.4922399800465631,Consumer Electronics,Technology,MICS
2019Q3,2019,Q3,2019-02-14,2018-12-31,1290013.0,19452450.0,1800330.0,0.9,5626274.0,0.2892321533,21216388.0,9328350.0,20100112.0,11866886.0,11888038.0,6118569.0,-10727812.0,12091189.95,14541863.95,7.290672619033662,1.693798356198922,0.5603233688976653,1.2743987950709397,0.09536849148509807,7.290672619033662,0.13828951529477346,0.6215767139871841,2.34323025233079,1.2961767032754987,0.0,2.2597074577405274,0.0,0.9168596464204934,1.1676042897858798,0.06080266820158078,3.099114737467506,0.2892321532763225,0.0,0.5590318434476537,0.14739863834552688,1.8238852457385315,0.08058721465993123,0.05962072531539827,0.07695657609726246,-0.3609514507027635,-0.06424160753706334,0.4214730276772983,Consumer Electronics,Technology,MICS
2019Q2,2019,Q2,2018-11-14,2018-09-30,1217429.0,24304945.0,1671683.0,0.9,5206682.0,0.214223155,38469426.0,8028788.0,36918206.0,30415866.0,30440638.0,12894732.0,-12017825.0,13421929.5,19774100.5,6.280935539111571,1.213781189067574,0.7912943125275641,3.7914362665946593,0.07819757951110372,6.280935539111571,0.15163297374398227,0.5522304000276487,2.756203749869602,1.6717254833481716,0.0,1.481090339838005,0.0,0.6317990031876223,0.779421470360239,0.03164666402872764,-3.437186885150184,0.21422315499993932,2.1111111111111107,2.7298594658395268,1.2264406039793219,2.316087619320157,12.299892971086868,2.1772255695734954,2.255552668104717,0.1301045468212588,0.14783759252913845,0.7687926303675527,Consumer Electronics,Technology,MICS
2019Q1,2019,Q1,2018-08-14,2018-06-30,-1034151.0,1836511.0,-1331432.0,-0.81,391483.0,0.2131667058,12747837.0,6782907.0,10752829.0,5937763.0,5964930.0,8834930.0,-13235254.0,13015883.399999999,15469537.399999999,5.315478732699772,1.8109225646089275,0.46791702780636435,0.8794061307342117,-0.09365718633558356,5.315478732699772,-0.15246427527312403,7.087288559665582,-3.146514242117447,1.918924054243999,0.0,0.16355851149924222,0.0,0.14406451855322594,0.2747797444930018,-0.08112364474067248,-7.297252685335676,0.21316670578068958,-23.62006079027356,-0.8986872250922894,0.29061542790771056,2.27230768930289,-0.5439982201763051,0.17899111629790174,-2.021311718108172,-1.0805264895355953,-0.472545455334597,0.9672823159392812,Consumer Electronics,Technology,MICS
2018Q4,2018,Q4,2018-06-28,2018-03-31,-1259610.0,2604319.0,1303649.0,-0.0329,858512.0,0.3296493248,12668826.0,7805780.0,11253194.0,4612471.0,4863046.0,8057774.0,-12201103.0,470868944.40000004,471495403.40000004,0.20390194584257657,2.4397321956062163,0.3838592463105895,0.6230057726453987,0.09001637906811154,0.20390194584257657,-0.16136888305845157,180.8030983915565,-93.4553044990116,60.32311241157194,0.0,0.21666120196471134,0.0,0.2055690874592484,0.6599753147499464,-0.09942594522965269,120.08397108613667,0.32964932483309456,-1.0365555555555557,-2.5850731470401223,0.5381272302355522,1.9848677611818082,-0.8568565026922607,-2.090731969207589,-0.4532194291902575,-0.8300148595311946,-0.04835626634908493,0.9797012624128728,Consumer Electronics,Technology,MICS
2018Q3,2018,Q3,2018-02-14,2017-12-31,1154830.0,21461835.0,2384227.0,0.9,5997562.0,0.2794524327,22838855.0,9017468.0,21389226.0,13326504.0,13821387.0,7309847.0,-10941493.0,18375364.8,22922987.8,7.066610138809326,1.605014038190361,0.6051698738837827,1.5327347987262057,0.0704552574002083,7.066610138809326,0.12806588279548095,0.8561879634243764,3.9779371855597794,2.0377521494947364,0.0,2.1155399011771383,0.0,0.9397071350555883,1.0527331098988901,0.05056426865532444,2.1867941912282913,0.2794524326554556,0.5000000000000001,-0.18032786528761338,0.28072094640715456,3.971646044768968,-0.22487633367388019,0.47247907624356733,0.8267181122849654,0.11220337075743353,0.18153068014427906,0.9479520166790191,Consumer Electronics,Technology,MICS
2018Q2,2018,Q2,2017-11-14,2017-09-30,784276.0,32802163.0,1305197.0,0.6,7737555.0,0.2358855116,46332512.0,7814716.0,44381827.0,37780377.0,38517796.0,14204966.0,-12096323.0,17988949.2,30939451.2,6.125288051844629,1.1747322426136722,0.8313340748716581,4.928879821096506,0.036014140997225205,6.125288051844629,0.10035886140967887,0.5484074083773073,5.734253375087342,2.3019325590334954,0.0,1.7644961628208051,0.0,0.7079729024836814,0.795914953416161,0.016927120204490533,-1.6698136494214997,0.23588551157434343,2.4634146341463414,-0.4579104492531653,1.263022625066249,18.384086862993108,6.170052513600995,2.4881615149617655,2.6583574955339104,1.4297591652925676,1.046050567235347,1.1761127692595195,Consumer Electronics,Technology,MICS
2018Q1,2018,Q1,2017-08-14,2017-06-30,-527010.0,3939733.0,-787042.0,-0.41,1079149.0,0.2739142475,15179123.0,6970018.0,12823670.0,7230895.0,8209105.0,8661876.0,-12880599.0,19894836.0,22072309.0,5.465351953642644,1.7734554297911946,0.5408155003421475,1.1777738594075366,-0.05234923969859279,5.465351953642644,-0.07561099555266572,5.049792968203683,-9.437598907041613,2.8543449959526646,0.0,0.33024993661881097,0.0,0.2595494482784019,0.5187241689998264,-0.034719397161482916,-7.899537856350713,0.27391424748834503,-15.015624999999998,-0.08832072765604114,1.2176098762743794,7.670800560536493,-0.06474632471788098,0.4618849190749497,0.3816451917033312,-0.04981118057907121,0.5404196285964289,1.1390688967546059,Consumer Electronics,Technology,MICS
2017Q4,2017,Q4,2017-06-29,2017-03-31,-979363.0,3610981.0,-1272800.0,-0.0256,1153857.0,0.3195411441,11636583.0,7441791.0,9733046.0,4194792.0,4194792.0,5426346.0,-12353589.0,539456172.3,539075164.3,0.19450931973329466,2.320269038369483,0.3604831418295216,0.5636804366045755,-0.17052577517966017,0.19450931973329466,-0.13160313155798115,149.39324585202746,-137.70587930624293,72.49009980258785,0.0,0.45281373506223155,0.0,0.3103128298057944,1.002151238964888,-0.08416242121935623,124.01416756859149,0.31954114408245293,-1.0284444444444445,-0.5466725176801489,1.642841107618846,14.23531042906235,-0.7708898320060903,-1.7463758175463626,-1.615850306957444,-3.431732069575276,0.550989744709384,0.9962525056570449,Consumer Electronics,Technology,MICS
2017Q3,2017,Q3,2017-02-14,2016-12-31,1312158.0,16319804.0,2066736.0,0.9,5036254.0,0.3085977013,17422119.0,8412107.0,15891504.0,9010012.0,9010012.0,5370784.0,-11374226.0,26006470.799999997,29975418.799999997,6.598626323414863,1.7637605810069954,0.5171593650577178,1.0710767231087288,0.0921473357049166,6.598626323414863,0.15598446382101416,1.5935528882577263,4.954904592282331,3.091552544445761,0.0,2.100913013816977,0.0,0.9367289937578775,1.1513057918235847,0.07531563755246994,4.671929926990514,0.3085977012959224,-0.39999999999999997,8.71551790024978,0.868416540979009,120.20579089048839,-0.22550530308342837,-0.2752414282210866,-0.2523969219561126,0.591596641059166,-0.03385804146555845,1.5558359962819075,Consumer Electronics,Technology,MICS
2017Q2,2017,Q2,2016-11-14,2016-09-30,1810476.0,28129051.0,2764483.0,1.5,6502632.0,0.2311713964,30658604.0,7070385.0,28488971.0,23588219.0,23588219.0,8626644.0,-12686384.0,16046175.6,25593540.6,5.55190552694687,1.2077626971328357,0.7693833352621013,3.336200079627913,0.10034960805231084,5.55190552694687,0.2560646980327097,0.5704485231300551,2.2157398938179793,2.2694910673181163,0.0,2.5069330553109643,0.0,0.9174928838899514,0.8362786100976932,0.05905278661742067,-2.1368193407333287,0.2311713964328196,5.411764705882352,0.2234202139402514,0.9687591011089856,94.08850672365631,4.685694375102192,5.1422737162899566,5.834356053518373,4.567577318032284,1.5864030891908993,1.9311883662712799,Consumer Electronics,Technology,MICS
2017Q1,2017,Q1,2016-08-15,2016-06-30,-437073.0,4859392.0,-571841.0,-0.34,1143683.0,0.2353551638,15913068.0,5232224.0,12839001.0,8756413.0,10680844.0,8367957.0,-14496860.0,12218121.6,14256112.6,4.111053404477493,1.4662397719248739,0.6711995449274772,2.041358321050475,-0.04739089237075534,4.111053404477493,-0.08353484101598097,2.5143313402170477,-6.988604649566548,2.335167913300348,0.0,0.4440401641643235,0.0,0.3053711578433524,0.48514854198859736,-0.027466293740465383,-7.940238633705061,0.23535516377357496,-13.782608695652174,0.14743165377862022,1.693094472250519,4.349694787585107,1.246030062725598,0.5033656413694365,0.5881493762545311,0.19543021554467144,2.423935070162228,1.530841029209392,Consumer Electronics,Technology,MICS
2016Q4,2016,Q4,2016-06-29,2016-03-31,-880070.0,3662017.0,-1388467.0,-0.023,509202.0,0.1390496003,10461609.0,5653568.0,7589476.0,2883610.0,4808041.0,3690975.0,-14059787.0,366543696.0,367049327.0,0.14807034848036235,2.6319356639767513,0.4595890555649709,0.8504436490372098,-0.15591676083240516,0.14807034848036235,-0.155666297814053,100.09339006345411,-104.1234492710807,64.83404745463396,0.0,0.8541957070963634,0.0,0.3500433824280758,1.286173581032109,-0.08412377101839688,92.75372229581747,0.13904960026127677,-1.0153333333333332,-0.698993563344483,1.0377199852363281,6.350730262486884,-0.909081234847676,-1.4385192581840867,-1.6356224372499624,-2.110377979848318,1.1684971333717158,1.1675634714502166,Consumer Electronics,Technology,MICS
2016Q3,2016,Q3,2016-02-16,2015-12-31,2006913.0,20667069.0,2184421.0,1.5,5600626.0,0.2709927566,17873903.0,6524309.0,16217628.0,9425163.0,11349594.0,4078156.0,-13179717.0,7250707.8,11570718.8,5.128956003440106,1.7206734780077544,0.6349812908797815,1.7395856020921143,0.1384872194399996,5.128956003440106,0.30760544909813436,0.3508338700567555,0.90321650714306,1.1113372772503571,0.0,3.6944253726439107,0.0,1.1562706253916675,1.1848982346512205,0.11228174394814608,1.0862478713492714,0.27099275664101186,0.6666666666666666,23.66595168671972,1.9543071069487332,12.941103819295298,0.1312930992168489,0.8730411312277584,0.16203855905199332,0.42895512266001545,0.23718452757259506,2.6084279912735524,Consumer Electronics,Technology,MICS
2016Q2,2016,Q2,2015-11-12,2015-09-30,1071473.0,21060584.0,1879818.0,0.9,4950641.0,0.2350666534,31343241.0,4514704.0,29168377.0,24904106.0,26828537.0,9549247.0,-15186630.0,7246974.3,18241988.3,3.5509733765717924,1.1712276280867098,0.8559592481198738,5.9424797284606035,0.05405400978932938,3.5509733765717924,0.23732962338173222,0.3441012984255327,1.6908905544050108,1.6051936738266783,0.0,1.6870380460365095,0.0,0.6719338309653428,0.7632986705083893,0.0341851373953319,-1.0466769153843853,0.23506665342233624,3.3076923076923075,2.628161800010997,1.488610616011007,8.109471789247964,4.767148054392891,3.164915563134691,3.5450407516720372,-0.25683001739589845,0.45801382011492275,10.237410518010611,Consumer Electronics,Technology,MICS
2016Q1,2016,Q1,2015-08-14,2015-06-30,-494926.0,3466874.0,-738620.0,-0.39,858421.0,0.2476066335,13584243.0,3433039.0,11168009.0,7614172.0,10151204.0,8110348.0,-16258103.0,6861148.2,11069784.2,2.7019399755860105,1.4667397847067285,0.7472778571466956,2.956914850078895,-0.04605790725559618,2.7019399755860105,-0.14416556293126878,1.9790590024327392,-3.465744474931606,1.998564012817798,0.0,0.32162035463829663,0.0,0.25521289629462607,0.27991093450476295,-0.036433829989643146,-5.332008222041756,0.24760663352634102,-20.666666666666668,-0.017857649881054975,0.6343797600983336,4.653061708513376,0.47610163254497495,0.2778471666948762,0.19631267008255363,-0.025866950278806703,0.9587054856135414,4.2978850871007666,Consumer Electronics,Technology,MICS
2015Q4,2015,Q4,2015-06-29,2015-03-31,-685348.0,2724893.0,-919039.0,-0.018,581546.0,0.2134197563,12213925.0,3925964.0,9783996.0,5712453.0,8287961.0,7448167.0,-15763177.0,194399336.7,194296756.7,0.1029963205630629,1.712748621301567,0.6785665541584708,2.1110639323233733,-0.06900363866127689,0.1029963205630629,-0.17456808060389753,71.34200744763189,-70.9126373389869,49.516331963308886,0.0,0.2877683865036861,0.0,0.22309724351508625,0.3010736368421762,-0.05611201968245261,92.96879781465191,0.2134197562986877,-1.02,0.535505032631861,0.7957691719148835,9.649350577765865,-0.8564744876741944,-1.6628995689955353,-1.546933730393942,-0.0863712835575438,1.0017404006190411,8.008344266344247,Consumer Electronics,Technology,MICS
2015Q3,2015,Q3,2015-02-17,2014-12-31,1033864.0,18086370.0,1680348.0,0.9,4051865.0,0.224028647,19660099.0,4609310.0,17239880.0,12695895.0,15050789.0,7641229.0,-15077830.0,6479973.3,11473203.3,3.6277126327048292,1.3579097810749066,0.7655500107095087,3.2653019649361834,0.0786404010186574,3.6277126327048292,0.22429908164128687,0.3582793728094692,1.5669307810311608,1.405844540723015,0.0,1.8366816385165265,0.0,0.9199531497781369,0.7266814982323027,0.052586917288666754,2.0973936863011144,0.22402864698665348,2.0000000000000004,3.1071852590239204,0.48377856135146907,3.6726090397314555,0.2815187578595267,2.219045306083052,1.8999066354416005,6.680534590792416,1.0775830268974098,65.63504754166092,Consumer Electronics,Technology,MICS
2015Q2,2015,Q2,2014-11-14,2014-09-30,321171.0,15952059.0,579449.0,0.3,3161768.0,0.1982043823,28955201.0,3573242.0,26485080.0,22743105.0,25381959.0,15057895.0,-16111693.0,6474220.5,14695029.5,2.814784297198404,1.1645322835206537,0.8765941220715407,7.103341727204595,0.021586277591150515,2.814784297198404,0.08988224139311024,0.40585484920786713,5.039543187274069,1.8118617490782878,0.0,0.8494076363263259,0.0,0.550922060599752,0.45467221823933013,0.011091996909294464,-1.232859147497604,0.19820438226814482,1.769230769230769,2.0090920280513607,1.2436743516297812,3.874610099053632,5.12875200381476,1.6429476566926045,1.7357353811305039,-0.7822777124767937,0.12005134142073814,48.19533963674799,Consumer Electronics,Technology,MICS
2015Q1,2015,Q1,2014-08-14,2014-06-30,-499529.0,2544959.0,-787578.0,-0.39,515891.0,0.2027109278,16853306.0,3242367.0,14476138.0,10968946.0,13610939.0,11528668.0,-16432864.0,6472007.1,8761382.1,2.5550144560255506,1.3197382866138643,0.8076124055422716,4.197840343181386,-0.05343770101489096,2.5550144560255506,-0.15406306565543013,2.543069298955307,-3.2390547395646694,1.9960748120123353,0.0,0.17600194575817432,0.0,0.15100651468619866,0.15895346736140373,-0.02963982259623127,-6.044571286076393,0.20271092775954347,-36.45454545454546,0.6842662370057454,2.075439225678467,2.0971678120284434,0.7455286753510404,-2.2464635676981315,0.08791089163949006,0.02276203062770874,0.4145387379552209,3.081831045111698,Consumer Electronics,Technology,MICS
2014Q4,2014,Q4,2014-06-30,2014-03-31,400757.0,2316698.0,-863488.0,0.011,295550.0,0.1275738141,11730662.0,3709498.0,9357835.0,8007458.0,8021164.0,5827613.0,-15933335.0,194160274.2,192831957.2,0.09743723260563875,1.168639910443489,0.6837776077769524,2.16233139901949,0.056238105022203666,0.09743723260563875,0.10803537298038711,83.80905676959189,121.1209499771682,52.3413880260887,0.0,0.3468226184545885,0.0,0.19749081509636882,0.3367870302910112,0.03416320408856721,-194.370583170991,0.12757381410956456,-0.9816666666666667,1.2308033895991106,1.912695342926355,0.4149339879541722,-0.928035429311093,-0.511673331919861,-1.579890319625749,1.7759253746844494,0.29287903663432563,4.521031418826638,Consumer Electronics,Technology,MICS
2014Q3,2014,Q3,2014-02-14,2013-12-31,820674.0,16814794.0,1489054.0,0.6,4106882.0,0.2442421834,16915470.0,3276343.0,15451511.0,13622351.0,13639127.0,5723801.0,-16334092.0,10279070.1,7951760.1,2.5817878506344654,1.1342763815144683,0.8063108503636021,4.162911819672116,0.10563705149550724,2.5817878506344654,0.25048476304220896,0.6113110930767275,3.131289068497357,3.137360801356879,0.0,2.2201875991146443,0.0,0.9940482883419733,0.6760211948730436,0.04851618075052008,3.524660660714206,0.2442421834011169,1.0,0.5215568576089549,-0.12976505527485938,-0.2609463153672808,0.709252997105382,1.533327571145019,1.8644522631045382,9.110595693527417,1.4093785514914219,7.010852255925659,Consumer Electronics,Technology,MICS
2014Q2,2014,Q2,2013-11-14,2013-09-30,323951.0,10834570.0,519839.0,0.3,2402735.0,0.2217656077,22686214.0,2402991.0,20859578.0,17763412.0,20283223.0,9471472.0,-17154766.0,9134532.0,9723550.0,1.8940800908026816,1.1743001851220924,0.8940770372703,8.44082354032953,0.024783608813876357,1.8940800908026816,0.13481157440872646,0.8430913271131203,7.0493161002744245,3.8013176079311157,0.0,0.8902349075201827,0.0,0.47758387538793384,0.5912164284654322,0.01427964137162772,-11.06793406154014,0.22176560767986178,1.697674418604651,1.7107740211080873,-0.26220803738938314,-0.379283073473536,6.971279659217581,1.5987273271652627,1.599971838756104,0.09929132299700348,0.2829988876052049,4.792174016561692,Consumer Electronics,Technology,MICS
2014Q1,2014,Q1,2013-08-19,2013-06-30,-541066.0,1413567.0,-866439.0,-0.43,301424.0,0.2132364437,8845580.0,2059119.0,7020286.0,4263648.0,6786461.0,4316779.0,-17478717.0,8366371.199999999,8130075.199999999,1.6243823128478927,1.6465444614564804,0.7672149254203794,3.295808061603045,-0.07932369895546144,1.6243823128478927,-0.26276577507176613,5.918623736971788,-3.865688843874869,4.063082900988238,0.0,0.2576326006033665,0.0,0.1598048969089647,0.35734774540487396,-0.06116795054705288,-6.734338046194897,0.2132364436917387,-21.476190476190474,0.5693449682768192,-0.32832068762581207,-0.46200597127409454,1.2904907369412908,-1.685399478349212,-0.05470872651844927,-0.1153389432274968,-0.33205429477117526,3.196188250171636,Consumer Electronics,Technology,MICS
2013Q4,2013,Q4,2013-06-28,2013-03-31,789417.0,1681983.0,-821496.0,0.021,131598.0,0.078239792,9626665.0,2597831.0,7785813.0,4528834.0,7028834.0,4123407.0,-16937651.0,285217312.5,283564316.5,0.06831188587123371,1.719165021283624,0.7301421624207345,2.705654832820149,0.15066667389776472,0.06831188587123371,0.303875425306727,169.57205423598216,90.32530098161048,109.79055700698005,0.0,0.37599611195305244,0.0,0.1747212560112978,0.6970061168062243,0.08200316516675298,-150.52125772614815,0.0782397919598474,-0.9825,1.631073672488045,-0.18221479068449423,-0.4628114046478236,-0.9672834997441809,-0.4349481414674998,-1.5750747460803372,1.5362734799011994,0.11104754271503409,6.736646185985466,Consumer Electronics,Technology,MICS
2013Q3,2013,Q3,2013-02-14,2012-12-31,1397070.0,16617000.0,1428503.0,1.2,4022374.0,0.2420637901,14958129.0,1798559.0,14444684.0,10659570.0,13159570.0,4794887.0,-17727067.0,4934900.1,1387040.0999999996,1.4213823902939797,1.355090683770546,0.8797604299307754,7.316729670808686,0.3214350652754952,1.4213823902939797,0.7767718490191314,0.29697900343022204,0.8830803216732162,2.7438077371940537,0.0,2.626678376362154,0.0,1.1109009689647682,0.9003521718043036,0.09339871316793698,6.86173784154696,0.24206379009448156,0.0,0.4782991023528513,-0.02166187137422393,-0.6980994796322664,0.1589254170317384,-0.026371670438096857,-0.010288543412456967,4.572990828844651,0.36886173189812327,0.8307856432527818,Consumer Electronics,Technology,MICS
2013Q2,2013,Q2,2012-11-13,2012-09-30,1434911.0,14376086.0,1443353.0,1.2,3470779.0,0.2414272563,16645601.0,399848.0,16147011.0,16245753.0,16245753.0,7524056.0,-19124138.0,3416469.3000000003,587800.3000000003,0.315995697663667,0.9939219807170526,0.9759787585921349,40.62982183229627,0.47770701553125006,0.315995697663667,3.588641183649787,0.2376494756639603,0.5952406281643949,8.544420129649268,0.0,1.449392056624778,0.0,0.8636567703383013,0.5278795017996396,0.08620361619865813,1.3529237314815292,0.24142725634779869,4.157894736842105,0.0735336052140393,-0.2961471082543128,-0.9222869481117201,6.815696792005008,3.986517171977863,4.0040877237164985,5.522962304666366,1.028557350242631,-0.45276239439663357,Consumer Electronics,Technology,MICS
2013Q1,2013,Q1,2012-08-09,2012-06-30,-480463.0,1762705.0,-480463.0,-0.38,444078.0,0.2519298465,5361593.0,-1036702.0,4894928.0,6398295.0,6398295.0,3587715.0,-20559049.0,5694115.5,5390695.5,-0.8192947614076321,0.7650363104545821,1.1933570862241876,-6.171778389546851,-0.14970628200977698,-0.8192947614076321,0.4634533356740896,3.2303281036815576,-2.962827262453092,-5.492528711240067,0.0,0.36753950634317384,0.0,0.32876516363700115,0.19751808880334526,-0.08961198658682223,158.36783479349185,0.25192984645757516,-21.89156626506024,0.5658988053392113,-0.4416278285177195,-1.299699788362015,0.906658823832484,0.23525544912505214,0.23525544912505214,0.6954382783910114,1.1362941248032024,-1.993142468376651,Consumer Electronics,Technology,MICS
2012Q4,2012,Q4,2012-06-29,2012-03-31,-628266.0,1355665.0,-628266.0,-0.0166,232909.0,0.1718042437,5733339.0,-557881.0,5277443.0,6291220.0,6291220.0,4008392.0,-20078586.0,125270620.19999999,125003155.19999999,-0.014696241601268931,0.8388584408111622,1.0973047294081162,-11.276992763689748,-0.1613000620793661,-0.014696241601268931,1.1261648989659085,92.40529201535777,-49.84776360649788,-224.5472066623527,0.0,0.280101347373211,0.0,0.2364529639709077,0.19325631594507903,-0.10958117076279635,-86.05110711170033,0.17180424367376895,-1.1509090909090909,0.7209634297846083,1.770238174422375,-1.1491960331202666,-0.8703294084766438,-5.696999828048954,-5.513048537831062,0.637122921730933,0.7093576277886045,-1.213411353963455,Consumer Electronics,Technology,MICS
2012Q3,2012,Q3,2012-02-09,2011-12-31,133759.0,8650557.0,139211.0,0.11,1796159.0,0.207635069,9453160.0,68736.0,9019996.0,9384424.0,9384424.0,3608023.0,-19450319.0,4545237.600000001,2822002.6000000006,0.05444151038440763,0.9611667162523774,0.9927287806405477,136.52851489757916,0.03101613560059532,0.05444151038440763,1.945981727188082,0.5254271603551078,8.495199575355677,66.1260125698324,0.0,1.8997656057070589,0.0,0.9150968565008949,0.5708509121071256,0.014149660007870385,1.6067098635163368,0.20763506904815493,-0.9083333333333332,-0.9683982911076728,-0.47609257995445886,-0.9845824168854406,-0.4375548578151191,-0.9087305703017318,-0.9051560509337166,-0.7507384774939593,-0.5500090716166997,-0.9844157610251828,Consumer Electronics,Technology,MICS
2012Q2,2012,Q2,2011-11-14,2011-09-30,1465540.0,14149564.0,1467790.0,1.2,3193483.0,0.2256947988,17217001.0,-75219.0,16699863.0,17292220.0,17292220.0,4066581.0,-19584079.0,1513431.5999999999,2619107.5999999996,-0.0596411492927728,0.965744305820768,1.0043688793419945,-229.89164971616214,0.14217701937671454,-0.0596411492927728,-19.483641101317485,0.10695959253585481,0.25816961666007066,-20.12033661707813,0.0,2.6941750330314336,0.0,0.8218367414859301,0.7274968743168894,0.08512167711438247,-0.8130797047530376,0.22569479879380028,4.0,0.10290608354149729,-0.39945724098239066,-1.4351634343686124,6.4519546463248725,3.884858792427723,3.8903574670702192,11.336271529816026,-0.03074611302041607,-1.0195452510499845,Consumer Electronics,Technology,MICS
2012Q1,2012,Q1,2011-08-10,2011-06-30,-508011.0,1788046.0,-507823.0,-0.4,428543.0,0.239671127,5349225.0,-1547852.0,4805473.0,6897077.0,6897077.0,2976674.0,-21049619.0,756715.7999999999,1033.7999999999302,-1.2272919370786233,0.6967405177584649,1.289360047483514,-4.455902114672463,-0.22678469551565197,-1.2272919370786233,0.3282038592837041,0.4232082396090481,-0.3723914442797498,-0.4888812367073854,0.0,0.45671880763563627,0.0,0.3342626268291201,0.25925388392793064,-0.09496908430660517,8.848717798800237,0.2396711270291704,-28.411764705882355,0.8747742534117815,-0.5101854886951734,0.750466057940519,0.2481120013513789,0.010309700118643374,0.007221656367237062,0.593590323187824,-0.14604319408869962,-1.4064780368693766,Consumer Electronics,Technology,MICS
2011Q4,2011,Q4,2011-06-29,2011-03-31,-513303.0,1780837.0,-511517.0,-0.0136,343353.0,0.1928042825,5528053.0,-1047027.0,5029524.0,6575080.0,6575080.0,3016945.0,-20541702.0,45402951.6,44732786.6,-0.02767292336122042,0.7649373087475742,1.1894024894479123,-6.2797616489355095,-0.1674562023718175,-0.02767292336122042,0.49024810248446316,25.495287665294466,-22.11313376309899,-43.363687469377574,0.0,0.476470071545885,0.0,0.322145428055773,0.29707151852144764,-0.09285421105767257,-36.24847239387233,0.19280428248065376,-1.2125,-1.07717813412833,-0.5423580679709916,0.9188619287024324,-0.7897110918391346,-7.363076274653213,-6.7050110973555945,0.5875615277709817,-0.12973082908209604,-1.2176133573258934,Consumer Electronics,Technology,MICS
2011Q3,2011,Q3,2011-02-14,2010-12-31,80669.0,6935843.0,89661.0,0.064,1632768.0,0.2354101729,7947639.0,-541709.0,7358853.0,8489348.0,8489348.0,3448246.0,-20029291.0,1891789.5,588643.5,-0.4295210962953331,0.8668337073706956,1.0681597390117996,-15.671417679972087,0.023654901698125477,-0.4295210962953331,-0.1489157462770602,0.2727555251755266,5.86281440206275,-3.4922615278682834,0.0,1.5379050682578912,0.0,0.8726922548948185,0.45225605075913955,0.010150058400991792,8.516242082659955,0.2354101729234644,-0.7866666666666666,1.0390214803272178,-0.8133723150214112,0.9565971229149757,-0.035392479127724384,-0.7234076110994915,-0.6950368359829391,-0.9143587443144084,-0.5902982487422417,-1.0912299486513695,Consumer Electronics,Technology,MICS
2011Q2,2011,Q2,2010-11-12,2010-09-30,291653.0,8357672.0,294006.0,0.3,1692676.0,0.2025296039,10609533.0,-627139.0,9949658.0,11236672.0,11236672.0,4665720.0,-20109961.0,1883410.5,802403.5,-0.4994707738966094,0.885463062372916,1.059110895833021,-17.91735484477923,,-0.4994707738966094,-0.46505320192174304,0.22535109059077696,1.6144275046030727,-3.0031787211447543,0.0,1.4285032106513036,0.0,0.7877511668044201,0.46289648750092555,0.027489711375609086,1.4910485336204473,0.2025296039375558,1.789473684210526,-0.9159512335983719,-0.8797091269258641,0.939421034968149,1.9392196119765304,1.6082947482584575,1.6244499005997994,-0.7801040872241647,-0.5876304485359772,-1.1228352109079032,Consumer Electronics,Technology,MICS
2011Q1,2011,Q1,2010-08-23,2010-06-30,-479460.0,2091627.0,-470824.0,-0.38,575893.0,0.2753325521,5576916.0,-926661.0,4797357.0,6502061.0,6503577.0,2824212.0,-20401614.0,1127573.1,1145748.1,-0.7396371020202592,0.7378209770717316,1.1661601142997313,-7.018291478760841,,-0.7396371020202592,0.5174060416916219,0.5390889962694113,-0.5879390877236892,-1.216812944539589,0.0,0.536692712869997,0.0,0.3750508345472659,0.28828828274604007,-0.0859722470268514,1.6798710121479206,0.2753325521232992,-8.819121447028424,0.9337100535751108,-0.8033718041976433,0.9340374848846391,6.464658158181904,0.6704486327804152,0.6659209164142398,0.5624829574832096,-0.3308246577707953,-1.270560844987359,Consumer Electronics,Technology,MICS
2010Q4,2010,Q4,2010-07-14,2010-03-31,-1454887.0,1496229.0,-1409319.0,-0.0387,-105385.0,-0.0704337371,5689478.0,-447571.0,4787868.0,6132502.0,6137049.0,2804848.0,-19922154.0,33827214.6,34075998.6,-0.011907983106596073,0.7807364759114632,1.07866644356477,-13.711900458251316,-0.46755122969350976,-0.011907983106596073,3.2506283919199412,22.608313700643418,-5.812687617663777,-75.57954961335743,0.0,0.5710163260183796,0.0,0.2629817709111451,0.3040447438908295,-0.25571537494300883,31.48029560226029,-0.07043373708169004,-1.129,0.901361617516286,-0.6810802862899863,0.9408253823619523,-1.0352015290460632,-6.882871225875322,-5.884090617668158,0.3473829896113041,2.0879791009917414,-1.1208896730313607,Consumer Electronics,Technology,MICS
2010Q3,2010,Q3,2010-02-12,2009-12-31,247309.0,11975761.0,288553.0,0.3,2993762.0,0.2499851158,9683396.0,969164.0,8725322.0,8703623.0,8714232.0,3588653.0,-18490051.0,1497976.8,841754.8,0.776378379157808,1.002493099712614,0.8999148645785012,8.99149369972471,5.775418970597007,0.776378379157808,0.2551776582704269,0.12508405937626846,1.5142764719440054,1.5456380963387002,0.0,2.5028886883184303,0.0,1.2367315144397688,0.5441035302195419,0.025539490484536624,-59.73032417560509,0.24998511576842591,2.2,3.4746593854934344,-0.7951924828616571,-0.7332220960831609,1.163741937722065,1.7901851899187158,2.011426848888686,-0.9409040491313622,-0.2664261420782184,-0.7801332456705572,Consumer Electronics,Technology,MICS
2010Q2,2010,Q2,2009-11-16,2009-09-30,-312976.0,6991372.0,-285293.0,-0.25,1383604.0,0.1979016422,10556015.0,720822.0,9655030.0,9820038.0,9835193.0,5033324.0,-18737360.0,1872466.5,1223305.5,0.5774378340013026,0.9831968063667371,0.9317145722130936,13.644412906376331,,0.5774378340013026,-0.4341931850026775,0.2678253281330188,-1.495694957440826,2.5976822294547057,0.0,1.1141281586482412,0.0,0.6623116772759418,0.4295324519110822,-0.029649067380067194,-3.2176004605246202,0.1979016421955519,0.8,-1.2569674600358725,-0.912286561440618,-0.5756343412917061,5.844178669710317,0.7988980309129637,0.8159125650338857,-1.237963663131519,-0.700206617627203,3.2131956536395774,Consumer Electronics,Technology,MICS
2010Q1,2010,Q1,2009-08-19,2009-06-30,-1556305.0,814008.0,-1549769.0,-1.25,-285622.0,-0.3508835294,6847271.0,1029799.0,5845514.0,5797770.0,5817472.0,4211919.0,-18424384.0,2621459.4,3784622.4,0.8249518951161326,1.0082348903112748,0.8496044628582686,5.649133471677483,-0.3644741355735186,0.8249518951161326,-1.5112706460192717,3.220434442904738,-0.42110309354528835,2.545602976891607,0.0,0.2610757709253193,0.0,0.11888064602671634,0.20917887394636214,-0.22728836057459972,-1.732021385823567,-0.35088352940020245,-26.412280701754383,0.8079712518861486,-0.9504763437056843,1.185493476075644,-4.565510522213562,0.08882720617508888,0.07772157322494451,0.6124096670927569,-0.7747113339557437,1.1677298547954045,Consumer Electronics,Technology,MICS
2009Q4,2009,Q4,2009-06-29,2009-03-31,-1708024.0,782401.0,-1680370.0,-0.0456,-51320.0,-0.0655929632,8325724.0,2578897.0,7259592.0,5724094.0,5746827.0,4729667.0,-16871347.0,89878636.8,88962392.8,0.06886344764855179,1.2682517093534802,0.6902495206422888,2.2284050119101306,-0.4397316502695574,0.06886344764855179,-0.6623079556880325,114.87541145780743,-13.15535332056224,34.85158065638139,0.0,0.17627477790719728,0.0,0.09397392947448174,0.349987613760361,-0.20515020675679377,46.766022626814696,-0.06559296319917791,-1.1520000000000001,0.9567129056446232,-0.9261917428751182,1.7910392111811912,-1.0136060806348515,-4.683459815700203,-3.9405217926933624,-1.2594609756164596,-0.7968631832223533,1.2019102662978682,Consumer Electronics,Technology,MICS
2009Q3,2009,Q3,2009-02-17,2008-12-31,463701.0,16611566.0,571453.0,0.3,3771843.0,0.2270612536,14708086.0,3811263.0,13537600.0,10868028.0,10896823.0,6018127.0,-15163323.0,3272997.0,1520827.0,3.4933698381025096,1.2456353627355394,0.7408729456708372,2.859110746227694,0.11814090282752371,3.4933698381025096,0.12166596742339744,0.19703121307166344,1.7646053167881888,0.8587696519500229,0.0,2.133508149628614,0.0,1.1294172470843589,0.6554479800751342,0.03152694375053287,-2.1622665965509404,0.22706125358680812,2.184713375796178,1.0118346373685405,-0.8455656430513884,-0.8947405413373937,0.8663703375292128,3.5164215447550404,3.452163547688424,1.2592938995204008,-0.4832927084490596,1.3530031539858076,Consumer Electronics,Technology,MICS
2009Q2,2009,Q2,2008-11-14,2008-09-30,102670.0,12616396.0,128354.0,0.0942,2020951.0,0.1601844933,20447662.0,3325953.0,19474429.0,17088367.0,17121709.0,9901213.0,-15627023.0,6212783.4,5438089.4,3.0514394079793608,1.1396307792312748,0.8373431153155798,5.147910689056641,,3.0514394079793608,0.030869347823014936,0.49243725387186643,15.128039836368949,1.8679708943571964,0.0,1.0701158534817905,0.0,0.6170092209075052,0.5302139753903927,0.005021111949131397,65.44525392126914,0.16018449325782103,1.0951515151515152,1.04323134516732,-0.8975748918764253,-0.9567921654329828,8.972667025250557,1.0971447008497677,1.123151466305907,-0.9659159786487316,-0.7908176502803308,1.3700978132327286,Consumer Electronics,Technology,MICS
2009Q1,2009,Q1,2008-08-19,2008-06-30,-1056877.0,1770346.0,-1042245.0,-0.99,202649.0,0.1144685841,8093954.0,3219643.0,7144957.0,4874311.0,4874311.0,5035224.0,-15729693.0,6717960.899999999,6256810.899999999,3.01933149089927,1.465839377093501,0.6022162962626177,1.513929028777414,-0.31977660140514086,3.01933149089927,-0.3282590647472406,3.7947163435848132,-1.5891066084322016,2.0865545962704557,0.0,0.3113460294914387,0.0,0.21872449485134213,0.3326652731021882,-0.13057610656052654,-30.104325673519867,0.1144685841072875,-29.091185410334347,0.8819780548383814,-0.9399408444738567,-0.9465079596984548,-0.49345981278042317,-0.004371472530521906,-0.17357641598346119,0.8283179033197314,-0.8044647847663505,1.2692708337139005,Consumer Electronics,Technology,MICS
2008Q4,2008,Q4,2008-07-11,2008-03-31,-1052277.0,1730159.0,-888093.0,-0.0329,400065.0,0.2312301933,7236166.0,4068064.0,6468524.0,3168102.0,3168102.0,3514984.0,-14680132.0,230330145.6,229882329.6,0.1271655550067086,2.0417663320183506,0.43781499761061315,0.7787738835967183,-0.21037606759858116,0.1271655550067086,-0.2586677594059484,133.12657715273568,-54.72184263269082,56.619105697452156,0.0,0.3784068433881918,0.0,0.23909885428277902,0.8020537217551708,-0.14541913493969044,67.92602240646059,0.23123019329437353,-1.0365555555555557,0.9564814560762763,-0.9534359046765971,-0.9404741624209243,-0.8932178743453317,-2.372062154222479,-2.081880520758845,0.916179123084288,-0.5667138996834209,1.6319267525735621,Consumer Electronics,Technology,MICS
2008Q3,2008,Q3,2008-02-14,2007-12-31,766931.0,13783645.0,820879.0,0.9,3746554.0,0.2718115564,17107966.0,4834608.0,16434727.0,12273358.0,12273358.0,3375894.0,-13709947.0,9857923.2,13717537.2,4.708115072351142,1.3390570860884201,0.7174060317865958,2.538645946062225,0.08008058172278718,4.708115072351142,0.15863354381575506,0.7151898645097142,3.213432238363034,2.0390325751332887,0.0,2.9731653304280288,0.0,0.8056857840376817,1.0455182681055992,0.044828882638649155,-3.1948477574152445,0.27181155637714116,0.0,-0.9480984034565418,-0.9256240488274219,-0.951155382233463,0.17342733562388227,-0.2724463843403474,-0.23552688436408067,10.329136463601431,-0.7134393882720843,0.6177950135133966,Consumer Electronics,Technology,MICS
2008Q2,2008,Q2,2007-11-14,2007-09-30,1054123.0,16107967.0,1073784.0,0.9,3192830.0,0.198214337,21120756.0,4057728.0,20570659.0,17063028.0,17063028.0,5397240.0,-14480037.0,9580032.0,10066379.0,4.066185666185667,1.2055690818769096,0.8078796043096185,4.2050694378726226,,4.066185666185667,0.25978158220560865,0.5947387401526214,2.2720384623046836,2.360934986278035,0.0,2.3929150825236603,0.0,0.7626605316589993,0.8638620882530346,0.049909340366414916,-5.672225784620741,0.1982143370420364,2.0344827586206895,-0.9415101409568867,-0.8675288920750297,-0.9505449172839897,8.40860817086683,2.22914745133249,2.267709293800552,0.08264345859614193,-0.7472032258567758,1.9882862830515722,Consumer Electronics,Technology,MICS
2008Q1,2008,Q1,2007-08-14,2007-06-30,-857605.0,2446100.0,-847027.0,-0.87,339352.0,0.1387318589,6524738.0,2680315.0,6052937.0,3844423.0,3844423.0,2518711.0,-15534160.0,18824928.980465,18046857.980465,2.733718184738874,1.5744721639632266,0.5892072601229352,1.4343176081915745,-0.39170215681805054,2.733718184738874,-0.3199642579323699,7.695895090333591,-5.487645530420473,7.023401719747492,0.0,0.8364389562756506,0.0,0.3748962793601827,0.7778670557324207,-0.13143899417877009,-40.98505804434676,0.13873185887739667,-13.671163575042158,0.817109973779266,-0.8385385833737118,-0.9573981097875098,1.9823817877593084,0.5084284878245623,0.5125565908362409,0.8652742566864532,-0.8105258439018086,1.614686615911135,Consumer Electronics,Technology,MICS
2007Q4,2007,Q4,2007-07-16,2007-03-31,-1744619.0,379187.0,-1737693.0,-0.0593,-345438.0,-0.9109964213,5657800.0,2897360.0,5155236.0,2760440.0,2760440.0,2280083.0,-14681844.0,758880061.186043,757916161.186043,0.09850289779100445,1.8675414064424511,0.4878998904167698,0.952743186901179,-0.79963090270175,0.09850289779100445,-0.6021409144876715,2001.3345952947834,-108.74581515878867,261.92121834568127,0.0,0.3178064131875901,0.0,0.06702021987344904,0.8524952543797366,-0.30835642829368304,994.5195294563785,-0.9109964212908143,-1.0197666666666667,-1.341907277760098,-0.9837554688395049,-0.9570083398476923,-1.1050307030506026,-1.6176954397394137,-5.4336933475195766,0.9437066821946977,-0.954457090197125,2.9923277084929434,Consumer Electronics,Technology,MICS
2007Q3,2007,Q3,2007-02-14,2006-12-31,2824400.0,11018013.0,391929.0,3.0,3288924.0,0.2985042766,8906105.0,2974964.0,8271037.0,5931141.0,5931141.0,1947875.0,-12940688.0,,,,,,,,,,,,,,,,,,,,,,,,,,,,,,,Consumer Electronics,Technology,MICS
2007Q2,2007,Q2,2006-11-20,2006-09-30,806432.0,14299068.0,795107.0,0.9,3045645.0,0.2129960498,13677602.0,104902.0,12919292.0,13572700.0,13572700.0,3171193.0,-15765088.0,,,,,,,,,,,,,,,,,,,,,,,,,,,,,,,Consumer Electronics,Technology,MICS
2007Q1,2007,Q1,2006-08-14,2006-06-30,-1151172.0,1035876.0,-1151004.0,-3.22,126472.0,0.1220918334,4039723.0,-1760194.0,3466316.0,5799917.0,5799917.0,1606065.0,-16571520.0,,,,,,,,,,,,,,,,,,,,,,,,,,,,,,,Consumer Electronics,Technology,MICS
