Quarters,Year,Quarter,FillingDate,Date,NetIncome,Revenue,OperatingIncome,EPSDiluted,GrossProfit,GrossProfitRatio,TotalAssets,CommonStockEquity,CurrentAssets,CurrentLiability,TotalLiability,Inventory,RetainedEarnings,MarketCap,EnterpriseValue,bookValuePerShare,currentRatio,debtToAssets,debtToEquity,roic,shareholdersEquityPerShare,roe,priceToSalesRatio,peRatio,pbRatio,payoutRatio,inventoryTurnover,dividendYield,assetTurnover,quickRatio,returnOnAssets,priceToFreeCashFlowsRatio,grossProfitMargin,epsdilutedGrowth,fiveYNetIncomeGrowthPerShare,fiveYRevenueGrowthPerShare,fiveYShareholdersEquityGrowthPerShare,grossProfitGrowth,netIncomeGrowth,operatingIncomeGrowth,threeYNetIncomeGrowthPerShare,threeYRevenueGrowthPerShare,threeYShareholdersEquityGrowthPerShare,Industry,Sector,Symbol
2023Q1,2023,Q1,2023-05-05,2023-03-31,-42761000.0,298707000.0,-11057000.0,-0.79,189718000.0,0.6351307469,2056457000.0,725614000.0,222759000.0,297652000.0,1319277000.0,0.0,-160155000.0,3176585005.53,4162681005.53,13.401742218731236,0.748387378549447,0.5051211865844994,1.4315600305396534,-0.013205482238899965,13.401742218731236,-0.05893078137963159,10.634451169641155,-18.571741806377307,4.3777890249223415,0.0,0.0,0.0,0.14525321949352699,0.5891712469595366,-0.02079352984283163,-44.37376905765014,0.6351307468522666,-0.1791044776119403,-5.364324520534868,0.24774172591820204,0.3194289821731459,0.01842328462686407,-0.13001770566316959,0.5832893645888294,-4.707623015220267,0.18638738529909682,-0.1791369448784222,Software—Application,Technology,ENV
2022Q4,2022,Q4,2023-02-28,2022-12-31,-37841000.0,292874000.0,-26534000.0,-0.67,186286000.0,0.6360619242,2112165000.0,754567000.0,305232000.0,327064000.0,1344561000.0,0.0,-118927000.0,3400846927.5,4277929927.5,13.689761665993124,0.9332485385123401,0.4920335295774715,1.377287901538233,-0.017919507391783676,13.689761665993124,-0.050149290917837645,11.611979648244638,-22.46800380209297,4.507017836056971,0.0,0.0,0.0,0.1386605686582251,0.8067809358413033,-0.017915740484289816,535.9040226126695,0.6360619242404584,-3.1875,-2.7276753323724274,0.2902638921266117,0.3933546061905691,-0.05239919221515156,-3.3681172803878563,-24.367112810707457,-11.053986866966824,0.16427497229718818,-0.1718648591321355,Software—Application,Technology,ENV
2022Q3,2022,Q3,2022-11-09,2022-09-30,-8663000.0,306695000.0,-1046000.0,-0.16,196587000.0,0.6409853437,2203221000.0,940758000.0,392506000.0,616268000.0,1262937000.0,39681000.0,-82422000.0,2452068898.7999997,3185207898.7999997,17.034454138071464,0.6369079686110588,0.44229289753501805,1.0358338701345084,-0.0006959034108517122,17.034454138071464,-0.009208531843470903,7.995138162669752,-70.76269475932125,2.6064821120840853,0.0,2.774829263375419,0.0,0.13920301231696683,0.5475345142048589,-0.0039319705104481125,499.4030343788187,0.6409853437454148,0.6363636363636365,-4.234035148755006,0.392803381037236,0.833681137381802,0.021921297499610127,0.643027855612329,0.9670270781451943,-1.6592984613184165,0.22827887827829912,0.03154375402677859,Software—Application,Technology,ENV
2022Q2,2022,Q2,2022-08-05,2022-06-30,-24268000.0,318852000.0,-31723000.0,-0.44,192370000.0,0.6033206629,2187400000.0,933165000.0,467620000.0,610036000.0,1253408000.0,28883000.0,-75132000.0,2913068642.4,3547767642.4,16.90420758826675,0.7665449252175282,0.44473530218524276,1.042488734575343,-0.012614681920950195,16.90420758826675,-0.026006118960741134,9.13611532121486,-30.00936049942311,3.1217079963350534,0.0,4.3791157428244984,0.0,0.1457675779464204,0.6994603597164758,-0.011094450032001463,155.26429178126,0.6033206628780751,-0.6296296296296295,-1.9798193797069907,0.5130379626881746,0.8406090843381412,-0.018925852071337866,-0.6499864019581181,-3.7199821455140603,-26.04281630951911,0.3091211852355141,0.005461605611189748,Software—Application,Technology,ENV
2022Q1,2022,Q1,2022-05-06,2022-03-31,-14708000.0,321363000.0,-6721000.0,-0.27,196081000.0,0.6101542492,2199770000.0,951449000.0,501479000.0,274807000.0,1246615000.0,32618000.0,-51847000.0,4087029715.8799996,4691283715.879999,17.329422217022003,1.824840706386664,0.4381676266155098,1.013052722741839,-0.003839666141539095,17.329422217022003,-0.015458526941538642,12.717797991305781,-69.4695015617351,4.295584646029372,0.0,3.8408854006990008,0.0,0.14608936388804283,1.6613004763343,-0.006686153552416843,-109.55421958612554,0.6101542492446237,-1.7806385169927907,0.11563450638849784,0.6085540228220327,0.8622978564195136,-0.015148395003440535,-1.7698681732580037,-0.031461019030079806,0.2894059598301663,0.4140768103463072,0.34237743152108396,Software—Application,Technology,ENV
2021Q4,2021,Q4,2022-02-25,2021-12-31,-5310000.0,319621000.0,-6516000.0,-0.0971,199097000.0,0.622915891,2241182000.0,957089000.0,567276000.0,288723000.0,1281640000.0,-1310000.0,-37988000.0,4338167991.3,4874669991.3,17.504034286428073,1.9647759270996767,0.4309248423376593,1.0090817050451943,-0.0025253117705108263,17.504034286428073,-0.00554807337666612,13.57285031740718,-204.2451973305085,4.532669366485249,0.0,-92.00305343511451,0.0,0.14261269276658478,1.8168625291369236,-0.0023692854931014083,76.77494011680382,0.622915891008413,-1.4623809523809523,0.8713385739043522,0.6225037371788725,0.8295485719648443,0.03043210483549584,-1.4522998296422487,-1.4609833746020517,-21.02622769468678,0.2795583312955275,0.27021755144787046,Software—Application,Technology,ENV
2021Q3,2021,Q3,2021-11-09,2021-09-30,11740000.0,303053000.0,14135000.0,0.21,193217000.0,0.6375683461308748,2217345000.0,944435000.0,549521000.0,269405000.0,1270270000.0,0.0,-32879000.0,4376920125.92,4950627125.92,17.313878759455594,2.0397579851895844,0.4363353470028345,1.0244283619306782,0.0075181697176869965,17.313878759455594,0.012430712542419542,14.442754653212475,93.2052837717206,4.634432360003601,0.0,0.0,0.0,0.13667381485515334,1.9338134036116628,0.0052946203680527834,150.0435407054952,0.6375683461308748,2.4,3.2728266125986507,0.5958203092336822,0.7050303893789468,0.026417840674868787,2.417703175944934,0.2931113347360717,2.313302244398378,0.24363341643553343,0.537658024456535,Software—Application,Technology,ENV
2021Q2,2021,Q2,2021-08-06,2021-06-30,-8281000.0,288738000.0,10931000.0,-0.15,188244000.0,0.6519543669347297,2170696000.0,917117000.0,491180000.0,247814000.0,1253230000.0,0.0,-44619000.0,4129847833.68,4726256833.68,16.84626127205412,1.982051054419847,0.44498769058403387,1.0532276688797613,-0.0063917759086566306,16.84626127205412,-0.00902938229255373,14.303097734555202,-124.67841545948558,4.503076307254146,0.0,0.0,0.0,0.1330163228752437,1.8640431936855868,-0.0038149054496806555,91.1444866297367,0.6519543669347297,-1.5555555555555556,0.1812747765539946,0.6001088365765039,0.6697676145456237,0.03296823898680831,-1.55406128730095,-0.3499256616116563,-0.24549979068239022,0.1932434964677676,0.5231746042217632,Software—Application,Technology,ENV
2021Q1,2021,Q1,2021-05-07,2021-03-31,14946000.0,275105000.0,16815000.0,0.27,182236000.0,0.6624234383235492,2142988000.0,914141000.0,489021000.0,228921000.0,1229259000.0,0.0,-36338000.0,3915477715.8700004,4511423715.870001,16.86343512118005,2.136199824393568,0.45166981802977896,1.0588333747200924,0.01340171985261497,16.86343512118005,0.016349775362881656,14.232666494138602,65.49373939298141,4.283231707001437,0.0,0.0,0.0,0.12837449393090394,2.0164860366676716,0.006974374098221736,1802.7061306952119,0.6624234383235492,1.076923076923077,2.0660990026302564,0.6364497305172754,0.6531021122388897,0.011203160634124416,1.064364640883978,0.47577672459189047,0.5236015742907661,0.14777043524020522,0.6602397415750269,Software—Application,Technology,ENV
2020Q4,2020,Q4,2021-02-26,2020-12-31,7240000.0,263819000.0,11394000.0,0.13,180217000.0,0.6831084948392648,2144290000.0,976337000.0,505199000.0,236369000.0,1168472000.0,0.0,-79912000.0,4440431681.01,4826018681.01,18.093459713296525,2.137331883622641,0.3591641056013879,0.7888177954947933,0.019079797552003522,18.093459713296525,0.007415472321544713,16.831356653652694,153.32982323929556,4.548052241193359,0.0,0.0,0.0,0.12303326509007644,2.0006176782911465,0.003376408974532363,219.36724044116195,0.6831084948392648,3.3333333333333335,2.3379136726392695,0.610739760161123,0.6062442524808644,0.03564655717356075,2.7905759162303663,-0.022477693891557998,-0.6623537859484788,0.18721010736232493,0.8415664237655157,Software—Application,Technology,ENV
2020Q3,2020,Q3,2020-11-06,2020-09-30,1910000.0,252559000.0,11656000.0,0.03,174014000.0,0.689003361590757,2101261000.0,954673000.0,481212000.0,226320000.0,1147894000.0,0.0,-87155000.0,4151211703.68,4552046703.68,17.744835469291775,2.1262460233297986,0.36347364749072103,0.8000152931946332,0.0052870622694325495,17.744835469291775,0.002000685051321238,16.43660175911371,543.3523172356021,4.348307434776096,0.0,0.0,0.0,0.12019401683084587,1.9985197949805584,0.0009089779898832178,87.19750674648685,0.689003361590757,1.3333333333333333,-0.612707708656233,0.6359253863714367,1.5818255750347043,0.04535515186466744,1.3878960194963443,1.908183632734531,2.1845918034564513,0.1773700975124357,0.9101504411146151,Software—Application,Technology,ENV
2020Q2,2020,Q2,2020-08-10,2020-06-30,-4924000.0,235313000.0,4008000.0,-0.09,166464000.0,0.7074152299277983,1831405000.0,875795000.0,205780000.0,209285000.0,957668000.0,0.0,-89065000.0,3939011989.0000005,4446724989.0,16.350791640101303,0.9832525025682681,0.32759384188642054,0.6850427326029493,0.0033506293781821145,16.350791640101303,-0.00562232029184912,16.739457611776658,-199.99045435621449,4.497641558812279,0.0,0.0,0.0,0.1284876911442308,0.8413885371622428,-0.0026886461487218827,99.13204955329056,0.7074152299277983,0.3571428571428572,-2.2968758923024564,0.5309520613104958,1.4680942971884092,-0.029963987273172267,0.3287895310796074,1.526191413942497,0.37687676529950453,0.1508177374261148,0.7803505708117243,Software—Application,Technology,ENV
2020Q1,2020,Q1,2020-05-08,2020-03-31,-7336000.0,246539000.0,-7617000.0,-0.14,171606000.0,0.6960602582147246,1830458000.0,865569000.0,187433000.0,202918000.0,966261000.0,0.0,-84141000.0,2851227961.58,3394624961.58,16.326404428990056,0.923688386441814,0.334341459896922,0.7070470407327434,-0.003795597436119477,16.326404428990056,-0.008475349741037398,11.565017954887463,-97.16562028285169,3.294050458808021,0.0,0.0,0.0,0.13468705646346432,0.7692319064843927,-0.004007740139353102,-601.0176984780776,0.6960602582147246,-3.0,-2.936824450972186,0.694505709385112,1.6553179881034312,0.02930662188099808,-3.0434540389972145,-1.5837228906429612,0.5431982303862324,0.2779553946378663,0.7545090419276055,Software—Application,Technology,ENV
2019Q4,2019,Q4,2020-02-28,2019-12-31,3590000.0,239936000.0,13049000.0,0.07,166720000.0,0.6948519605228061,1801884000.0,869094000.0,182503000.0,203790000.0,934308000.0,0.0,-75664000.0,3660736532.64,4157560532.64,16.530830525615183,0.8955444329947495,0.3215129275802438,0.6665895748906332,0.006987977056801537,16.530830525615183,0.004130738447164518,15.257137455988262,254.92594238440108,4.212129565547571,0.0,0.0,0.0,0.13315840531354958,0.7648805142548702,0.001992359108577467,112.0005058173474,0.6948519605228061,2.166666666666667,-0.3548642966410731,0.6449114902235725,1.8633059472722775,0.015285305401619877,2.1655844155844157,102.9453125,1.0904670397612324,0.2667412281155189,0.7278278188121505,Software—Application,Technology,ENV
2019Q3,2019,Q3,2019-11-08,2019-09-30,-3080000.0,236080000.0,-128000.0,-0.06,164210000.0,0.6955692985428669,1787136000.0,862263000.0,167010000.0,366317000.0,926218000.0,0.0,-79254000.0,2960617092.3,3475697092.3,16.51355463263195,0.4559165968273381,0.3282973427875662,0.6804327681925352,-2.4697781131083282e-05,16.51355463263195,-0.003571996015136913,12.540736582090817,-240.30982892045458,3.4335430052083877,0.0,0.0,0.0,0.1320996275605214,0.39068074918717943,-0.0017234278756625126,67.1265637070627,0.6955692985428669,-4.0,-1.5428097659609452,0.7698891203804408,2.314894804455205,0.07774095100580843,-4.449048152295632,0.9936811966233895,0.37708692970074925,0.2986828781578968,0.6262163364133599,Software—Application,Technology,ENV
2019Q2,2019,Q2,2019-08-08,2019-06-30,893000.0,224445000.0,-20257000.0,0.02,152365000.0,0.6788522800686136,1812340000.0,855251000.0,189395000.0,353474000.0,958550000.0,0.0,-76174000.0,3479019543.44,4028480543.44,16.81238497216529,0.5358102717597334,0.34605979010560933,0.7333262398991641,0.0002843203443838248,16.81238497216529,0.0010441379197451976,15.500543756555059,973.9696370212766,4.067834522777524,0.0,0.0,0.0,0.12384265645519053,0.44593944674855857,0.0004927331516161427,1159.6731811466666,0.6788522800686136,1.0526315789473684,-0.8369297120698747,0.7968637409144157,2.559395273097387,0.10392621412683577,1.0491064063788837,-1.318530388005036,1.0944852011069288,0.331105450590444,0.6664098636748805,Software—Application,Technology,ENV
2019Q1,2019,Q1,2019-05-09,2019-03-31,-18185000.0,199666000.0,-8737000.0,-0.38,138021000.0,0.6912594032033496,1370591000.0,622719000.0,349016000.0,338726000.0,749053000.0,0.0,-77067000.0,3209225240.4500003,3440633240.4500003,12.909500569735867,1.030378536043882,0.34812938360167256,0.7662252155466591,-0.00928466405118285,12.909500569735867,-0.02920257772767492,16.07296805890838,-44.11912620910091,5.153568849593476,0.0,0.0,0.0,0.1456787619355446,0.9618275538340724,-0.01326799898729818,-128.33307635662015,0.6912594032033496,-82.37044967880087,-5.295659620342194,0.7979892977122427,1.8867448661203963,-0.02942231285819767,-82.54708520179372,-1.7595409893071372,-0.4577073060164909,0.33472799243229096,0.26550269897122564,Software—Application,Technology,ENV
2018Q4,2018,Q4,2019-03-01,2018-12-31,223000.0,210080000.0,11503000.0,0.00467,142205000.0,0.6769087966488957,1313747000.0,633700000.0,380906000.0,343296000.0,681145000.0,0.0,-58882000.0,2262041059.29,2433132059.29,13.780343584826017,1.1095556021625652,0.35047539594762156,0.7265835568881174,-0.0010813216060395427,13.780343584826017,0.00035190153069275683,10.76752217864623,2535.9204700560535,3.5695771805112826,0.0,0.0,0.0,0.1599090235791214,1.0573295348620433,0.00016974348942376273,93.55782361196128,0.6769087966488957,-0.9221666666666667,-0.7627595222016084,1.0878157981994578,2.170737488472556,0.02903930762996411,-0.9245091401489506,2.388217967599411,1.048355831755889,0.5050761960152421,0.22334799596519755,Software—Application,Technology,ENV
2018Q3,2018,Q3,2018-11-08,2018-09-30,2954000.0,203156000.0,3395000.0,0.06,138192000.0,0.6802260331961645,1183015000.0,512054000.0,242142000.0,334086000.0,671100000.0,0.0,-59105000.0,2716274551.3199997,3018813551.3199997,11.259902061497034,0.7247894254772723,0.3855242748401331,0.8906892632417674,-0.003233723844229536,11.259902061497034,0.005768922808922497,13.370388033432434,229.88105546039267,5.304664256738548,0.0,0.0,0.0,0.17172732382936817,0.6672922540902642,0.0024970097589633268,97.52529625592416,0.6802260331961645,1.5,0.675471528782338,1.1535080286347539,1.6532245045965626,0.0352313673785855,1.5345638798407528,678.0,-0.2913733361163213,0.5567963652948739,0.6382853008171231,Software—Application,Technology,ENV
2018Q2,2018,Q2,2018-08-08,2018-06-30,-5526000.0,201116000.0,5000.0,-0.12,133489000.0,0.6637413234153424,1155176000.0,500434000.0,220917000.0,157116000.0,654038000.0,0.0,-62059000.0,2486340838.4500003,2804169838.4500003,11.059967271881739,1.4060757656763156,0.3911620393775494,0.9029382495993478,5.798265228920781e-06,11.059967271881739,-0.011042415183620617,12.362720213458902,-112.48375128709736,4.968369132492996,0.0,0.0,0.0,0.17409987742127606,1.290797881819802,-0.004783686641689232,79.93893960228918,0.6637413234153424,-1.7058823529411766,-4.567863200720602,1.8116858282128345,1.6836030728009301,-0.011756257541994566,-1.6818854886475814,1.0067750677506775,-2.7229075099273676,0.5489343264437646,0.6694630297822477,Software—Application,Technology,ENV
2018Q1,2018,Q1,2018-05-10,2018-03-31,8104000.0,198011000.0,-738000.0,0.17,135077000.0,0.6821691724197141,1082129000.0,454871000.0,135540000.0,158331000.0,626089000.0,0.0,-56533000.0,2566064868.6,2943905868.6,10.157228922361623,0.8560547208064119,0.3897927141773301,0.9273090612503325,0.0011241997681093597,10.157228922361623,0.017816040152043106,12.959203623031044,79.16044140547876,5.6413024101338625,0.0,0.0,0.0,0.1829828051923569,0.7301981292355887,0.007488940782476026,-248.16874938104448,0.6821691724197141,-0.5526315789473684,9.82925582688858,2.0702017752225803,1.5552286650242315,0.08186230537579291,-0.5407197506375744,-1.0581881258377355,1.5329610025093652,0.6111829525075815,0.651966468436899,Software—Application,Technology,ENV
2017Q4,2017,Q4,2018-02-28,2017-12-31,17645000.0,182862000.0,12683000.0,0.38,124856000.0,0.6827881134407368,862052000.0,436272000.0,131107000.0,140355000.0,425382000.0,0.0,-73854000.0,2213544584.4,2393587584.4,9.825037793803924,0.934109935520644,0.2785887626268485,0.5504776836468992,0.03932978122415765,9.825037793803924,0.04044495177320571,12.105000406864193,31.362207203173703,5.0737718313345805,0.0,0.0,0.0,0.21212409460218176,0.82665384204339,0.02046860282210354,73.59592327692256,0.6827881134407368,13.666666666666668,82.3319481300904,2.0008380139312583,1.5217218546181994,0.04443552164893261,14.367424242424242,1.9169733210671573,2.754285175835258,0.4842927027546762,0.7017952669457155,Software—Application,Technology,ENV
2017Q3,2017,Q3,2017-11-09,2017-09-30,-1320000.0,175614000.0,4348000.0,-0.03,119544000.0,0.680720215928115,862222000.0,409163000.0,122429000.0,136535000.0,452661000.0,0.0,-91499000.0,2246270877.0,2456087877.0,9.289758066876278,0.8966858314717838,0.2998311339770964,0.6318288799329362,-0.02374564260242737,9.289758066876278,-0.0032260981564804247,12.79095560148963,-425.4300903409091,5.489916920640429,0.0,0.0,0.0,0.20367608342167098,0.7737869410773794,-0.0015309282296206777,74.25934335019339,0.680720215928115,0.8,-2.7566598319346047,2.045500536225881,1.4205366218422344,0.07039630379112122,0.7959814528593508,0.5851257746992344,-1.2757897366722706,0.5608214720436083,0.8648056966294677,Software—Application,Technology,ENV
2017Q2,2017,Q2,2017-08-09,2017-06-30,-6470000.0,167417000.0,2743000.0,-0.15,111682000.0,0.6670887663737852,839666000.0,402770000.0,96234000.0,157518000.0,436498000.0,0.0,-90179000.0,1736676968.4,1968721968.4,9.184029206476117,0.6109397021292805,0.309378967351304,0.6449710753035232,0.016473814301568898,9.184029206476117,-0.0160637584725774,10.373360939450594,-67.10498332302937,4.311832977629913,0.0,0.0,0.0,0.1993852317469089,0.5285300727535901,-0.0077054447839974465,97.51681556516368,0.6670887663737852,0.5,-6.100425184953979,2.233009703637365,1.422458047822584,0.028758290346352248,0.5074229158736201,1.817829457364341,-2.370465369137937,0.5546948908230355,0.9443755421756378,Software—Application,Technology,ENV
2017Q1,2017,Q1,2017-05-10,2017-03-31,-13135000.0,157786000.0,-3354000.0,-0.3,108560000.0,0.6880204834395954,854145000.0,403501000.0,104366000.0,171702000.0,450246000.0,0.0,-83709000.0,1400593795.1,1645929795.1,9.305397714595372,0.6078321743485807,0.3334504094738013,0.7058594650323048,-0.007242698646476381,9.305397714595372,-0.032552583512804184,8.876540346418567,-26.657666446516938,3.471103653026882,0.0,0.0,0.0,0.18472975899876484,0.5290270352121699,-0.01537795105046567,482.46427664485014,0.6880204834395954,0.6,-14.04072418230721,2.55136293918321,1.5113315341880833,0.012601553974013375,0.5967642905384662,-0.09500489715964741,-4.45159342699808,0.5806090035354826,1.0808170645106738,Software—Application,Technology,ENV
2016Q4,2016,Q4,2017-03-24,2016-12-31,-32574000.0,155480000.0,-3063000.0,-0.75,107209000.0,0.6895356315924878,872401000.0,412889000.0,113084000.0,155954000.0,459114000.0,0.0,-70574000.0,1521241703.25,1759559703.25,9.567406164915102,0.7251112507534273,0.3334590400515359,0.7045719309548086,-0.020560571064472653,9.567406164915102,-0.07889287435606179,9.784163257332132,-11.675275551436728,3.684384188607592,0.0,0.0,0.0,0.17822079525355886,0.657905536247868,-0.0373383340917766,78.35393784445017,0.6895356315924878,-7.333333333333334,-14.107275433899567,2.7465548775015547,1.6277498773688481,0.0521413990735652,-7.029085531180676,-1.372579395817196,-37.92662183967186,0.6465183022885209,1.2013771433060216,Software—Application,Technology,ENV
2016Q3,2016,Q3,2016-11-09,2016-09-30,-4057000.0,149155000.0,-1291000.0,-0.09,101896000.0,0.6831551071033488,869950000.0,435054000.0,112924000.0,135591000.0,434498000.0,0.0,-38000000.0,1561631104.3500001,1801839104.3500001,10.154586608724395,0.8328281375607526,0.3343525489970688,0.6685836700731403,-0.0012602729184854097,10.154586608724395,-0.009325279160747862,10.469854207703397,-96.23065715738231,3.5895109672592374,0.0,0.0,0.0,0.17145238232082305,0.7508241697457796,-0.004663486407264785,93.18163997553555,0.6831551071033488,0.5263157894736842,-2.5623829694649745,2.451107849500005,1.8525924269031355,0.05257938557527426,0.48923580511141884,0.7960505529225909,-3.442484413887137,0.6782431778039327,1.3927737450261277,Software—Application,Technology,ENV
2016Q2,2016,Q2,2016-08-09,2016-06-30,-7943000.0,141708000.0,-6330000.0,-0.19,96806000.0,0.6831371552770485,860947000.0,431329000.0,111568000.0,107253000.0,429220000.0,0.0,-33943000.0,1424084609.15,1676394609.15,10.088985512297361,1.040231974863174,0.3378047661470451,0.6742695251188767,-0.006238082780096788,10.088985512297361,-0.018415177277669715,10.04942987798854,-44.822000791577494,3.3016203620670073,0.0,0.0,0.0,0.1645954977484096,0.7558856162531584,-0.009225887307813372,190.56397820821627,0.6831371552770485,0.2692307692307693,-3.3986035411518323,2.3418458010964627,1.8980032731200573,0.05610769885340868,0.27744928590921497,0.5039184952978056,-6.427673097668985,1.0967485160595474,1.4480029512455115,Software—Application,Technology,ENV
2016Q1,2016,Q1,2016-05-06,2016-03-31,-10993000.0,131821000.0,-12760000.0,-0.26,91663000.0,0.6953596164495793,856244000.0,433613000.0,94885000.0,102631000.0,422233000.0,0.0,-26000000.0,1156178350.3999999,1412450350.3999999,10.201084976136741,0.9245257280938508,0.3419842941965141,0.6753072440171305,-0.01155632328979068,10.201084976136741,-0.025352099683358203,8.770820661351378,-26.29351292640771,2.666383042943823,0.0,0.0,0.0,0.1539526116387385,0.7015911371807738,-0.0128386301101088,109.15581102719032,0.6953596164495793,-1.5999999999999999,-6.790183704687272,2.3313772722505135,2.0389466901146087,0.15540625709027656,-1.809353437260414,-4.1368760064412236,-16.476490631299487,1.1533730991593518,1.566261422737737,Software—Application,Technology,ENV
2015Q4,2015,Q4,2016-02-29,2015-12-31,-3913000.0,118435000.0,-2484000.0,-0.1,79334000.0,0.6698526617976105,885565000.0,439529000.0,113649000.0,111457000.0,445638000.0,0.0,-15007000.0,1164720821.55,1418563821.55,11.264451023156004,1.019666777322196,0.33891696261708626,0.6828514159475256,-0.002293873564621873,11.264451023156004,-0.008902711766459096,9.83426201334065,-74.4135459717608,2.649929405226959,0.0,0.0,0.0,0.1337394770570201,0.8835156158877414,-0.004418647981796932,-212.34654905195987,0.6698526617976105,-2.111111111111111,-3.9573648612159538,1.811499022906853,1.8147861533512426,0.2726018607635547,-2.1850393700787403,-1.298270893371758,-19.525557761426594,1.2117944244077667,1.8911657055693685,Software—Application,Technology,ENV
2015Q3,2015,Q3,2015-11-09,2015-09-30,3302000.0,103367000.0,8328000.0,0.09,62340000.0,0.6030938307196687,497657000.0,247577000.0,259164000.0,69837000.0,249682000.0,0.0,-11094000.0,1079572866.48,1025480866.48,6.872979972341181,3.7109841488036426,0.29915584428632574,0.6013361499654652,0.01144190620416068,6.872979972341181,0.013337264770152317,10.444076605493049,81.736286075106,4.36055395485041,0.0,0.0,0.0,0.20770731648504895,3.348010366997437,0.0066350920413055575,61.120583506765556,0.6030938307196687,0.28571428571428553,2.749932891719078,1.9860921078338294,0.7397092342150462,0.03594396530235804,0.3020504731861199,0.28796783173523044,4.373008667822558,1.1918366773827376,0.7908216343715918,Software—Application,Technology,ENV
2015Q2,2015,Q2,2015-08-10,2015-06-30,2536000.0,102663000.0,6466000.0,0.07,60177000.0,0.5861605446947781,485628000.0,237012000.0,253447000.0,70147000.0,248060000.0,0.0,-14396000.0,1446428733.75,1400381733.75,6.624865046172552,3.613083952271658,0.3039919444513084,0.6228671965976407,0.009977989585679466,6.624865046172552,0.010699880174843468,14.08909474445516,142.5895833744085,6.1027658251480945,0.0,0.0,0.0,0.211402555042131,3.2525838596091066,0.005222104162033491,416.59813760080647,0.5861605446947781,0.0,1.357158986177266,0.5466360030389993,0.5085202790804575,0.04186360567184335,0.009956192751891677,-0.03232565100269381,4.411613968043075,1.4302556600183718,0.7474310333772309,Software—Application,Technology,ENV
2015Q1,2015,Q1,2015-05-08,2015-03-31,2511000.0,96454000.0,6682000.0,0.07,57759000.0,0.5988243100337985,458816000.0,216104000.0,260838000.0,65138000.0,242156000.0,0.0,-16932000.0,1971046171.44,1912988171.44,6.148568458518687,4.004390678252326,0.31910613404937926,0.6775024987968756,0.010180556333222101,6.148568458518687,0.011619405471439677,20.43509000601323,196.24115605734767,9.120822249657571,0.0,0.0,0.0,0.21022370623517925,3.624796585710338,0.005472782117450133,-331.9377183294038,0.5988243100337985,-0.3,1.7381669632919048,2.291381114892631,1.849196853526359,-0.008241899757894194,-0.3200649878147847,-0.053943083675492,2.0756663984352666,1.6783523958104916,0.6593695759798719,Software—Application,Technology,ENV
2014Q4,2014,Q4,2015-03-02,2014-12-31,3693000.0,96803000.0,7063000.0,0.1,58239000.0,0.6016239166141545,439358000.0,201435000.0,241995000.0,64680000.0,237367000.0,0.0,-19443000.0,1714522413.24,1655521413.24,5.773337124998202,3.7414192949907235,0.3304890317235603,0.7208429518206866,0.011555897686192838,5.773337124998202,0.01833345744284757,17.711459492371105,116.06569274573518,8.51154175411423,0.0,0.0,0.0,0.2203282971972742,3.5574984539270256,0.00840544612821435,88.25915851127355,0.6016239166141545,0.0,1.4580145600294587,0.6431801246328831,0.2794462829447736,0.17735414223911372,-0.019904458598726114,0.18665994623655913,0.8380263278969394,1.885210271151704,0.5856843182697329,Software—Application,Technology,ENV
2014Q3,2014,Q3,2014-11-07,2014-09-30,3768000.0,88577000.0,5952000.0,0.1,49466000.0,0.5584519683439267,287533000.0,172734000.0,141150000.0,88174000.0,114243000.0,0.0,-23136000.0,1560341025.0,1490168025.0,4.981622527036998,1.6008120307573661,0.1043358501458963,0.17367744624683037,0.01810887749815525,4.981622527036998,0.021813887248601897,17.615645427142486,103.5258111066879,9.033201483205392,0.0,0.0,0.0,0.30805855327910187,1.4790414407875336,0.013104582778324575,125.73255640612409,0.5584519683439267,0.0,0.6580390782800938,0.6714451870753587,0.0,0.05529717967316636,0.013175584834632966,0.42870859337494,0.7929463202817739,1.5323025172664966,0.3994206994213532,Software—Application,Technology,ENV
2014Q2,2014,Q2,2014-08-11,2014-06-30,3719000.0,84829000.0,4166000.0,0.1,46874000.0,0.5525704652889931,240388000.0,163180000.0,99686000.0,52977000.0,76652000.0,0.0,-26904000.0,1690052790.8400002,1629734790.8400002,4.72338239566609,1.8816845045963342,0.0,0.0,0.015133371350464622,4.72338239566609,0.02279078318421375,19.923054507774467,113.60935673837054,10.356984868488786,0.0,0.0,0.0,0.3528836713979067,1.6860335617343376,0.015470822170823835,212.79939446487032,0.5525704652889931,0.25000000000000006,1.888785764625038,0.7886067407615298,0.0,0.06285429232234366,0.24215096860387442,0.023335789732252518,0.3897843735863954,1.475618523310257,0.35676452564565214,Software—Application,Technology,ENV
2014Q1,2014,Q1,2014-05-09,2014-03-31,2994000.0,78539000.0,4071000.0,0.08,44102000.0,0.5615299405390952,224904000.0,152564000.0,84345000.0,50214000.0,72182000.0,0.0,-30623000.0,1370758539.92,1321411539.92,4.4719922156076874,1.6797108376150078,0.0,0.0,0.018043768418489897,4.4719922156076874,0.019624551008101516,17.453221201186672,114.45879591850368,8.98480991531423,0.0,0.0,0.0,0.3492112190089994,1.4857410283984547,0.013312346601216518,396.51678910037606,0.5615299405390952,3.0,0.46288498324951577,0.61049616640193,0.0,0.04934805367850005,3.307913669064748,1.8468531468531468,0.9648654305687057,1.4730305704729072,0.33222554009014926,Software—Application,Technology,ENV
2013Q4,2013,Q4,2014-03-17,2013-12-31,695000.0,74398000.0,1430000.0,0.02,42028000.0,0.5649076588080325,221242000.0,147772000.0,79407000.0,53023000.0,73470000.0,0.0,-33617000.0,1370242516.5,1323847516.5,4.346100437177611,1.4975953831356204,0.0,0.0,0.004576942731663198,4.346100437177611,0.004703191402972146,18.41773322535552,492.8929915467625,9.272680321711825,0.0,0.0,0.0,0.33627430596360547,1.3162212624710032,0.003141356523625713,118.14472465080186,0.5649076588080325,-0.5,1.0884505225735657,0.2959052202687329,-0.036847852592137985,0.05794693651512863,-0.4678407350689127,-0.17674150834772595,-0.3972114750533258,1.0267689602437629,0.08601327366008288,Software—Application,Technology,ENV
2013Q3,2013,Q3,2013-11-07,2013-09-30,1306000.0,69880000.0,1737000.0,0.04,39726000.0,0.5684888380080138,208501000.0,142959000.0,66231000.0,47023000.0,65542000.0,0.0,-34312000.0,1044269472.0,1010967472.0,4.24385574684309,1.4084809561278524,0.0,0.0,0.00890391844757046,4.24385574684309,0.009135486398198086,14.943753176874642,199.89844410413474,7.304678068537133,0.0,0.0,0.0,0.33515426784523816,1.1763817706228867,0.006263758926815698,1082.144530569948,0.5684888380080138,0.3333333333333334,-0.40846128953810157,0.3573135773497954,0.0,0.24167031318372195,0.16815742397137745,-0.011383039271485486,0.5860027396453471,1.158681220640048,0.0742174516979683,Software—Application,Technology,ENV
2013Q2,2013,Q2,2013-08-09,2013-06-30,1118000.0,51632000.0,1757000.0,0.03,31994000.0,0.619654477843198,176030000.0,134607000.0,59532000.0,33642000.0,41423000.0,0.0,-35618000.0,880872456.12,844812456.12,4.121312642684609,1.769573747101837,0.0,0.0,0.007313933779478257,4.121312642684609,0.008305660181119853,17.060591418500156,196.97505727191412,6.544031559428559,0.0,0.0,0.0,0.2933136397205022,1.5599250936329587,0.006351190138044652,189.80229608274078,0.619654477843198,0.4999999999999999,-0.08142906655049317,0.15151924912528392,0.0,0.07301204011134588,1.066543438077634,1.9880952380952381,0.1382630697716656,-0.14797109563851757,-0.061553155484690016,Software—Application,Technology,ENV
2013Q1,2013,Q1,2013-06-14,2013-03-31,541000.0,46625000.0,588000.0,0.02,29817000.0,0.6395067024128687,165649000.0,128693000.0,47659000.0,29182000.0,36956000.0,0.0,-36736000.0,560734584.32,532269584.32000005,3.9750763058480723,1.6331642793502845,0.0,0.0,0.004050242729615168,3.9750763058480723,0.0042038028486397865,12.026479020268098,259.11949367837343,4.35714906265298,0.0,0.0,0.0,0.2814686475620137,1.4745048317455967,0.0032659418408804157,235.10884038574426,0.6395067024128687,5.283982784810127,-0.7214538092693593,0.007476084359422952,0.0,0.04904478767195581,4.424050632911392,-0.7091988130563798,1.1726571207890992,0.7272536239530876,0.8420181835103314,Software—Application,Technology,ENV
2012Q4,2012,Q4,2013-06-14,2012-12-31,-158000.0,44379000.0,2022000.0,-0.004668552840808494,28423000.0,0.6404605782014016,162399000.0,125996000.0,43761000.0,28583000.0,36403000.0,0.0,-37277000.0,451121907.59999996,425024907.59999996,3.89616236850653,1.5310149389497254,0.0,0.0,-0.001214686607273725,3.89616236850653,-0.0012540080637480555,10.165211194483877,-713.8004867088607,3.580446264960792,0.0,0.0,0.0,0.2732713871390834,1.3704299758597769,-0.0009729123947807561,55.970459999999996,0.6404605782014016,-1.2334276420404247,0.9788580341112089,-0.1872402785550763,-0.13655995619058225,0.045155359441073725,-1.2867513611615244,1.1978260869565218,0.9788580341112089,-0.1872402785550763,-0.13655995619058225,Software—Application,Technology,ENV
2012Q3,2012,Q3,2012-11-08,2012-09-30,551000.0,42283000.0,920000.0,0.02,27195000.0,0.6431662843223045,157512000.0,123951000.0,35372000.0,26751000.0,33561000.0,0.0,-37119000.0,380131405.71999997,358998405.71999997,3.837891971163808,1.322268326417704,0.0,0.0,0.0044308565542706116,3.837891971163808,0.004445304999556276,8.990171125984437,172.4734145735027,3.0667877283765357,0.0,0.0,0.0,0.2684430392605008,1.189675152330754,0.0034981461729899944,51.27210759643916,0.6431662843223045,2.0,-0.7396933928365567,-0.14338299852537872,0.0,0.11395567935116536,1.8248502994011977,1.812720848056537,-0.7396933928365567,-0.14338299852537872,0.0,Software—Application,Technology,ENV
2012Q2,2012,Q2,2012-08-09,2012-06-30,-668000.0,37962000.0,-1132000.0,-0.02,24413000.0,0.6430904588799325,153012000.0,121887000.0,29677000.0,24382000.0,31125000.0,0.0,-37670000.0,385799484.0,372399484.0,3.791202582323827,1.217168402920187,0.0,0.0,-0.005549114650358062,3.791202582323827,-0.005480486023940207,10.16278078078078,-144.38603443113772,3.165222575007999,0.0,0.0,0.0,0.24809818837738218,0.9035764088261833,-0.004365670666352966,202.20098742138364,0.6430904588799325,-2.0,-1.5575695463514598,-0.13989192224660965,0.0,0.15613752604659972,-1.9027027027027028,-1.9188311688311688,-1.5575695463514598,-0.13989192224660965,0.0,Software—Application,Technology,ENV
2012Q1,2012,Q1,2012-05-09,2012-03-31,740000.0,32642000.0,1232000.0,0.02,21116000.0,0.6468966362355247,139154000.0,118044000.0,82529000.0,16156000.0,21110000.0,0.0,-37002000.0,398857126.96,328395126.96,3.7053641018384376,5.108256994305521,0.0012504132112623424,0.0014740266341364237,0.006229284629029729,3.7053641018384376,0.006268848903798583,12.219138746400342,134.74902937837837,3.3788852204262816,0.0,0.0,0.0,0.2345746439196861,4.9050507551374105,0.005317849289276629,100.44248979098464,0.6468966362355247,-0.6526954838709677,-0.6128064575210662,-0.28321470253340747,0.0,0.04612335892989844,-0.5954073264078732,-0.49611451942740287,-0.6128064575210662,-0.28321470253340747,0.0,Software—Application,Technology,ENV
2011Q4,2011,Q4,2012-03-09,2011-12-31,1829000.0,30542000.0,2445000.0,0.05758635166313099,20185000.0,0.6608931962543383,137702000.0,115639000.0,78785000.0,17143000.0,22063000.0,0.0,-37742000.0,379861536.08000004,315123536.08000004,3.6409120393509045,4.595753368721927,0.0012418120288739452,0.0014787398714966404,0.03481889313899847,3.6409120393509045,0.015816463303902663,12.437349750507499,51.92202516129033,3.284891222511437,0.0,0.0,0.0,0.22179779523899434,4.34888875926034,0.013282305267897344,75.59433553830847,0.6608931962543383,-0.04022747228115016,1.2491882477839784,-0.43048167370589374,-0.19312673512412618,-0.020668575032749503,-0.04987012987012987,-0.2420954742715437,1.2491882477839784,-0.43048167370589374,-0.19312673512412618,Software—Application,Technology,ENV
2011Q3,2011,Q3,2011-11-09,2011-09-30,1925000.0,32040000.0,3226000.0,0.06,20611000.0,0.6432896379525593,153312000.0,113062000.0,95042000.0,16647000.0,40250000.0,0.0,-39571000.0,317609980.0,234224980.0,3.5597747904521135,5.70925692316934,0.0010958046336881652,0.0014859103854522298,0.01809454442805718,3.5597747904521135,0.017026056499973467,9.912920724094882,41.24804935064935,2.809166475031399,0.0,0.0,0.0,0.20898559799624294,5.5351715023728,0.012556094761010227,70.50166037735849,0.6432896379525593,-0.14285714285714296,-0.07524332461915455,-0.3399504302196854,0.0,0.009501885683499045,-0.213322435635472,0.023801967629324024,-0.07524332461915455,-0.3399504302196854,0.0,Software—Application,Technology,ENV
2011Q2,2011,Q2,2011-08-10,2011-06-30,2447000.0,31334000.0,3151000.0,0.07,20417000.0,0.6515925193080998,148845000.0,109981000.0,89792000.0,16002000.0,38864000.0,0.0,-41496000.0,469132468.2,390696468.2,3.481357528432094,5.61129858767654,0.001101817326749303,0.0014911666560587739,0.01720824739249366,3.481357528432094,0.022249297605950118,14.971994261824216,47.929349019207194,4.265577401551177,0.0,0.0,0.0,0.21051429339245523,5.455130608673916,0.01643992072289966,81.48905127670662,0.6515925193080998,0.7500000000000001,1.078585584589938,-0.2775111658278005,0.0,0.06705341277307411,0.7428774928774928,0.23375097885669538,1.078585584589938,-0.2775111658278005,0.0,Software—Application,Technology,ENV
2011Q1,2011,Q1,2011-05-06,2011-03-31,1404000.0,29262000.0,2554000.0,0.04,19134000.0,0.6538855854008612,144363000.0,105517000.0,82889000.0,15055000.0,38846000.0,0.0,-43943000.0,422472476.15999997,369992476.15999997,3.356783127956754,5.505745599468615,0.1339332100330417,0.1832406152563094,0.012108150552784008,3.356783127956754,0.01330591279130377,14.437580348574942,75.22658051282052,4.003833279566326,0.0,0.0,0.0,0.202697367053885,5.339289272666888,0.009725483676565325,133.9481535066582,0.6538855854008612,0.1795940023068052,-0.25547828340279666,-0.34877628055606213,0.0,0.04660321627830653,0.6193771626297578,0.31378600823045266,-0.25547828340279666,-0.34877628055606213,0.0,Software—Application,Technology,ENV
2010Q4,2010,Q4,2011-03-18,2010-12-31,867000.0,27603000.0,1944000.0,0.03390997234792335,18282000.0,0.6623193131181393,141868000.0,102319000.0,78936000.0,15957000.0,39549000.0,0.0,-45347000.0,436184961.99999994,387640961.99999994,4.001885191080934,4.946794510246287,0.1348013646488285,0.18690565779571733,0.007994533932229913,4.001885191080934,0.008473499545538951,15.802085353041335,125.77421049596309,4.262990861912255,0.0,0.0,0.0,0.19456819014858884,4.813122767437489,0.006111314743282488,101.9361911661603,0.6623193131181393,0.6954986173961676,1.14673557792327,-0.3606053547845571,-0.11313040939007513,0.06507427905621906,0.3872,0.5589414595028067,1.14673557792327,-0.3606053547845571,-0.11313040939007513,Software—Application,Technology,ENV
2010Q3,2010,Q3,2010-11-05,2010-09-30,625000.0,24570000.0,1247000.0,0.02,17165000.0,0.6986161986161986,137382000.0,101009000.0,73924000.0,14678000.0,36373000.0,0.0,-46214000.0,267438142.00000003,221063142.00000003,3.9506486700016037,5.036380978334923,0.1251255623007381,0.17018285499311941,0.006021692153635648,3.9506486700016037,0.006187567444485145,10.884743264143266,106.97525680000001,2.647666465364473,0.0,0.0,0.0,0.17884439009477224,4.859449516282872,0.004549358722394491,1109.7018340248965,0.6986161986161986,1.0,-0.627025416996332,-0.37123019166889654,0.0,0.03722279291800109,0.5903307888040712,0.5804816223067174,-0.627025416996332,-0.37123019166889654,0.0,Software—Application,Technology,ENV
2010Q2,2010,Q2,2010-06-30,2010-06-30,393000.0,24247000.0,789000.0,0.01,16549000.0,0.6825174248360621,98327000.0,57392000.0,33203000.0,19396000.0,40935000.0,0.0,-44499000.0,133690673.16000001,127857673.16000001,4.391631413938196,1.71184780367086,0.17286198094114535,0.2961562587120156,0.0059632587932234435,4.391631413938196,0.006847644270978534,5.513699557058605,85.04495748091603,2.3294304634792304,0.0,0.0,0.0,0.246595543441781,1.5102082903691483,0.003996867594862042,-17.794579150805273,0.6825174248360621,1.0999999999999999,-0.19300646937990248,0.351502564327019,0.0,0.13256227758007116,1.1565113500597373,1.2955056179775282,-0.19300646937990248,0.351502564327019,0.0,Software—Application,Technology,ENV
2010Q1,2010,Q1,2010-03-31,2010-03-31,-2511000.0,21632000.0,-2670000.0,-0.1,14612000.0,0.6754807692307693,76765000.0,55988000.0,39341000.0,15146000.0,20777000.0,0.0,-45993000.0,265411068.78,234007068.78,2.1580005786222887,2.5974514723359303,0.0,0.0,-0.04565251728278684,2.1580005786222887,-0.04484889619204115,12.269372632211539,-26.424837592592592,4.740499192326927,0.0,0.0,0.0,0.2817950889077053,2.426581275584313,-0.03271021950107471,-253.01341161105816,0.6754807692307693,0.5672789808917197,-2.613291067623474,-0.41671792122012874,0.0,-0.01701984527413387,0.15822996982903118,-3.344161545215101,-2.613291067623474,-0.41671792122012874,0.0,Software—Application,Technology,ENV
2009Q4,2009,Q4,2009-12-31,2009-12-31,-2983000.0,21795000.0,1139000.0,-0.23109577668788234,14865000.0,0.6820371644872677,75058000.0,58246000.0,39600000.0,12338000.0,16812000.0,0.0,-42381000.0,132049535.64,100524535.64,4.512371642293797,3.2095963689414817,0.0,0.0,0.024305224106948686,4.512371642293797,-0.05121381725783745,6.058707760495526,-11.066840063694269,2.2671004985750094,0.0,0.0,0.0,0.2903754429907538,3.083076673691036,-0.039742599056729465,36.89565119865885,0.6820371644872677,-12.554788834394117,0.0,0.0,0.0,0.10405525846702317,-4.526004728132388,-0.1537890044576523,0.0,0.0,0.0,Software—Application,Technology,ENV
2009Q3,2009,Q3,2009-09-30,2009-09-30,846000.0,19728000.0,1346000.0,0.02,13464000.0,0.6824817518248175,,,,,,,,132049535.64,,,0.0,0.0,0.0,0.0,,0.0,6.69350849756691,39.02173039007092,0.0,0.0,0.0,0.0,0.0,0.0,0.0,73.03624758849557,0.6824817518248175,1.0,0.0,0.0,0.0,0.10270270270270271,0.7588357588357588,0.8042895442359249,0.0,0.0,0.0,Software—Application,Technology,ENV
2009Q2,2009,Q2,2009-06-30,2009-06-30,481000.0,17720000.0,746000.0,0.01,12210000.0,0.6890519187358917,,,,,,,,132045525.48,,,0.0,0.0,0.0,0.0,,0.0,7.451779090293454,68.6307304989605,0.0,0.0,0.0,0.0,0.0,0.0,0.0,115.93110226514487,0.6890519187358917,-0.5398278956329667,0.0,0.0,0.0,-0.043178434291983384,-0.3864795918367347,-0.3098982423681776,0.0,0.0,0.0,Software—Application,Technology,ENV
2009Q1,2009,Q1,2009-03-31,2009-03-31,784000.0,18681000.0,1081000.0,0.021731,12761000.0,0.6831004764198919,,,,,,,,133690673.16000001,,,0.0,0.0,0.0,0.0,,0.0,7.156505174241208,42.63095445153061,0.0,0.0,0.0,0.0,0.0,0.0,0.0,-52.53071636935167,0.6831004764198919,0.0,0.0,0.0,0.0,0.0,0.0,0.0,0.0,0.0,0.0,Software—Application,Technology,ENV
