Quarters,Year,Quarter,FillingDate,Date,NetIncome,Revenue,OperatingIncome,EPSDiluted,GrossProfit,GrossProfitRatio,TotalAssets,CommonStockEquity,CurrentAssets,CurrentLiability,TotalLiability,Inventory,RetainedEarnings,MarketCap,EnterpriseValue,bookValuePerShare,currentRatio,debtToAssets,debtToEquity,roic,shareholdersEquityPerShare,roe,priceToSalesRatio,peRatio,pbRatio,payoutRatio,inventoryTurnover,dividendYield,assetTurnover,quickRatio,returnOnAssets,priceToFreeCashFlowsRatio,grossProfitMargin,epsdilutedGrowth,fiveYNetIncomeGrowthPerShare,fiveYRevenueGrowthPerShare,fiveYShareholdersEquityGrowthPerShare,grossProfitGrowth,netIncomeGrowth,operatingIncomeGrowth,threeYNetIncomeGrowthPerShare,threeYRevenueGrowthPerShare,threeYShareholdersEquityGrowthPerShare,Industry,Sector,Symbol
2023Q1,2023,Q1,2023-05-02,2023-03-31,-3231000.0,158044000.0,-882000.0,-0.0488,12135000.0,0.076782415,1024995000.0,364022000.0,208590000.0,163154000.0,660973000.0,28682000.0,53083000.0,359813520.0,735812520.0,5.493510805263793,1.2784853573924022,0.3985560905175147,1.1222343704501376,-0.0008244572236918498,5.493510805263793,-0.008875837174676255,2.2766667510313585,-27.840724233983288,0.9884389405035959,0.0,5.087127815354577,0.0,0.15419002043912408,0.39944469642178554,-0.003152210498587798,-14.801658644946317,0.0767824150236643,0.8961702127659574,0.6766367394628409,0.005729074835049822,0.6055704930798828,1.7508352926617994,0.896339311495396,0.9759758123825348,-1.0924704755073542,-0.2938312043341659,0.15476435351280465,Engineering & Construction,Industrials,GLDD
2022Q4,2022,Q4,2023-02-17,2022-12-31,-31169000.0,146658000.0,-36713000.0,-0.47,-16162000.0,-0.1102019665,981780000.0,368220000.0,182841000.0,160333000.0,613560000.0,29229000.0,56314000.0,393741250.0,800599250.0,5.56433698526634,1.140382828238728,0.4210760048075944,1.122709249904948,-0.033069502117679506,5.56433698526634,-0.08464776492314377,2.684758076613618,-3.1581158362475534,1.0693097876269622,0.0,5.570495056279722,0.0,0.14937969809937054,0.731964099717463,-0.031747438326305284,-12.253104188709777,-0.11020196647983745,-2.1333333333333333,-2.2843164471795867,-0.2880965022181463,0.5486888312329387,-5.254277441431956,-2.145206861755802,-2.7669813256720706,-2.8884284390846466,-0.136135621407552,0.275400788383071,Engineering & Construction,Industrials,GLDD
2022Q3,2022,Q3,2022-11-01,2022-09-30,-9910000.0,158346000.0,-9746000.0,-0.15,3799000.0,0.0239917649,1003520000.0,396906000.0,232779000.0,147034000.0,606614000.0,27302000.0,87483000.0,501121380.0,870655380.0,6.003630258202115,1.583164438157161,0.40693459024234696,1.0288758547363859,-0.008165162671542768,6.003630258202115,-0.024968128473744414,3.164723958925391,-12.641810797174571,1.2625694244984957,0.0,5.660647571606476,0.0,0.15779057716836734,1.1503529795829537,-0.009875239158163265,-13.062281826712542,0.023991764869336768,-1.459016393442623,-0.8631178231530484,-0.09861844823894947,0.6132768005527115,-0.6375345863944281,-1.4572278700719068,-5.679917751884853,-2.2038136725238666,-0.0990610844466228,0.4643341783757228,Engineering & Construction,Industrials,GLDD
2022Q2,2022,Q2,2022-08-02,2022-06-30,-4033000.0,149428000.0,-1459000.0,-0.061,10481000.0,0.0701408036,1015150000.0,412188000.0,283120000.0,141565000.0,602962000.0,31132000.0,97393000.0,866190810.0,1190112810.0,6.2385615474262535,1.9999293610708861,0.39338225877949073,0.9688346094500567,-0.0013537004841927627,6.2385615474262535,-0.00978437023882306,5.796710188184276,-53.69395053310191,2.1014459664036798,0.0,4.463156880380316,0.0,0.14719795104171798,1.464768834104475,-0.003972811899719254,-12.681035487365678,0.0701408035977193,-1.3588235294117648,-4.395302546989338,-0.21557419822401044,0.6580986076232083,-0.6829224020571775,-1.3647463145518677,-1.0777221393564884,-1.4708312374020887,-0.22163276951920416,0.5778863647080336,Engineering & Construction,Industrials,GLDD
2022Q1,2022,Q1,2022-05-03,2022-03-31,11057000.0,194349000.0,18772000.0,0.17,33055000.0,0.1700806281,1018839000.0,415404000.0,328042000.0,151854000.0,603435000.0,30394000.0,101426000.0,923833410.0,1166233410.0,6.3086245387033575,2.1602460257879277,0.37786441233600204,0.9267676767676768,0.016745291753881734,6.3086245387033575,0.02661746155549778,4.7534765293364,20.887976168942753,2.22393961059595,0.0,5.3067710732381395,0.0,0.19075535977715813,1.6745031411750761,0.01085254883254371,-362.42974107493137,0.1700806281483311,-0.5405405405405405,1.6107939367923907,0.05656274425880055,0.6638858257140411,-0.37621482893321506,-0.5524750070830129,-0.4904866596096952,-0.3849534907031439,-0.03654162296296305,0.6579066447788317,Engineering & Construction,Industrials,GLDD
2021Q4,2021,Q4,2022-02-23,2021-12-31,24707000.0,209964000.0,36843000.0,0.37,52991000.0,0.2523813606,997670000.0,398997000.0,327432000.0,154735000.0,598673000.0,30760000.0,90369000.0,1033432800.0,1225673800.0,6.069318527532705,2.1160823343135036,0.33848867862118737,0.8463722784883094,0.03778780179499433,6.069318527532705,0.061922771349158016,4.921952334685946,10.456882664831829,2.590076617117422,0.0,5.10315344603381,0.0,0.2104543586556677,1.4761495459979965,0.02476470175508936,-36.060883522925536,0.2523813606142005,0.761904761904762,4.280255952992188,-0.08784213650503941,0.49224585750156646,0.4605716490725173,0.7895842387367811,0.7212333566923615,4.050804299898459,0.6735005485630768,0.765069021083487,Engineering & Construction,Industrials,GLDD
2021Q3,2021,Q3,2021-11-02,2021-09-30,13806000.0,168638000.0,21405000.0,0.21,36281000.0,0.21514130860185723,950786000.0,374780000.0,314417000.0,145002000.0,576006000.0,30427000.0,65662000.0,991277190.0,1190685190.0,5.705195536679302,2.168363194990414,0.3925657298277425,0.9959069320668126,0.021733952635971544,5.705195536679302,0.03683761139868723,5.878136540993133,17.950115710560624,2.6449575484284114,0.0,4.349985210503829,0.0,0.17736693640840315,1.7301071709355733,0.01452061767842606,-101.50288654515667,0.21514130860185723,6.0,1.802717327295496,-0.21500909475603452,0.3628043608849386,0.5828025477707006,5.558669833729216,1.4224762335898598,0.11993825569529327,-0.21652234188005712,0.5851564295954192,Engineering & Construction,Industrials,GLDD
2021Q2,2021,Q2,2021-08-03,2021-06-30,2105000.0,169914000.0,8836000.0,0.03,22922000.0,0.13490353943759784,949633000.0,360097000.0,323152000.0,160181000.0,589536000.0,32758000.0,51856000.0,959088060.0,1152149060.0,5.485437041099229,2.017417796118141,0.3936552331269027,1.0381313923748323,0.008054554269512968,5.485437041099229,0.005845647145074799,5.644549948797627,113.90594536817102,2.66341585739398,0.0,4.4872092313328045,0.0,0.17892596403031488,1.5673769048763586,0.002216645798956018,136.0215657353567,0.13490353943759784,-0.7692307692307693,2.1324925180428593,-0.18237723369081332,0.3361942271437611,-0.3069899625105817,-0.7611754027683231,-0.46924555502162424,3.0499478692290256,0.07024375967157516,0.6148420825010434,Engineering & Construction,Industrials,GLDD
2021Q1,2021,Q1,2021-05-04,2021-03-31,8814000.0,177633000.0,16648000.0,0.13,33076000.0,0.18620413999650967,959982000.0,356610000.0,349677000.0,169297000.0,603372000.0,33756000.0,49751000.0,951622020.0,1155791020.0,5.463696394919487,2.0654648339899704,0.39779600034167306,1.0708533131432096,0.01805812701772061,5.463696394919487,0.024716076385967865,5.357236662106703,26.99177501701838,2.6685230924539414,0.0,4.282409053205356,0.0,0.18503784445958363,1.6087585722133293,0.009181422151665343,-26.231380450962014,0.18620413999650967,-0.1875,3.025014647702465,0.00952658938280361,0.32295490304652635,-0.009315002845418875,-0.1691959656895089,-0.03657407407407407,1.895565702313009,0.1476179503842421,0.5968567325696593,Engineering & Construction,Industrials,GLDD
2020Q4,2020,Q4,2021-02-24,2020-12-31,10609000.0,172145000.0,17280000.0,0.16,33387000.0,0.19394696331580935,958024000.0,346668000.0,362693000.0,176287000.0,611356000.0,34689000.0,40937000.0,853323810.0,1025899810.0,5.350392789344528,2.057400715878085,0.40613387556052877,1.12235914477252,0.018636559742205454,5.350392789344528,0.03060276691243495,4.957006070463853,20.108488311810728,2.4615015230710653,0.0,4.000057655164461,0.0,0.17968756523844914,1.6314646003392195,0.011073835311015173,-58.66381204454833,0.19394696331580935,-0.15789473684210525,12.84474141556838,-0.2791831529732564,0.28160082977783857,-0.08153833457126351,-0.15445923328285646,-0.2547226774777883,2.1417274344192543,-0.14655479483129358,0.4891430151530446,Engineering & Construction,Industrials,GLDD
2020Q3,2020,Q3,2020-11-04,2020-09-30,12547000.0,175841000.0,23186000.0,0.19,36351000.0,0.20672653135503097,954465000.0,332899000.0,364731000.0,188597000.0,621566000.0,32980000.0,30335000.0,616818600.0,776904600.0,5.132577860006167,1.9339172945486938,0.40840785151891373,1.1709587592633202,0.0221806550362514,5.132577860006167,0.03769011021360833,3.5078201329610272,12.290160994660079,1.8528700897269141,0.0,4.2295330503335355,0.0,0.18422990890184554,1.5776019767016443,0.01314558417542812,-1204.723828125,0.20672653135503097,0.35714285714285704,36.50895973180894,-0.25720861563719033,0.23173887258931813,0.10101163072449722,0.4003348214285714,0.2703961426771136,3.404381324386319,0.02027793653272714,0.3792103165024179,Engineering & Construction,Industrials,GLDD
2020Q2,2020,Q2,2020-08-04,2020-06-30,8960000.0,167920000.0,18251000.0,0.14,33016000.0,0.19661743687470223,948068000.0,321002000.0,347836000.0,196470000.0,627066000.0,30377000.0,19856000.0,600640640.0,761861640.0,4.948846817957572,1.7704280551738178,0.41637097760920105,1.2297368863745397,0.017180761256980932,4.948846817957572,0.02791259867539766,3.576945212005717,16.758946428571427,1.871142983532813,0.0,4.44099153965171,0.0,0.17711809701413822,1.4651448058227718,0.009450798887843488,23.981499640661184,0.19661743687470223,-0.7307692307692307,2.0666110300951837,-0.3446310276795729,0.18679457196134422,-0.5178315857113649,-0.7363697884485244,-0.6559530990800784,13.209636762495931,-0.10209691206047529,0.3153153905456434,Engineering & Construction,Industrials,GLDD
2020Q1,2020,Q1,2020-05-05,2020-03-31,33987000.0,217695000.0,53048000.0,0.52,68474000.0,0.3145409862422196,955879000.0,306629000.0,350308000.0,216107000.0,649250000.0,29440000.0,10896000.0,534976500.00000006,671533500.0,4.757257001008456,1.6209933042428057,0.3599106163018541,1.1219780255618352,0.05435550522618775,4.757257001008456,0.11084078805331525,2.45745883001447,3.935155353517522,1.7447028819844177,0.0,5.068648097826087,0.0,0.22774326039174414,1.3353014941672412,0.035555755487880786,25.071539038335366,0.3145409862422196,1.08,4.787559105876179,0.16605687296482788,0.15346060263112718,0.9812505425190243,1.127778125586928,1.3905186787436348,2.9180044907238676,0.20904041186494912,0.25471605493323196,Engineering & Construction,Industrials,GLDD
2019Q4,2019,Q4,2020-02-26,2019-12-31,15973000.0,164295000.0,22191000.0,0.25,34561000.0,0.2103594144678779,897552000.0,279399000.0,300712000.0,203933000.0,618153000.0,30189000.0,-23091000.0,725584530.0,882783530.0,4.362814446994894,1.4745627240319124,0.383480845678022,1.2319084892930898,0.029915065253834992,4.362814446994894,0.05716913804272743,4.416351867068383,11.356422243786389,2.596947483706098,0.0,4.297393090198416,0.0,0.1830478902615113,1.1245850352811952,0.017796183396616577,97.19819557937039,0.2103594144678779,1.0833333333333335,-0.21097328256006256,-0.3715735968230132,0.02518801757832929,0.08569723243175321,1.0086770623742454,0.20787067276290006,3.1769367134651225,-0.2673085726506082,0.07267261654542259,Engineering & Construction,Industrials,GLDD
2019Q3,2019,Q3,2019-11-05,2019-09-30,7952000.0,169775000.0,18372000.0,0.12,31833000.0,0.18750110440288617,892768000.0,261824000.0,296454000.0,217199000.0,630944000.0,27547000.0,-39064000.0,667347450.0,829958450.0,4.099904480042593,1.3648957868130147,0.3847203304777949,1.311820153996578,0.019897623119570645,4.099904480042593,0.030371547298948913,3.930775732587248,20.98049075704225,2.548839869530677,0.0,5.0075144298834715,0.0,0.1901669862719094,1.0924589892218657,0.008907129287788093,12.35439676398171,0.18750110440288617,-0.07692307692307698,4.583992036395322,-0.21059140199843396,0.0450184033459728,-0.15080296644080457,-0.035653650254668934,-0.19392769392769393,0.6605729494183779,-0.1870701335272399,-0.02065272457500043,Engineering & Construction,Industrials,GLDD
2019Q2,2019,Q2,2019-08-02,2019-06-30,8246000.0,184811000.0,22792000.0,0.13,37486000.0,0.2028342468792442,869131000.0,251478000.0,266712000.0,203175000.0,617653000.0,27477000.0,-47016000.0,727005150.0,944631150.0,3.9537457747032465,1.3127205610926542,0.39487833249533155,1.3647356826442074,0.02489379859834181,3.9537457747032465,0.032790144664742046,3.933776398590993,22.04114570700946,2.890929425237993,0.0,5.361757105943153,0.0,0.2126388312003599,1.0212919896640826,0.009487637651861457,-38.06110413067378,0.2028342468792442,-0.5185185185185185,6.4007463754118765,-0.05831212098781368,0.0007318223798589267,-0.2484311406058905,-0.5196877912395154,-0.3445489316423662,5.578714697619045,-0.08215649244435305,-0.03690950417072721,Engineering & Construction,Industrials,GLDD
2019Q1,2019,Q1,2019-05-03,2019-03-31,17168000.0,192637000.0,34773000.0,0.27,49877000.0,0.25891703047701115,851851000.0,239277000.0,250667000.0,198086000.0,612574000.0,26629000.0,-55001000.0,565938000.0,785724000.0,3.8051747717947904,1.2654453116323212,0.4023849241240546,1.4325321698282742,0.03960124349436679,3.8051747717947904,0.0717494786377295,2.9378468310864476,8.241175442684064,2.3652001654985644,0.0,5.361072514927335,0.0,0.22613931309583485,0.8778762759609463,0.020153759284194068,5.616916114176823,0.25891703047701115,3.2500000000000004,4.137908897545823,0.04892450083332005,-0.044175955934693575,0.540316852475217,3.22961038961039,0.5707380973891047,5.094071660036163,0.1363560547986068,-0.07863207297245019,Engineering & Construction,Industrials,GLDD
2018Q4,2018,Q4,2019-02-26,2018-12-31,-7700000.0,119290000.0,22138000.0,-0.12,32381000.0,0.27144773241679937,730271000.0,214928000.0,206698000.0,163121000.0,515343000.0,28112000.0,-74971000.0,413783100.0,712775100.0,3.438572914166867,1.2671452480060814,0.45661131278662304,1.5514497878359264,0.026758293578082785,3.438572914166867,-0.035825951016154246,3.4687157347640203,-13.434516233766233,1.9252172820665525,0.0,3.091526750142288,0.0,0.1633503178956853,0.7184237467891933,-0.0105440309145509,14.284144573322287,0.27144773241679937,-1.6666666666666667,0.3320789586355862,-0.40364395412233695,-0.15579132795601935,-0.23147576778848436,-1.6580071782601264,-0.053486681773483265,-7.911589827304833,-0.4822168856794813,-0.17634497623720444,Engineering & Construction,Industrials,GLDD
2018Q3,2018,Q3,2018-11-06,2018-09-30,11702000.0,204322000.0,23389000.0,0.18,42134000.0,0.20621372147884223,750306000.0,224435000.0,217358000.0,139774000.0,525871000.0,32004000.0,-67271000.0,385996020.0,716387020.0,3.5991372398088455,1.5550674660523416,0.4711650979733602,1.5751464789359948,0.030568331677822618,3.5991372398088455,0.05213981776460891,1.8891554507101536,8.246368569475305,1.719856617728964,0.0,5.067741532308461,0.0,0.27231822749651474,1.0441355330748208,0.015596303374889712,8.43209515695655,0.20621372147884223,9.999999999999998,6.7144692852658485,-0.019028301537511033,-0.1528009263696597,0.8945143884892086,13.014373716632443,1.8754610277846078,35.38647478866857,-0.10226819751282737,-0.13626303059121037,Engineering & Construction,Industrials,GLDD
2018Q2,2018,Q2,2018-08-01,2018-06-30,-974000.0,150590000.0,8134000.0,-0.02,22240000.0,0.14768576930739094,758205000.0,211514000.0,224134000.0,124913000.0,546691000.0,32340000.0,-78973000.0,326901750.0,706917750.0,3.3968875969614722,1.7943208473097276,0.5190601486405392,1.8606522499692693,0.014232169664868427,3.3968875969614722,-0.0046048961298070104,2.1708064944551433,-83.90702002053388,1.5455324470247833,0.0,3.968769325912183,0.0,0.1986138313516793,1.207616501084755,-0.001284613000441833,19.92695824443767,0.14768576930739094,0.8666666666666667,0.9631664114926981,-0.059658968797390036,-0.19235220450671622,0.5124107446446787,0.895504774165862,8.821153846153846,-1.347260531460993,-0.38775482809623874,-0.18538441177686665,Engineering & Construction,Industrials,GLDD
2018Q1,2018,Q1,2018-05-04,2018-03-31,-9321000.0,146593000.0,-1040000.0,-0.15,14705000.0,0.10031174749135362,788258000.0,211502000.0,239284000.0,134528000.0,576756000.0,33052000.0,-77999000.0,284349000.0,685272000.0,3.421531990617164,1.778692911512845,0.5247761519705477,1.955816020652287,-0.0012290860507180527,3.421531990617164,-0.044070505243449236,1.9397174489914253,-7.626569037656903,1.3444270030543446,0.0,3.9903182863366817,0.0,0.18597083695947267,1.2287330518553758,-0.011824808628646965,-97.41315519013361,0.10031174749135362,-0.07142857142857129,-21.674759764244758,-0.25446334147525485,-0.2608429145542291,2.6771213503649633,-0.05524736782520095,0.9656050534113834,-0.08310817670127041,-0.1812576584857182,-0.17040379551023974,Engineering & Construction,Industrials,GLDD
2017Q4,2017,Q4,2018-03-01,2017-12-31,-8833000.0,191741000.0,-30237000.0,-0.14,-8768000.0,-0.04572835230858293,832357000.0,221296000.0,262184000.0,150250000.0,611061000.0,34600000.0,-67101000.0,332596800.0,747643800.0,3.592934147291856,1.7449850249584027,0.5176853201210538,1.9471612681657147,-0.010683641731904473,3.592934147291856,-0.03991486515797846,1.7346149232558503,-9.413472206498358,1.5029498951630396,0.0,5.795057803468208,0.0,0.2303590887083307,1.2124658901830283,-0.010612033057930672,564.6804753820034,-0.04572835230858293,-0.7500000000000001,-0.40187796093338146,-0.07386011077906539,-0.2211578128500969,-1.5251871817909555,-0.7862487360970677,-29.176646706586826,-1.4536775053118713,-0.23743149743881947,-0.15572090436053926,Engineering & Construction,Industrials,GLDD
2017Q3,2017,Q3,2017-11-07,2017-09-30,-4945000.0,163317000.0,-1002000.0,-0.08,16695000.0,0.10222450816510223,841691000.0,228724000.0,255971000.0,126691000.0,612967000.0,35540000.0,-58269000.0,298090700.0,713666700.0,3.721388825615828,2.0204355479079017,0.5061774451669319,1.862703520400133,-0.00098803843330539,3.721388825615828,-0.021619943687588534,1.8252276248032966,-15.07030839231547,1.3032768751858133,0.0,4.125548677546426,0.0,0.1940343902928747,1.3611621977883197,-0.005875077671021788,-23.14728218667495,0.10222450816510223,-6.0711239193083575,-1.2360563869510304,-0.05586227783945715,-0.2488206086187896,-0.35225420966865834,-6.1253602305475505,-1.1201727032861597,-1.315719683432456,-0.2109790522975126,-0.05146087483135795,Engineering & Construction,Industrials,GLDD
2017Q2,2017,Q2,2017-08-03,2017-06-30,-694000.0,176859000.0,8338000.0,-0.011313618727788464,25774000.0,0.1457319107311474,839488000.0,230798000.0,255399000.0,126128000.0,608690000.0,35770000.0,-53323000.0,263770600.0,673282600.0,3.7624792148935478,2.024919129772929,0.5028719886406953,1.8291103042487369,0.00620375057321574,3.7624792148935478,-0.0030069584658445913,1.4914174568441527,-95.01822766570605,1.1428634563557742,0.0,4.2237908862175,0.0,0.2106748399024167,1.3116040847393124,-0.0008266943660898071,-22.146985726280437,0.1457319107311474,0.9580977084155983,-1.1508762978909108,0.024425651449177424,-0.24627620796597488,0.5927573847484859,0.9586609482964021,14.362179487179487,0.5286936966585937,-0.06558531768774115,-0.04767961929232405,Engineering & Construction,Industrials,GLDD
2017Q1,2017,Q1,2017-05-03,2017-03-31,-16788000.0,170586000.0,-624000.0,-0.27,16182000.0,0.09486124300939115,877627000.0,231528000.0,292121000.0,179753000.0,646099000.0,38307000.0,-52629000.0,244260000.0,641547000.0,3.791500859739622,1.6251244763647894,0.4605396142096813,1.74571542102899,-0.0006093748609372564,3.791500859739622,-0.07250958847310045,1.4318877281840245,-3.6374195854181557,1.0549911889706645,0.0,4.030699349988253,0.0,0.19437186868681114,0.967861454328996,-0.019128855424912862,-10.850213219616204,0.09486124300939115,-1.4545454545454548,-16.197319121179586,0.0646616671835892,-0.236925279426106,-0.2676833959360999,-1.4041243018759846,0.6731272917757989,-2.159756175810074,-0.04350678395705984,-0.04761071378488291,Engineering & Construction,Industrials,GLDD
2016Q4,2016,Q4,2017-02-28,2016-12-31,-6983000.0,213405000.0,-1909000.0,-0.11,22097000.0,0.10354490288418734,893588000.0,247890000.0,307226000.0,179834000.0,645698000.0,37137000.0,-35841000.0,255981600.0,637681600.0,4.067237645205749,1.708386623219191,0.4396511591471685,1.584844084069547,-0.0017030428958926455,4.067237645205749,-0.02816975271289685,1.1995107893442047,-9.164456537304883,1.0326418976158782,0.0,5.15141233809947,0.0,0.23881811304538558,1.0802740304947895,-0.007814563311056101,347.8010869565217,0.10354490288418734,-2.375,-1.990651057367024,0.3036506330247963,-0.17757852341290678,0.1023696682464455,-2.531359649122807,-1.1484447900466563,0.37879957717065904,0.0941112386964476,-0.0014470022723482789,Engineering & Construction,Industrials,GLDD
2016Q3,2016,Q3,2016-11-02,2016-09-30,4560000.0,198869000.0,12860000.0,0.08,20045000.0,0.10079499570068738,904134000.0,254577000.0,319266000.0,248042000.0,649557000.0,35734000.0,-28858000.0,212838500.0,588748500.0,4.186364309088816,1.2871449190056523,0.43080450464201103,1.5300086025053323,0.01228701648834489,4.186364309088816,0.017912065897547697,1.0702447339706038,11.668777412280702,0.8360476398103521,0.0,5.004309621089159,0.0,0.21995522787551403,0.8272429669168931,0.005043500189131257,-10.147730523505292,0.10079499570068738,3.666666666666667,-0.2111834132772924,0.21612945976272066,-0.13430447218501232,-0.1736065303430079,3.6527050610820244,2.3682556312205345,2.0826259897185295,-0.020919345868762953,-0.014573846945738236,Engineering & Construction,Industrials,GLDD
2016Q2,2016,Q2,2016-08-04,2016-06-30,-1719000.0,192192000.0,3818000.0,-0.03,24256000.0,0.1262071262071262,879909000.0,249235000.0,318251000.0,219707000.0,630674000.0,35053000.0,-33418000.0,264699960.00000003,619251960.0,4.105269226334602,1.4485246259791449,0.42707598172083705,1.5077657632355006,0.004242683141987648,4.105269226334602,-0.006897105141733705,1.3772683566433568,-38.49621291448517,1.0620497121190844,0.0,4.790916611987562,0.0,0.21842258688114338,0.9425780698839819,-0.0019536111120581788,-20.467019253073534,0.1262071262071262,0.5714285714285715,-1.9771480812859987,0.202768470223595,-0.1404408235755094,0.21340670335167583,0.5739776951672863,43.89887640449438,0.9333267681034298,0.2308782999654832,-0.02392659576920188,Engineering & Construction,Industrials,GLDD
2016Q1,2016,Q1,2016-05-03,2016-03-31,-4035000.0,163119000.0,-89000.0,-0.07,19990000.0,0.12254856883624839,872502000.0,249889000.0,298497000.0,171783000.0,622613000.0,35042000.0,-31699000.0,269861220.0,621010220.0,4.129918852364189,1.7376399294458706,0.4206786918540015,1.4688241579261192,-8.703621248557107e-05,4.129918852364189,-0.016147169343188376,1.65438250602321,-16.720026022304832,1.07992436641869,0.0,4.0844986016779865,0.0,0.18695544537433725,1.11460388979119,-0.004624631232937002,-22.56930835493853,0.12254856883624839,-6.0,-2.6388653213125015,0.020205693605675704,-0.1372091016033887,-0.3075617444317434,-3.8323353293413174,-1.0136168910648715,-10.143442873080438,-0.15248269734473338,-0.10780937006804697,Engineering & Construction,Industrials,GLDD
2015Q4,2015,Q4,2016-02-29,2015-12-31,-835000.0,222642000.0,6536000.0,-0.01,28869000.0,0.12966556175384697,901625000.0,252173000.0,329733000.0,205690000.0,649452000.0,35963000.0,-27664000.0,239199840.0,581812840.0,4.174773193828223,1.6030579999027663,0.39572660474143906,1.4148897780491965,0.017888128041337558,4.174773193828223,-0.0033112188854476886,1.074369795456383,-71.61671856287425,0.9485545240767252,0.0,5.388121124489058,0.0,0.24693414667960625,1.0994992464388158,-0.0009261056425897685,20.003331660812844,0.12966556175384697,-2.9500780031201246,-1.1196788823687807,0.259340424980745,-0.12023157234662434,0.19862985260535604,-3.676282051282051,-0.3256293850598432,0.8648714672992663,0.09654713403467106,-0.09503226281318226,Engineering & Construction,Industrials,GLDD
2015Q3,2015,Q3,2015-11-04,2015-09-30,312000.0,220802000.0,9692000.0,0.005128,24085000.0,0.10907962790192118,905971000.0,252083000.0,334185000.0,188759000.0,653888000.0,37250000.0,-26829000.0,304899840.0,658857840.0,4.166936656969056,1.7704321383351258,0.401093412482298,1.441505377197193,0.004661504897353086,4.166936656969056,0.0012376875870249084,1.380874448601009,244.31076923076924,1.20952162581372,0.0,5.280993288590604,0.0,0.2437186179248563,1.165846396728103,0.00034438188418834596,-22.452123711340207,0.10907962790192118,-0.89744,-0.9606080603338577,0.2359997787852032,-0.10234314128983492,-0.25403413138414843,-0.8854625550660793,-0.30716991922224607,1.143334612729888,0.2968417610215053,-0.15888473669824366,Engineering & Construction,Industrials,GLDD
2015Q2,2015,Q2,2015-08-04,2015-06-30,2724000.0,238877000.0,13989000.0,0.05,32287000.0,0.135161610368516,902249000.0,252168000.0,339775000.0,192179000.0,650081000.0,34205000.0,-27141000.0,360419080.0,700770080.0,4.169927074892928,1.7680131544029265,0.3935133206021841,1.4079780146568954,0.012096265613400554,4.169927074892928,0.010802322261349577,1.5088061219790938,33.0781093979442,1.429281590051077,0.0,6.039760268966526,0.0,0.2647572898390577,1.237596199376623,0.003019122215707637,-29.167199158371773,0.135161610368516,1.357142857142857,-0.755762305749972,0.285071098753446,-0.0765327134099896,2.0225613181052235,1.3246722288438617,2.9273904656930285,-0.39928971257206564,0.4035375409120591,-0.16465365843022411,Engineering & Construction,Industrials,GLDD
2015Q1,2015,Q1,2015-05-06,2015-03-31,-8390000.0,174557000.0,-7258000.0,-0.14,10682000.0,0.061194910544979574,889349000.0,248553000.0,320482000.0,170830000.0,640796000.0,32870000.0,-29865000.0,362192650.0,696671650.0,4.124334190657928,1.876028800561962,0.4105227531598956,1.4688939582302367,-0.006878305270591588,4.124334190657928,-0.033755376116965,2.0749248096610278,-10.792391239570918,1.4572049019726174,0.0,4.985549132947977,0.0,0.19627502813855977,1.2174032664051981,-0.009433866794700393,-11.551720673598265,0.061194910544979574,-1.4516129032258065,-1.8740040658583144,0.05070462088600633,-0.05043131549595613,-0.48955894299230657,-1.4412770209856414,-3.696136701337296,-8.6958604490591,0.10390754553469954,-0.1699394839895183,Engineering & Construction,Industrials,GLDD
2014Q4,2014,Q4,2015-03-06,2014-12-31,19013000.0,245542000.0,2692000.0,0.31,20927000.0,0.08522778180514942,893234000.0,255963000.0,342244000.0,200510000.0,637271000.0,34735000.0,-21475000.0,514858320.00000006,802705320.0,4.25562372188139,1.70686748790584,0.36970827353190766,1.290170845004942,0.010127677585644541,4.25562372188139,0.07428026706984994,2.096823842764171,6.769819597117762,2.011456030754445,0.0,6.466532316107672,0.0,0.27489101400081056,1.1876415141389456,0.021285575784173016,39.42857405421964,0.08522778180514942,11.333333333333332,17.003445449698823,0.4886569789452167,0.013712051315408456,-0.1444049225234065,10.11457334611697,-0.6637941800924191,1.7332213337623543,0.5199451172755165,-0.13948565329732426,Engineering & Construction,Industrials,GLDD
2014Q3,2014,Q3,2014-11-06,2014-09-30,-2086000.0,202198000.0,8007000.0,-0.03,24459000.0,0.12096558818583765,817198000.0,235554000.0,296468000.0,194447000.0,581644000.0,33194000.0,-40488000.0,371047200.0,635817200.0,3.923284477015323,1.5246725328752821,0.34980261821492464,1.2135561272574442,0.007524332379493546,3.923284477015323,-0.008855718858520763,1.8350685961285473,-44.46874400767018,1.5752107796938282,0.0,5.354552027474845,0.0,0.24742840780324965,1.053418155075676,-0.0025526249452397093,-19.87717362189961,0.12096558818583765,-0.4999999999999999,-2.199235082216575,0.4070793563467097,-0.06280216721477688,-0.06655726443537,-0.4516353514265832,-0.22027461291264971,-1.3654828115303828,0.25236532999674416,-0.18870657799073262,Engineering & Construction,Industrials,GLDD
2014Q2,2014,Q2,2014-08-06,2014-06-30,-1437000.0,184709000.0,10269000.0,-0.02,26203000.0,0.14186098132738523,795336000.0,236510000.0,294700000.0,159327000.0,558826000.0,33643000.0,-38402000.0,478305370.0,725516370.0,3.950854450996442,1.8496551118140678,0.3586886548578211,1.2061984694093273,0.012779100139671533,3.950854450996442,-0.006075853029470213,2.58950765799176,-83.21248608211553,2.0223473426070777,0.0,4.711410991885384,0.0,0.23224021042678816,1.2681027070113666,-0.0018067835480853375,-21.862390072218666,0.14186098132738523,0.7777777777777777,-1.18897287549675,0.2670691724213667,-0.0523321147396267,0.2533122877505142,0.7233878729547641,2.5594454072790294,-1.8284192536616286,0.17231330687338917,-0.17277211046554078,Engineering & Construction,Industrials,GLDD
2014Q1,2014,Q1,2014-05-07,2014-03-31,-5195000.0,174382000.0,2885000.0,-0.09,20907000.0,0.11989196132628367,825790000.0,237700000.0,324204000.0,173328000.0,588090000.0,34707000.0,-36965000.0,545134040.0,773439040.0,3.981041066523749,1.870465245084464,0.3475459862676952,1.2074042911232645,0.0034545974278666616,3.981041066523749,-0.02185527976440892,3.1260912250117556,-26.23359191530318,2.293369962137148,0.0,4.4220186129599215,0.0,0.2111699100255513,1.25347895319856,-0.00629094563993267,-34.89751232315473,0.11989196132628367,0.5063457867466594,-1.6957686279955944,-0.046785532559447854,-0.012196226428015497,-0.5553121344251835,0.5277702027088447,-0.9518797744937786,-3.1382494794062423,0.1052434337722118,-0.1683115041416467,Engineering & Construction,Industrials,GLDD
2013Q4,2013,Q4,2014-03-11,2013-12-31,-11001000.0,190882000.0,59954000.0,-0.18231384962131883,47015000.0,0.24630399932942865,852645000.0,242946000.0,361053000.0,193899000.0,610544000.0,32500000.0,-31770000.0,548743200.0,758405200.0,4.07313147570667,1.86206736496836,0.3342539978537375,1.173100195105085,0.08874985996447118,4.07313147570667,-0.04528166753105629,2.8747770874152616,-12.470302699754567,2.2587044034476795,0.0,4.426676923076923,0.0,0.22387042673093727,1.2340703149577874,-0.012902204317154267,12.559926756694896,0.24630399932942865,-10.11569248106594,-6.901214760082298,0.14812952863465473,0.04817543889093498,1.106784369958774,-8.597375690607734,8.603395803299696,-2.596789208020991,0.09341594127146802,-0.14165098135020382,Engineering & Construction,Industrials,GLDD
2013Q3,2013,Q3,2013-11-05,2013-09-30,1448000.0,198826000.0,6243000.0,0.02,22316000.0,0.112238842002555,856423000.0,252883000.0,357706000.0,179326000.0,603904000.0,32321000.0,-20769000.0,442278180.0,698465180.0,4.248278063367268,1.9947246913442558,0.3473855793223676,1.1764689599538127,0.007364110837925864,4.248278063367268,0.005725968135461854,2.2244484121794934,76.36018301104973,1.7489438989572252,0.0,5.461155286036942,0.0,0.23215864123219485,1.4973734985445502,0.0016907532842999312,39.06705944704532,0.112238842002555,1.0476190476190477,0.015264270823013534,0.36762261455439776,0.08458741507568354,3.3072765875313648,1.0573669822907175,1.2918653576437589,-0.814201889133655,0.13111959399205497,-0.08482027560663138,Engineering & Construction,Industrials,GLDD
2013Q2,2013,Q2,2013-08-09,2013-06-30,-25241000.0,152863000.0,-21390000.0,-0.42,5181000.0,0.033893093816031346,817354000.0,249982000.0,324186000.0,147471000.0,567554000.0,30578000.0,-22217000.0,475488000.0,747380000.0,4.205902146847029,2.1983033952438107,0.3591038888902483,1.1741445384067652,-0.03613681279534573,4.205902146847029,-0.10097126993143506,3.110549969580605,-4.709480606949011,1.9020889504044292,0.0,4.829681470338151,0.0,0.18702178003655698,1.6505279004007567,-0.03088135618104273,-26.275862068965516,0.033893093816031346,-59.215103926097,-9.473793729314947,0.034689314302103536,0.0585914790225099,-0.7990536399953457,-59.2933025404157,-4.24385805277525,-3.3026296091476013,-0.16330506735557285,-0.06856571507029152,Engineering & Construction,Industrials,GLDD
2013Q1,2013,Q1,2013-05-08,2013-03-31,433000.0,188847000.0,6594000.0,0.007214622523618308,25783000.0,0.13652851249953665,801013000.0,274817000.0,288917000.0,141240000.0,526428000.0,26629000.0,3024000.0,405490270.0,672873270.0,4.628964611160707,2.0455749079580854,0.34209931674017774,0.9971217209997926,0.016084377582664997,4.628964611160707,0.0015755939406950808,2.147189364935636,234.11678406466513,1.4754919455492201,0.0,6.123549513688085,0.0,0.2357602186231684,1.5704403851600113,0.0005405655089243246,-14.105971961316357,0.13652851249953665,1.071160575586862,1.361330786397398,0.37013107503997195,0.1954818482437485,1.2482560167422392,1.071357943309163,2.2517084282460136,-0.9542127230983146,0.15387533491155853,0.06575258774906817,Engineering & Construction,Industrials,GLDD
2012Q4,2012,Q4,2013-03-29,2012-12-31,-6068000.0,199382000.0,-5268000.0,-0.10138510634742945,11468000.0,0.05751772978503576,826395000.0,273635000.0,313690000.0,185950000.0,552970000.0,28726000.0,2591000.0,529685948.4,768343948.4,4.61317351136287,1.6869588599085776,0.31836833475517157,0.9614924991320555,-0.00604361550063111,4.61317351136287,-0.02217552579165677,2.6566387557552837,-21.822921407382992,1.9357390260748808,-2.4705009887936717,6.54159994430133,0.028301675823726648,0.24126719062917854,1.3076418392040872,-0.007342735616745019,108.5422025409836,0.05751772978503576,-1.5346276586857361,-2.5867422623389973,0.2520687763912277,0.1810984889494531,-0.11920122887864823,-1.8461538461538463,-4.605749486652978,-6.826297613809097,0.22573591362794357,0.09888229996286757,Engineering & Construction,Industrials,GLDD
2012Q3,2012,Q3,2012-11-07,2012-09-30,-2132000.0,166763000.0,1461000.0,-0.04,13020000.0,0.07807487272356578,796686000.0,293543000.0,322224000.0,139328000.0,502934000.0,36511000.0,23650000.0,455063040.0,671826040.0,4.954061397735136,2.312700964630225,0.3201851168465368,0.8689936397733893,0.0016340944884455717,4.954061397735136,-0.007262990430703509,2.728800993026031,-53.36105065666041,1.5502432011664389,-0.5914634146341463,4.210867957601819,0.002771044644715598,0.20932086166946576,1.6846147220946257,-0.002676085684949905,-14.39526255852208,0.07807487272356578,-1.5714285714285714,-4.14361471122934,0.3597244064874213,0.23626868679759708,-0.4549792791661434,-1.4805048456164074,-0.8833626057799776,-2.2419598634265037,0.1759037491868204,0.18343077914514655,Engineering & Construction,Industrials,GLDD
2012Q2,2012,Q2,2012-08-07,2012-06-30,4437000.0,166532000.0,12526000.0,0.07,23889000.0,0.14344990752528042,789960000.0,295373000.0,326205000.0,130786000.0,494359000.0,48696000.0,27043000.0,421297520.0,605664520.0,4.991854117726589,2.494188980471916,0.3230011646159299,0.8638501149394155,0.013899734015428161,4.991854117726589,0.015021684446445681,2.529829222011385,23.737746224926752,1.4263237330426273,0.28217263917061075,2.92925496960736,0.0029717715879267457,0.2108106739581751,1.7935941155781199,0.005616740088105727,-37.38884629037984,0.14344990752528042,2.5,0.830615548002026,-0.002289905820373171,0.2437684772960455,0.19313754869643393,3.154494382022472,0.8458591217211907,-0.40968787922828265,0.15573837548962008,0.19736626442443037,Engineering & Construction,Industrials,GLDD
2012Q1,2012,Q1,2012-05-04,2012-03-31,1068000.0,154907000.0,6786000.0,0.02,20022000.0,0.12925174459514419,779601000.0,293343000.0,315046000.0,120880000.0,485805000.0,33595000.0,23858000.0,426254360.0,595949360.0,4.9687150648734715,2.6062706816677697,0.3274918836686972,0.8703565450684011,0.00777000041926628,4.9687150648734715,0.0036407891103588633,2.7516791365141664,99.77864232209737,1.4530919776507365,1.1722846441947565,4.015031998809347,0.002937213357770698,0.1987003608256018,1.9845962938451356,0.001369931541904128,-16.179706206111216,0.12925174459514419,-0.8270708845928529,-0.25626275727328857,-0.17944052395816093,0.4939958286192373,0.08708871755890976,-0.843585237258348,-0.5547244094488188,-0.8553390106693146,-0.14363107112444568,0.2328723589811538,Engineering & Construction,Industrials,GLDD
2011Q4,2011,Q4,2012-03-09,2011-12-31,6828000.0,158568000.0,15240000.0,0.11565432433348014,18418000.0,0.11615206094546189,788460000.0,291969000.0,325778000.0,130526000.0,495923000.0,33426000.0,24042000.0,328251280.0,470496280.0,4.945441918764185,2.4958858771432513,0.32409126651954445,0.875205929396614,0.01961411359707474,4.945441918764185,0.023386044408824226,2.0700978759901116,12.018573520796718,1.124267576352284,0.18365553602811951,4.19284389397475,0.0038202440520567053,0.2011110265581006,1.7893446516402862,0.008659919336427974,136.48701871101872,0.11615206094546189,0.28504804814977935,-0.4398470748468716,-0.9292045318934855,-0.5690313760277705,-0.32758935416742724,0.21885041056765442,0.030704720681725958,2.700432232831831,-0.03641252576714148,0.2726549055996114,Engineering & Construction,Industrials,GLDD
2011Q3,2011,Q3,2011-11-04,2011-09-30,5602000.0,158468000.0,14786000.0,0.09,27391000.0,0.17284877704015952,767818000.0,284976000.0,306677000.0,118821000.0,482472000.0,32398000.0,18468000.0,239845100.00000003,391788100.0,4.835839131172578,2.580999991583979,0.3373104042885163,0.9088239009600808,0.016580922469895176,4.835839131172578,0.01965779574420302,1.513523866017114,10.703547840057123,0.8416326287125934,0.22242056408425562,4.045836162726094,0.005195019618912372,0.2063874511928608,2.0436538995632083,0.007295999833293827,18.806955226221284,0.17284877704015952,2.0,12.037098475043228,86.21326825509405,0.31340433396557965,0.3857634321562279,2.283704572098476,0.7079819799006585,2.9675636647988335,0.10104465714024197,0.23459203582429897,Engineering & Construction,Industrials,GLDD
2011Q2,2011,Q2,2011-08-05,2011-06-30,1706000.0,154959000.0,8657000.0,0.03,19766000.0,0.12755632134951825,757334000.0,281188000.0,296100000.0,119078000.0,475833000.0,31464000.0,14112000.0,328522500.0,490136500.0,4.776016985138004,2.4866054182972506,0.3401550702860297,0.916152182881204,0.009614607959071925,4.776016985138004,0.006067115239626158,2.1200607902735564,48.14221864009379,1.16833755352291,0.7280187573270809,4.2967518433765575,0.003780562975138689,0.2046111755183314,1.9421639597574698,0.0022526388621136777,-23.370740556306465,0.12755632134951825,-0.25000000000000006,2.6995010964266766,0.0,0.2941294533122732,-0.28642599277978337,-0.28678929765886285,-0.44545512779450386,-0.4218120823460359,0.05887097617704134,0.2020847627004369,Engineering & Construction,Industrials,GLDD
2011Q1,2011,Q1,2011-05-10,2011-03-31,2392000.0,155338000.0,15611000.0,0.04,27700000.0,0.17832082297956714,765811000.0,281386000.0,296961000.0,127847000.0,484574000.0,30767000.0,13648000.0,448529550.0,601679550.0,4.786697286722803,2.322784265567436,0.33647858283571275,0.9157491843943906,0.01769290339412291,4.786697286722803,0.008500778290320058,2.8874425446445815,46.87808841973244,1.5940009453206627,0.42015050167224083,4.148535768843241,0.002240655047142379,0.20284117099388752,1.8707439361111329,0.003123486082075081,-44.98340687995186,0.17832082297956714,-0.6536966126656848,1.86334242234855,0.0,0.29108394152040273,0.10737986727432637,-0.6477172312223859,0.2247764004393535,3.0159114728621823,0.1382114413594541,0.23621807466785236,Engineering & Construction,Industrials,GLDD
2010Q4,2010,Q4,2011-03-15,2010-12-31,6790000.0,172054000.0,12746000.0,0.11550565620481415,25014000.0,0.14538458855940578,693825000.0,278953000.0,222969000.0,132817000.0,417000000.0,31734000.0,12261000.0,433245450.0,567570450.0,4.7453091775112695,1.6787685311368274,0.2634713364320974,0.6553182794234154,0.019996010060191433,4.7453091775112695,0.024341018020956937,2.518078335871296,15.951599779086893,1.553112710743387,0.1480117820324006,4.633516102602886,0.002319701222482544,0.24797895722984903,1.0843943169925536,0.00978632940583,52.56557267653482,0.14538458855940578,-0.11149495227066042,8.577654341005237,0.0,0.28598682394910246,-0.2349288882092063,-0.11646063760572543,-0.20610401744004983,0.7915788436544003,0.09021548195523882,0.21492883052229753,Engineering & Construction,Industrials,GLDD
2010Q3,2010,Q3,2010-11-09,2010-09-30,7685000.0,173333000.0,16055000.0,0.13,32695000.0,0.1886253627410822,671198000.0,272477000.0,250541000.0,129351000.0,400491000.0,29979000.0,6476000.0,341035380.0,437405380.0,4.642015060138335,1.9369081027591593,0.2613252721253639,0.6437277274779155,0.021565627389362244,4.642015060138335,0.02820421540166693,1.9675155913761373,11.094189329863369,1.2516116222653655,0.13051398828887442,4.6912171853630875,0.002941043829528772,0.25824421407691917,1.5689480560645066,0.011449676548499847,12.465199020432033,0.1886253627410822,-0.27777777777777773,33.986476372493385,99.21174055031325,0.2620269604642361,-0.05475729278094192,-0.2889526276831976,-0.2057877813504823,10.438603963777956,0.42665672282414696,0.15839861514746337,Engineering & Construction,Industrials,GLDD
2010Q2,2010,Q2,2010-08-09,2010-06-30,10808000.0,180135000.0,20215000.0,0.18,34589000.0,0.19201709828739558,669355000.0,264618000.0,246556000.0,141256000.0,406543000.0,29494000.0,-206000.0,351612000.0,501569000.0,4.515511415992628,1.745455060316022,0.30291698724891875,0.7662328337452479,0.026155210311771267,4.515511415992628,0.04084378235796507,1.951936047964027,8.133142116950406,1.3287531460444868,0.0928941524796447,4.934766393164711,0.0028554201790610104,0.2691172845500519,1.329281588038738,0.016146887675448755,10.751674158334097,0.19201709828739558,0.12499999999999993,17.112821010756978,0.0,0.22897417986339327,0.13466080566854743,0.15891057259275146,0.04125888534047595,3.502456491767412,0.0896856784705254,0.12508311052964766,Engineering & Construction,Industrials,GLDD
2010Q1,2010,Q1,2010-05-07,2010-03-31,9326000.0,161400000.0,19414000.0,0.16,30484000.0,0.1888723667905824,637018000.0,254296000.0,210186000.0,117926000.0,384054000.0,28791000.0,-10010000.0,307377000.0,487108000.0,4.34337637494022,1.782355036209148,0.314992668966968,0.7890647119891779,0.025465125775374138,4.34337637494022,0.03667379746437223,1.904442379182156,8.239786618057046,1.2087370623210745,0.1072271070126528,4.547115418012574,0.00325333385386675,0.25336803669598035,1.2488933738106949,0.0146400886631147,10.25649838166105,0.1888723667905824,8.112529182879376,23.721631115282303,0.0,-0.33438298664596117,0.9563599024515467,8.071984435797665,3.9614106823409148,5.548823116940329,-0.137891107399193,0.30596866625703273,Engineering & Construction,Industrials,GLDD
2009Q4,2009,Q4,2010-03-09,2009-12-31,1028000.0,160557000.0,3913000.0,0.01755824280931885,15582000.0,0.09704964592014051,665426000.0,245788000.0,232436000.0,141149000.0,420877000.0,29192000.0,-18336000.0,379391040.0,588242040.0,4.198059711689554,1.6467420952326974,0.3187446838566572,0.8629428613276482,-0.111908490194494,4.198059711689554,0.004182466190375446,2.3629679179356864,92.2643579766537,1.5435702312562045,0.97568093385214,4.966257878870923,0.002643710299536858,0.2412845305112815,1.1133695598268496,0.0015448750123980728,32.71740600206968,0.09704964592014051,-0.41472523968937164,0.45591814278691295,0.0,0.13768129186804992,-0.08701001933555985,-0.3935103244837758,-0.23559288923617894,-0.914959504308464,-0.9277165743380489,-0.6341617095055866,Engineering & Construction,Industrials,GLDD
2009Q3,2009,Q3,2009-11-06,2009-09-30,1695000.0,140029000.0,5119000.0,0.03,17067000.0,0.1218818958929936,659329000.0,244917000.0,223156000.0,113446000.0,414348000.0,29550000.0,-18361000.0,408371880.0,602671880.0,4.186186032201825,1.9670680323678227,0.31280134803717113,0.8420771118378879,0.006424069175498445,4.186186032201825,0.006920711914648636,2.916337901434703,60.2318407079646,1.6673888705153175,0.5899705014749262,4.161150592216582,0.002448748429984944,0.21238107227196135,1.1994429067574,0.002570795460233055,26.40619980601358,0.1218818958929936,-0.7692307692307693,6.741924521853946,80.22285221208494,0.13810049422805437,-0.4023741158344422,-0.7719014937424303,-0.6948253249075951,4.363702281241306,76.62381914405152,0.1369598384772732,Engineering & Construction,Industrials,GLDD
2009Q2,2009,Q2,2009-08-07,2009-06-30,7431000.0,142455000.0,16774000.0,0.13,28558000.0,0.20047032396195288,667394000.0,243884000.0,229694000.0,112895000.0,422906000.0,30131000.0,-19056000.0,279625220.0,510309220.0,4.169028530402229,2.0345808051729484,0.36006916454148524,0.9853372914992373,0.021312742829778224,4.169028530402229,0.03046940348690361,1.962902109438068,9.407388642174674,1.1465500811861378,0.13389853317184766,3.7800604029073046,0.0035583342589770696,0.21344962645753482,1.2502502325169405,0.011134352421508134,11.876203864939477,0.20047032396195288,0.0,11.47532925888593,0.0,0.13467289681336322,0.056256241446906094,0.015996718621821164,0.020006080875646093,8.450272565297988,0.0,0.12965733364886858,Engineering & Construction,Industrials,GLDD
2009Q1,2009,Q1,2009-05-11,2009-03-31,7314000.0,179203000.0,16445000.0,0.13,27037000.0,0.1508735902858769,707642000.0,235718000.0,260314000.0,140646000.0,471293000.0,27457000.0,-25492000.0,176048880.0,254487880.0,4.030194227875803,1.850845384866971,0.11973003298277943,0.35943797249255466,0.028483801266831678,4.030194227875803,0.03102860197354466,0.9823991785851799,6.017530762920426,0.7468622676248737,0.1359037462400875,5.541974724114069,0.005646159180336735,0.2532396324695256,1.1768909176229683,0.010335734735925793,-8.27530694744759,0.1508735902858769,3.159431072210066,18.40805257266816,0.0,-0.3823777601515595,0.4931794333683106,3.00109409190372,1.1689527829068846,7.7996787978019695,0.0,0.08703741580890824,Engineering & Construction,Industrials,GLDD
2008Q4,2008,Q4,2009-03-13,2008-12-31,1828000.0,163027000.0,7582000.0,0.03125427438106962,18107000.0,0.1110674918878468,666155000.0,227280000.0,216358000.0,128639000.0,438042000.0,28666000.0,-31812000.0,242725200.00000003,450300200.0,3.8859253180139515,1.6819005122863206,0.3273307263324602,0.9594024991200282,0.009921117071533755,3.8859253180139515,0.008042942625835972,1.4888650346261665,33.19545951859957,1.0679567053854278,0.5437636761487965,5.055466406195493,0.004095166056099655,0.24472832899250174,1.2594469795318683,0.0027441061014328496,-31.250830436461957,0.1110674918878468,0.5627137190534809,1.5915842265769835,0.0,0.053092342538791214,0.027872388737511352,0.3047822983583155,0.17223252937538652,1.5915842265769835,0.0,0.053092342538791214,Engineering & Construction,Industrials,GLDD
2008Q3,2008,Q3,2008-11-12,2008-09-30,1401000.0,142809000.0,6468000.0,0.02,17616000.0,0.1233535701531416,662224000.0,229036000.0,202143000.0,112890000.0,432720000.0,30776000.0,-32645000.0,368964630.0,583702630.0,3.9169531236639132,1.7906191868190273,0.34166837807146827,0.9878840007684382,0.008933017222932223,3.9169531236639132,0.00611694231474528,2.5836230909816607,65.83951284796574,1.6109460084877485,0.7130620985010707,4.067877566935274,0.0027075766042940212,0.21565059556887095,1.2135352998494109,0.002115598347386987,606.8497203947369,0.1233535701531416,-0.6,5.402688839438612,81.88212119206578,0.06490400847410223,-0.18474639022584227,-0.5218430034129693,-0.3717338513841671,5.402688839438612,81.88212119206578,0.06490400847410223,Engineering & Construction,Industrials,GLDD
2008Q2,2008,Q2,2008-08-14,2008-06-30,2930000.0,145322000.0,10295000.0,0.05,21608000.0,0.14869049421285147,649626000.0,232284000.0,206249000.0,104758000.0,416874000.0,33879000.0,-33047000.0,357215040.0,571620040.0,3.973111658456486,1.9688138376066744,0.3374172216013522,0.9436508756522188,0.012451043446218233,3.973111658456486,0.012613869229047201,2.458093337553846,30.479098976109217,1.5378374748153123,0.3392491467576792,3.6516426104666606,0.002782637595550288,0.223701021818708,1.262003856507379,0.004510287457706434,-18.634065727699532,0.14869049421285147,3.5000000000000004,3.9218944072564246,0.0,0.08135074681986319,0.8048780487804879,3.483050847457627,4.876141552511416,3.9218944072564246,0.0,0.08135074681986319,Engineering & Construction,Industrials,GLDD
2008Q1,2008,Q1,2008-05-12,2008-03-31,-1180000.0,135721000.0,1752000.0,-0.02,11972000.0,0.08821037274997974,632351000.0,226360000.0,190929000.0,108119000.0,403752000.0,30156000.0,-34983000.0,302238200.0,497044200.0,3.872049264454328,1.7659153340300964,0.32630295516256,0.9115479766743241,0.0024975618460962947,3.872049264454328,-0.005212935147552571,2.2269081424392687,-64.03351694915254,1.3352102845025622,-0.8423728813559322,4.103627802095769,0.003288796717291196,0.21462921700131732,1.1659467808618282,-0.001866052239974318,-90.22035820895522,0.08821037274997974,-1.3102149111170072,-4.132686756704495,0.0,-0.40661327859221846,-0.47315613448336563,-1.3130803926771026,-0.8375973303670745,-4.132686756704495,0.0,-0.40661327859221846,Engineering & Construction,Industrials,GLDD
2007Q4,2007,Q4,2008-03-17,2007-12-31,3769000.0,156944000.0,10788000.0,0.06447143345877523,22724000.0,0.14479049852176573,624362000.0,228335000.0,190623000.0,108329000.0,393966000.0,29157000.0,-32810000.0,509771200.00000006,698032200.0,3.9058330482381116,1.7596673097693138,0.3147212674698332,0.8605776600170801,0.012289121655370128,3.9058330482381116,0.016506448858037533,3.2481088796003674,33.81342531175378,2.2325583024941427,0.0,4.603354254552937,0.0,0.25136699542893387,1.2718293347118501,0.006036562122614765,-16.895505766936235,0.14479049852176573,5.447143345877524,4.345929583243499,0.0,0.05848737114605892,0.7026824516709126,4.85248447204969,1.895330112721417,4.345929583243499,0.0,0.05848737114605892,Engineering & Construction,Industrials,GLDD
2007Q3,2007,Q3,2007-11-14,2007-09-30,644000.0,116460000.0,3726000.0,0.01,13346000.0,0.11459728662201614,606165000.0,225469000.0,199868000.0,97259000.0,378694000.0,29596000.0,-35585000.0,505259700.0,665049700.0,4.007269172665067,2.0550077627777377,0.3126211510067391,0.8404703085568305,0.004972025518623467,4.007269172665067,0.0028562684892379886,4.33848274085523,196.14118788819877,2.2409275776270796,0.0,3.4840518989052573,0.0,0.19212590631263765,1.4273229212720673,0.0010624169986719787,-23.038607450640647,0.11459728662201614,-0.6666666666666666,2.058631672473606,69.24236380559613,0.0894582779724585,-0.26520949182403786,-0.6164383561643836,-0.5771674988651838,2.058631672473606,69.24236380559613,0.0894582779724585,Engineering & Construction,Industrials,GLDD
2007Q2,2007,Q2,2007-08-14,2007-06-30,1679000.0,115625000.0,8812000.0,0.03,18163000.0,0.15708540540540541,575563000.0,164509000.0,144927000.0,114113000.0,409030000.0,21509000.0,-36228000.0,387755940.00000006,610620940.0,4.0134914245285325,1.2700305837196464,0.3891841553400757,1.361627631315004,0.013324836115440539,4.0134914245285325,0.010206128540079873,3.353564886486487,57.73614353782013,2.357050009421977,0.0,4.531219489516016,0.0,0.20089025875534042,0.8137635501651871,0.002917143735785657,-6.570241455851705,0.15708540540540541,0.4999999999999999,3.0228753001557376,0.0,0.09234079541451609,0.3244130086043459,0.741701244813278,0.5585426246904847,3.0228753001557376,0.0,0.09234079541451609,Engineering & Construction,Industrials,GLDD
2007Q1,2007,Q1,2007-05-15,2007-03-31,964000.0,126732000.0,5654000.0,0.02,13714000.0,0.10821260612947006,534442000.0,131811000.0,165358000.0,112324000.0,400617000.0,26647000.0,-37908000.0,273071370.0,467847370.0,3.32578911513133,1.4721519888892847,0.3649825425396956,1.4798613165820758,0.010130338521009337,3.32578911513133,0.007313501908034989,2.1547152258308873,70.81726400414938,2.071688781664656,0.0,4.241302960933688,0.0,0.23712956691278006,1.0070777393967452,0.0018037504537442791,-44.38741384915475,0.10821260612947006,-0.9031332501605437,2.7749731018590222,0.0,-0.4903269653002255,0.0,-0.5831270230123397,-0.7794961014021536,2.7749731018590222,0.0,-0.4903269653002255,Engineering & Construction,Industrials,GLDD
