Year,Date,FillingDate,NetIncome,Revenue,OperatingIncome,EPSDiluted,GrossProfit,GrossProfitRatio,TotalAssets,CommonStockEquity,CurrentAssets,CurrentLiability,TotalLiability,Inventory,RetainedEarnings,EnterpriseValue,bookValuePerShare,currentRatio,debtToAssets,debtToEquity,roic,shareholdersEquityPerShare,roe,priceToSalesRatio,peRatio,pbRatio,payoutRatio,inventoryTurnover,dividendYield,assetTurnover,quickRatio,returnOnAssets,priceToFreeCashFlowsRatio,grossProfitMargin,epsdilutedGrowth,fiveYNetIncomeGrowthPerShare,fiveYRevenueGrowthPerShare,fiveYShareholdersEquityGrowthPerShare,grossProfitGrowth,netIncomeGrowth,operatingIncomeGrowth,threeYNetIncomeGrowthPerShare,threeYRevenueGrowthPerShare,threeYShareholdersEquityGrowthPerShare,Industry,Sector,Price,MarketCap,AvgVolume,Symbol
2022,2022-12-31,2022-12-31,-308155000.0,2765155000.0,621522000.0,-0.45,1898659000.0,0.6866374579,17627613000.0,5219647000.0,1094481000.0,1534460000.0,10471798000.0,224921000.0,-997945000.0,11874055589.64,7.700159333414497,0.7132678597030877,0.42615055141044905,1.4391810404036902,0.04069384234600405,7.700159333414497,-0.05903751728804649,1.5983413550560455,-14.342332883256802,0.8467357255461911,-1.2568902013597054,3.852445969918327,0.0876349901784106,0.15686497088403292,0.381684762066134,-0.01748137992364593,-9.404976059396331,0.6866374579363543,-2.5,-2.1318735998381446,-0.008408894423636999,0.08594492672782669,0.21213256817156,-2.659808140818822,0.48244739465813086,-1.428075868298175,0.2549845902409832,-0.0066219986336146265,Utilities—Renewable,Utilities,7.73,5323380636,5383168,AQN
2021,2021-12-31,2021-12-31,185657000.0,2285479000.0,419254000.0,0.3,1566379000.0,0.6853613619,16785836000.0,5858997000.0,938743000.0,1364712000.0,9084231000.0,177761000.0,-288424000.0,15079141932.65,9.414347022620927,0.6878689423116379,0.3700366785425522,1.0601430586156642,0.04533885742974742,9.414347022620927,0.03168750555769187,3.9348092599625724,48.4383779370021,1.5348913700843334,1.702699063326457,4.045319277006768,0.03515185965849125,0.13615520847457344,0.38732201372890396,0.01106033682206832,-7.572484805347686,0.685361361885189,-0.7810218978102189,-0.1674854379677126,0.2242195882829992,0.7882022482990095,0.22752164883821166,-0.7627274388693139,0.0915429336124324,-0.2552584635786166,0.02948353605032098,0.3682274533953123,Utilities—Renewable,Utilities,7.73,5323380636,5383168,AQN
2020,2020-12-31,2020-12-31,782463000.0,1677058000.0,384093000.0,1.37,1276050000.0,0.7608860278,13223906000.0,5203578000.0,694957000.0,955153000.0,7234541000.0,134645000.0,45753000.0,13648419706.5,9.29819264231563,0.7275870986114267,0.34320192536153843,0.8721825636129602,0.036212990505891794,9.29819264231563,0.1503701875901543,5.492692385415412,11.772523054125244,1.7702365000582294,0.335048430405016,2.978261353930707,0.02846020592736157,0.12682016947186406,0.44731891121108347,0.05917033893011641,-32.80319538803403,0.7608860277939106,0.31730769230769235,3.1812354660597046,0.024285400898612145,0.688151770071171,0.07991845073319019,0.47388695082164844,0.05122668155543878,2.481211537190768,-0.27155105812593,0.31131379111127916,Utilities—Renewable,Utilities,7.73,5323380636,5383168,AQN
2019,2019-12-31,2019-12-31,530884000.0,1624921000.0,365376000.0,1.04,1181617000.0,0.7271842754,10911470000.0,3875054000.0,513191000.0,872066000.0,6173099000.0,91099000.0,-367107000.0,10943121895.400002,7.751489687533824,0.5884772482816668,0.36034264860738285,1.0146614731046328,0.04088949360376211,7.751489687533824,0.13700041341359373,4.353281725942369,13.324452979181894,1.8254555666579098,0.38591669743296086,4.8661785530027775,0.028963042463050197,0.14891861499871237,0.3688126816089608,0.04865375609335864,236.35855705025395,0.7271842754201588,1.736842105263158,2.4842188665050906,-0.14440125736645973,0.2669845389778064,0.015790256428331338,1.8698293943390922,-0.03175490713087537,1.9636071533408361,0.08356464928773139,0.47235185335834845,Utilities—Renewable,Utilities,7.73,5323380636,5383168,AQN
2018,2018-12-31,2019-02-28,184988000.0,1647387000.0,377359000.0,0.38,1163249000.0,0.7061176274912938,9388968000.0,3177626000.0,491605000.0,498981000.0,5383824000.0,95600000.0,-595259000.0,7931247131.150001,6.880688586724992,0.9852178740272676,0.35539528945034216,1.050090539289394,0.034586526279686974,6.880688586724992,0.05821578750929153,2.817353257704474,25.089579492453566,1.4606096284301553,0.9428233182692931,5.064205020920502,0.03757828299007065,0.17545985884710652,0.5862888566899341,0.019702697889693522,72.53912963052687,0.7061176274912938,0.016703366090802307,3.294317370736019,0.14938548348145606,0.5671871252637587,-0.003150711560307643,0.20471071084549208,-0.006149262249588408,0.19789023185370602,0.21927364357550178,0.24923703603709468,Utilities—Renewable,Utilities,7.73,5323380636,5383168,AQN
2017,2017-12-31,2018-03-08,153553876.739563,1572810337.972167,379693836.978131,0.373757,1166925646.12326,0.7419366581909576,8376648111.332008,2710958250.497018,497180914.512922,562707753.479125,5023037773.359841,89275546.719682,-491320874.751491,7296521968.768032,7.090745712691569,0.8835508511104354,0.3668737335212393,1.1336110271836857,0.03799886487720459,7.090745712691569,0.05664191866894702,2.7128061282589977,27.786530786693465,1.5738824169120835,0.9352905838607077,4.5464262809092855,0.03365985451874416,0.18776129987416498,0.5107680132277194,0.01833118386957593,-19.010981854060045,0.7419366581909576,0.1417412793983327,3.352574092543323,0.7515319493764435,0.21744059583281317,0.9588596033164279,0.5764242287559712,1.17270418613949,0.3177354934626376,0.08286896826341376,0.15898563372296085,Utilities—Renewable,Utilities,7.73,5323380636,5383168,AQN
2016,2016-12-31,2017-03-10,97406442.972993,815428911.53932,174756342.534038,0.327357,595716836.5449,0.73055643246735,6137534409.64214,1431115988.393721,365934082.285544,406628227.066439,4266129752.250577,16088832.67614,-413677553.753441,5401349853.807187,5.264699242815587,0.8999229712249023,0.5178561990724241,2.220896326244578,0.02704131540184481,5.264699242815587,0.06806327632627569,2.826903699120124,23.665159470396894,1.6107282883390037,0.9818291527909324,13.656184971098405,0.04148838101087455,0.1328593629158757,0.5490358595478164,0.015870614561437946,-26.14961673209455,0.73055643246735,0.08159624133932021,0.8262829467988391,0.2921642782056472,0.220078887232106,0.2698819581877734,0.15057836950283227,0.3138988734473952,2.841562252984284,-0.03344674179003304,0.199119647362732,Utilities—Renewable,Utilities,7.73,5323380636,5383168,AQN
2015,2015-12-31,2016-03-15,84658677.370306,740694967.896288,133005930.719397,0.302661,469111977.45894206,0.6333403057824297,3597147057.339896,1394449769.040636,305352059.898104,282394482.917655,1927022605.913424,20539169.411036,-376968919.571374,2976801788.150202,5.507912740525472,1.0812961242842105,0.29785194496892353,0.7683440961125833,0.035836350377027246,5.507912740525472,0.06071117027653861,2.6934111070123254,23.565169164097338,1.4306689977169507,0.7620105549880837,13.222686127289082,0.0323363074409431,0.20591178400252413,0.793705151629597,0.023534950342817346,48.0006254598724,0.6333403057824297,0.1333792685073192,0.6065465746317489,0.509418411499059,0.4893851533935968,0.04189864074544968,0.29822422705239116,0.11029723747451885,2.6238645898884396,0.24565047404028295,-0.05432279758413191,Utilities—Renewable,Utilities,7.73,5323380636,5383168,AQN
2014,2014-12-31,2015-03-31,65211136.571163,812811191.702703,119793084.4374,0.267043,450247230.501525,0.5539382763152321,3544281825.543132,1308982995.365505,288345709.215582,332742966.421446,1951898592.422859,37364540.082353,-435285047.292525,2866200621.3440857,6.118061782969876,0.8665719138007826,0.31110692528585476,0.8423719979520199,0.038149667298774795,6.118061782969876,0.04981816937427381,2.179519747862877,27.166188733220014,1.3533697915650436,0.8896976261872303,9.703423631123838,0.03275018203415737,0.22933029361403742,0.5213478724616075,0.018398970449018944,-8.581045633106871,0.5539382763152321,3.0619847281798545,-0.598203662005417,0.6702615253471171,0.23964380562102852,0.16367237152558103,2.4211106566258,0.2276545733492213,0.5533998903422546,0.6364487968114385,0.41784319823578353,Utilities—Renewable,Utilities,7.73,5323380636,5383168,AQN
2013,2013-12-31,2014-03-28,19061393.540389,634213022.530687,97578819.839026,0.065742,386919240.77500296,0.6100777294529324,3261321224.301962,897195638.494698,285319834.330419,228933009.00664,1884534688.242531,31493186.321929,-458696244.259324,2561928566.501873,4.39047033746335,1.2463027309536807,0.3615744824347015,1.3143293203127375,0.03990030672924008,4.39047033746335,0.021245526307249924,2.2007041109006353,73.22209695280844,1.5556419870828961,2.8446491919589962,7.852294754420927,0.03884960019367336,0.1944650584569237,0.7036728598914525,0.005844684478901282,-24.996899679643956,0.6100777294529324,-0.27331211035946423,1.4487932198584057,0.3296843019687806,0.1763603933038901,0.5419699244483634,0.3049027068390516,1.1234679501357978,-0.5518574239799232,0.6011983035438225,0.18721948677949424,Utilities—Renewable,Utilities,7.73,5323380636,5383168,AQN
2012,2012-12-31,2013-03-29,14607520.882965,371809253.842365,45952574.811777,0.090468,250925283.716816,0.6748763811650587,2792675130.424294,922012806.208096,234456138.234673,174374516.249007,1383259451.36355,23634188.755868,-408253671.48156,1806783530.805334,5.824305298313969,1.344555060441684,0.277797034594241,0.8414165883525251,0.06556581166650337,5.824305298313969,0.01584307808374206,2.916508176689286,74.2346862063766,1.176105930089714,2.5933113129644783,5.114792446410305,0.03493395669182096,0.13313730973995377,0.8381246649334477,0.005230655268071108,-72.19289700536041,0.6748763811650587,-0.5381599501751019,-0.7144379472950616,-0.07585649244104066,0.1705135104207048,1.1881648304168768,-0.3621197202212381,0.2394351688810788,-0.8783567414450619,0.03262425519934591,0.18012276456545204,Utilities—Renewable,Utilities,7.73,5323380636,5383168,AQN
2011,2011-12-31,2012-03-30,22900097.943193,270948090.107738,37075416.25857,0.195886,114673849.16748303,0.42323180474121397,1256207639.56905,503621939.27522,141839373.163565,81251714.005877,714880509.304603,2658178.256611,-358550440.744368,1108239301.915691,4.31504823000354,1.7456785361267044,0.3555701441148678,0.886915157196256,0.24986656777395272,4.31504823000354,0.04547081085496262,2.7051573798824404,32.0067288506017,1.4553719136517853,1.2448141653479456,58.78997789241352,0.03889226453469781,0.21568734465003608,1.4586176137322433,0.018229548381865454,83.6144499727291,0.42323180474121397,-0.0670584761342313,-0.4228905944484199,-0.052291900019429065,-0.20218320967960535,0.34882803898990167,0.1662387065972746,0.5386451587208231,1.9440306584613969,-0.0053813465240911615,0.1561521756926325,Utilities—Renewable,Utilities,7.73,5323380636,5383168,AQN
2010,2010-12-31,2011-04-01,19635858.262678,182852743.56103,24096144.616861,0.209966,85017397.216445,0.46495007709889297,980760078.387458,348873180.291153,54600263.957767,124780035.194369,631886898.096305,0.0,-347746360.582307,901367348.263113,3.6981117530113496,0.437572115384617,0.4395040558987156,1.2355436206219628,-4.279149054616857,3.6981117530113496,0.05628365656050386,2.6002590032853745,24.214092725639517,1.3628576788940894,0.9850297876674065,0.0,0.040680020466940324,0.18643983130071123,0.2970673076923109,0.020021061924709257,19.530188797849153,0.46495007709889297,-0.7217021332997555,-0.2202013781129801,-0.1177066524881413,-0.3336210942473479,0.053150003257336605,-0.6707916550020004,-0.14485432881493782,-0.355861680355898,-0.23734877652061473,-0.25678865577351195,Utilities—Renewable,Utilities,7.73,5323380636,5383168,AQN
2009,2009-12-31,2010-04-01,59645688.090918,178841562.410467,28177824.467577,0.754465,80726769.171999,0.4513870717966526,880135612.644447,388061312.195588,40520485.14946,43993887.880814,491592971.062936,0.0,-294328144.398816,439142050.33627,4.935338486126577,0.921048061476995,0.15703186883538156,0.35615335963321093,0.13564450095845418,4.935338486126577,0.15370171211722283,1.6970797581347716,5.0885219903467585,0.7821145420624351,0.2630053638619791,0.0,0.05168600319717918,0.20319773435041602,0.8146138149611502,0.0677687474907499,8.18617384233446,0.4513870717966526,4.672738690409545,1.763355496912092,0.17696035727367615,-0.1722711432317752,0.0528036486633954,4.812837609341737,-0.02414807839728375,1.23118431535181,-0.0714772768178602,-0.08749666277936567,Utilities—Renewable,Utilities,7.73,5323380636,5383168,AQN
2008,2008-12-31,2008-12-31,-15643385.37387,175674609.695974,28875102.711586,-0.205423,76677896.466722,0.43647682837845664,803722267.871816,280911257.189811,30695973.705834,41139687.756779,512500410.846343,0.0,-294908792.11175,494557578.5934439,3.7322493705627138,0.7461401721692921,0.45667856010959607,1.306614521936763,0.045191048424437504,3.7322493705627138,-0.05568799744931477,0.7534639242465745,-8.461370582425817,0.4711967834118359,-3.0336695030991043,0.0,0.35853169100051074,0.21857626286894413,0.6895759682026115,-0.01946367047324976,7.558183885338782,0.43647682837845664,-1.6562280376697889,-1.4083675931741333,0.3234706978132158,-0.3722044651960984,-0.12579729831576217,-1.6544566995793744,-0.3332008624362623,-1.778668098639302,0.062452650732397336,-0.3274696878680365,Utilities—Renewable,Utilities,7.73,5323380636,5383168,AQN
TTM,,,,,,,,,,,,,,,,13111293636.0,7.962548606864124,0.7543885691473915,0.4378265099742323,1.4333918393189808,0.029568130275665832,7.962548606864124,-0.01674135990154793,1.8957334396928869,-58.665005764009976,0.9707947017537003,-4.30067097799457,4.388080994923059,0.07503234152652004,0.1566391630456113,0.4145824220880805,-0.00505458386060786,-11.990109117282046,0.6823550569160122,,,,,,,,,,,Utilities—Renewable,Utilities,7.73,5323380636,5383168,AQN
