Quarters,Year,Quarter,FillingDate,Date,NetIncome,Revenue,OperatingIncome,EPSDiluted,GrossProfit,GrossProfitRatio,TotalAssets,CommonStockEquity,CurrentAssets,CurrentLiability,TotalLiability,Inventory,RetainedEarnings,MarketCap,EnterpriseValue,bookValuePerShare,currentRatio,debtToAssets,debtToEquity,roic,shareholdersEquityPerShare,roe,priceToSalesRatio,peRatio,pbRatio,payoutRatio,inventoryTurnover,dividendYield,assetTurnover,quickRatio,returnOnAssets,priceToFreeCashFlowsRatio,grossProfitMargin,epsdilutedGrowth,fiveYNetIncomeGrowthPerShare,fiveYRevenueGrowthPerShare,fiveYShareholdersEquityGrowthPerShare,grossProfitGrowth,netIncomeGrowth,operatingIncomeGrowth,threeYNetIncomeGrowthPerShare,threeYRevenueGrowthPerShare,threeYShareholdersEquityGrowthPerShare,Industry,Sector,Symbol
2023Q1,2023,Q1,2023-05-03,2023-03-31,94200000.0,1767500000.0,-1621600000.0,0.2,335200000.0,0.1896463932,8546400000.0,2841900000.0,859100000.0,708400000.0,5704500000.0,70000000.0,0.0,5082876000.0,9865976000.0,6.060780550223928,1.2127329192546583,0.5681807544697183,1.7086808121327282,-0.18812827900383203,6.060780550223928,0.03314683838277209,2.8757431400282885,13.489585987261146,1.7885485062810091,0.6549893842887473,20.46142857142857,0.012138797011770503,0.20681222503042215,0.9833427442123094,0.011022184779556304,29.65505250875146,0.18964639321074964,-0.3939393939393939,1.930809237818092,-0.6128234195582056,-0.41906681421315717,-0.02359452374016895,-0.41125,-78.58851674641149,1.340501209163974,0.611699453594734,0.6929010506733804,Oil & Gas Midstream,Energy,ENLC
2022Q4,2022,Q4,2023-02-15,2022-12-31,160000000.0,2050300000.0,20900000.0,0.33,343300000.0,0.1674389114,8651000000.0,2912700000.0,982800000.0,875400000.0,5738300000.0,147100000.0,570500000.0,5793300000.0,10520400000.0,6.184076433121019,1.1226867717614806,0.5490347936654723,1.6306863048031037,0.006422090581480225,6.184076433121019,0.05493185017337865,2.8255864995366533,9.05203125,1.988979297558966,0.3375,11.6043507817811,0.00932111231940345,0.23700150271644896,0.8542380625999543,0.018494971679574614,55.65129682997118,0.1674389113788226,0.3750000000000001,-0.6966939644494188,-0.5524124272222486,-0.41803389142980407,-0.07166035694970255,0.37221269296740994,-0.4877450980392157,1.1769285208775655,0.8386585856570962,0.4231271445660501,Oil & Gas Midstream,Energy,ENLC
2022Q3,2022,Q3,2022-11-02,2022-09-30,116600000.0,2663500000.0,40800000.0,0.24,369800000.0,0.1388398723,8813300000.0,1257900000.0,1198800000.0,1157300000.0,5939300000.0,149800000.0,0.0,4242308000.0000005,8825508000.0,2.6360016764459346,1.0358593277456147,0.517433878342959,3.625327927498211,0.0061794334838660555,2.6360016764459346,0.09269417282772875,1.5927568988173457,9.095857632933106,3.372531997774068,0.4777015437392796,15.311748998664887,0.013129645466571497,0.3022136997492426,0.7990149485872289,0.013230004652059955,16.688859166011017,0.13883987234841375,-0.040000000000000036,6.117445853500257,-0.2817286565819497,-0.7297406172204736,0.09895988112927191,-0.058918482647296204,1.125,11.21709974853311,1.3513710377056691,-0.5128454223639463,Oil & Gas Midstream,Energy,ENLC
2022Q2,2022,Q2,2022-08-04,2022-06-30,123900000.0,2600600000.0,19200000.0,0.25,336500000.0,0.1293932169,8678800000.0,1292000000.0,1288200000.0,1219600000.0,5772800000.0,124900000.0,140600000.0,4097000000.0,8420100000.0,2.680497925311203,1.0562479501475894,0.5002074019449694,3.360061919504644,0.0034315911338098967,2.680497925311203,0.09589783281733746,1.57540567561332,8.26674737691687,3.171052631578948,0.4463276836158192,18.12730184147318,0.013497681230168415,0.2996497211596073,0.8469170219744179,0.014276167212056967,36.909909909909906,0.12939321694993464,0.923076923076923,6.868464730290456,-0.22787980614318307,-0.7308024660450407,0.20049946485907955,0.8772727272727273,2.103448275862069,8.778675807324552,0.5434538580002151,-0.6057781902340633,Oil & Gas Midstream,Energy,ENLC
2022Q1,2022,Q1,2022-05-04,2022-03-31,66000000.0,2227700000.0,-17400000.0,0.13,280300000.0,0.1258248418,8640200000.0,1290200000.0,1177800000.0,1184300000.0,5734400000.0,73600000.0,0.0,4670600000.0,8937200000.0,2.665702479338843,0.9945115257958288,0.501759218536608,3.3601767167880947,-0.002939419696507732,2.665702479338843,0.05115485971167261,2.0966018763747365,17.69166666666667,3.6200589055960317,0.8545454545454545,26.45923913043478,0.012075536333661627,0.25782967986852157,0.8418475048551887,0.0076387120668503046,18.871111111111112,0.12582484176504916,-0.27777777777777773,13.933014354066986,-0.37123492664357305,-0.738465951556128,-0.05367994598244429,-0.255079006772009,-1.14332784184514,1.3030303032021864,0.014532505054973936,-0.6989527559988289,Oil & Gas Midstream,Energy,ENLC
2021Q4,2021,Q4,2022-02-16,2021-12-31,88600000.0,2247100000.0,121400000.0,0.18,296200000.0,0.1318143385,8483200000.0,1324400000.0,920400000.0,898900000.0,5496200000.0,49400000.0,209200000.0,3353363000.0,7708963000.0,2.7211834805835218,1.0239181221492937,0.5165267823462845,3.308517064331018,0.018494232558229105,2.7211834805835218,0.06689821806100876,1.492306973432424,9.462085214446953,2.531986559951676,0.5237020316027088,39.491902834008094,0.013836855717678046,0.2648882497170879,0.9059962175992881,0.010444172010562053,18.754826621923936,0.13181433848070848,45.87499999999999,9.40195350160421,-0.32400987798124103,-0.7395858224759243,0.10770381451009724,45.63157894736842,0.2250252270433905,1.535418606542514,-0.5905458915385355,-0.7162280203898571,Oil & Gas Midstream,Energy,ENLC
2021Q3,2021,Q3,2021-11-03,2021-09-30,1900000.0,1821200000.0,99100000.0,0.00384,267400000.0,0.1468262683944652,8626500000.0,1334600000.0,992700000.0,1110100000.0,5571300000.0,116600000.0,0.0,3332252000.0,7704552000.0,2.7314776913630783,0.8942437618232592,0.5110299658030487,3.3031619961037015,0.015145308239549604,2.7314776913630783,0.0014236475348419003,1.8297012958488907,438.4542105263158,2.496817023827364,24.526315789473685,13.325900514579759,0.013984536583667741,0.21111690720454412,0.6857039906314747,0.00022025155045499333,21.526175710594316,0.1468262683944652,1.096,-5.8476112508002684e-05,-0.3928792096391704,-0.7447217110875627,0.12400168137873056,1.087962962962963,0.2853437094682231,-0.9084901999351447,-0.6813690396452622,-0.7304815085629548,Oil & Gas Midstream,Energy,ENLC
2021Q2,2021,Q2,2021-08-04,2021-06-30,-21600000.0,1444900000.0,77100000.0,-0.04,237900000.0,0.164648072530971,8566500000.0,1382100000.0,808100000.0,1039500000.0,5468500000.0,76500000.0,0.0,3131100000.0,7571900000.0,2.8206122448979594,0.7773929773929774,0.522220276659079,3.236813544606034,0.007712625574663715,2.8206122448979594,-0.01562839157803343,2.1670011765520103,-36.23958333333333,2.2654655958324286,-2.162037037037037,15.777777777777779,0.014914886142250328,0.1686686511410728,0.5987493987493987,-0.002521449833654351,22.7882096069869,0.164648072530971,-0.3333333333333334,-10.918367346938776,-0.4890946271664889,-0.742305246126468,-0.033319788703778955,-0.7007874015748031,-0.041044776119402986,-1.2938775515451895,-0.6907477407601437,-0.7184265005323869,Oil & Gas Midstream,Energy,ENLC
2021Q1,2021,Q1,2021-05-05,2021-03-31,-12700000.0,1331800000.0,80400000.0,-0.03,246100000.0,0.1847875056314762,8516300000.0,1442500000.0,725400000.0,998000000.0,5353900000.0,36800000.0,0.0,2102100000.0,6543500000.0,2.943877551020408,0.7268537074148297,0.530065873677536,3.129428076256499,0.012108636356030053,2.943877551020408,-0.00880415944540728,1.5783901486709717,-41.379921259842526,1.457261698440208,-3.7086614173228347,29.502717391304348,0.02240616526330812,0.15638246656411822,0.6208416833667335,-0.0014912579406549792,10.391003460207612,0.1847875056314762,0.903225806451613,0.9898784697445411,-0.45433175359796774,-0.7383382649254678,0.04857264593097571,0.916116248348745,-0.12892741061755147,-1.3781155365371955,-0.7208273811455084,-0.717825756912207,Oil & Gas Midstream,Energy,ENLC
2020Q4,2020,Q4,2021-02-17,2020-12-31,-151400000.0,1078000000.0,92300000.0,-0.31,234700000.0,0.21771799628942487,8550900000.0,1493500000.0,651400000.0,888000000.0,5337900000.0,44900000.0,0.0,1811916129.87,6382416129.87,3.058025097661415,0.7335585585585586,0.539136231273901,3.0867760294609976,-0.05351936189433534,3.058025097661415,-0.10137261466354201,1.6808127364285714,-2.991935485254293,1.2132012921794442,-0.30713342140026423,18.78173719376392,0.02566343951214577,0.1260686009659802,0.6393018018018019,-0.01770573857722579,14.815340391414553,0.21771799628942487,-11.333333333333332,0.7366683912236658,-0.6592714125115874,-0.7803177490326795,0.04870420017873101,-13.015873015873016,-0.08159203980099503,-1.2767857139391552,-0.773046912856949,-0.7122178250475094,Oil & Gas Midstream,Energy,ENLC
2020Q3,2020,Q3,2020-11-05,2020-09-30,12600000.0,933600000.0,100500000.0,0.03,223800000.0,0.2397172236503856,8667200000.0,1682200000.0,581400000.0,502000000.0,5256100000.0,63900000.0,0.0,987000000.0,5575200000.0,4.005238095238095,1.1581673306772908,0.5384784013291489,2.774402568065628,0.01369051458208693,4.005238095238095,0.007490191416002853,1.05719794344473,19.583333333333336,0.5867316609202236,3.6825396825396823,11.107981220657276,0.04701114488348531,0.10771644821857117,0.9762948207171315,0.0014537566918958833,5.1034126163391935,0.2397172236503856,1.9999999999999996,1.0254705274043434,-0.6868086984235945,-0.7388787043444393,0.0586565752128666,2.073170731707317,0.4214992927864215,-0.12612903225806457,-0.7139461308251389,-0.5893579335793357,Oil & Gas Midstream,Energy,ENLC
2020Q2,2020,Q2,2020-08-05,2020-06-30,4100000.0,767300000.0,70700000.0,0.01,211400000.0,0.27551153395021505,8718800000.0,1705900000.0,507200000.0,430100000.0,5289200000.0,39700000.0,0.0,1000400000.0,5713400000.0,4.1607317073170735,1.1792606370611485,0.5465201633252282,2.7932469664106923,0.007826189835418072,4.1607317073170735,0.002403423412861246,1.3037925192232505,61.0,0.586435312738144,11.341463414634147,14.002518891687657,0.04648140743702519,0.08800523007753361,1.0199953499186236,0.00047024819929348074,23.15740740740741,0.27551153395021505,1.0169491525423728,-0.898641975308642,-0.758663085931888,-0.7509869710083601,-0.033820840950639856,1.0142956764295676,1.2879837067209776,-0.6938983050847457,-0.7321820184762862,-0.5821452781285306,Oil & Gas Midstream,Energy,ENLC
2020Q1,2020,Q1,2020-05-08,2020-03-31,-286800000.0,1136900000.0,-245500000.0,-0.59,218800000.0,0.19245316210748525,9055100000.0,1740300000.0,723700000.0,522500000.0,5594100000.0,7300000.0,0.0,534711864.50000006,5249011864.5,3.580115062137358,1.3850717703349282,0.5491270112975009,2.857208527265414,-0.03229706285534495,3.580115062137358,-0.1647991725564558,0.47032444762072306,-0.46610169499651327,0.30725269465034766,-0.3253138075313807,125.76712328767124,0.17448649673641195,0.125553555454937,1.2051674641148324,-0.03167275899769191,7.638740921428572,0.19245316210748525,0.6927083333333334,-6.943435581785923,-0.5897524098812353,-0.7874557476307201,-0.20175118569865014,0.6944710770214126,0.7012291590604843,-54.95684209550778,-0.6804990179715341,-0.6487522544796908,Oil & Gas Midstream,Energy,ENLC
2019Q4,2019,Q4,2020-02-26,2019-12-31,-938700000.0,1157500000.0,-821700000.0,-1.92,274100000.0,0.2368034557235421,9335800000.0,2124500000.0,644400000.0,647100000.0,5529700000.0,43400000.0,0.0,2996995312.5,7704995312.5,4.345413870246085,0.9958275382475661,0.5125859594250091,2.2524829371616852,-0.11910318376376665,4.345413870246085,-0.44184514003294895,2.58919681425486,-0.7981770833333334,1.4106826606260296,-0.14829018855864493,20.35483870967742,0.04644651909177786,0.12398508965487692,0.8865708545819811,-0.1005484264872855,55.499913194444446,0.2368034557235421,-97.0,-13.064367816091954,-0.6001700667343102,-0.7431251577982346,0.12474353713582273,-80.55084745762711,-9.515025906735751,-87.61538461538461,-0.6533631680585015,-0.5841488135231563,Oil & Gas Midstream,Energy,ENLC
2019Q3,2019,Q3,2019-11-08,2019-09-30,11800000.0,1400500000.0,96500000.0,0.02,243700000.0,0.17400928239914315,10384300000.0,3192500000.0,674800000.0,710800000.0,5520900000.0,49800000.0,0.0,5015000000.0,9622400000.0,5.411016949152542,0.9493528418683174,0.45353081093573955,1.4752075176194206,0.010427324508884901,5.411016949152542,0.0036961628817541114,3.5808639771510173,106.25,1.5708692247454972,11.847457627118644,23.228915662650603,0.02787637088733799,0.1348670589254933,0.8394766460326393,0.0011363308070837708,55.78420467185762,0.17400928239914315,1.6666666666666667,-0.8861111111111112,-0.5441551224546501,-0.6797637112839605,-0.022462896109105495,1.7329192546583851,0.8173258003766478,4.142857142857143,-0.6133642327023093,-0.4942974813876128,Oil & Gas Midstream,Energy,ENLC
2019Q2,2019,Q2,2019-08-07,2019-06-30,-16100000.0,1703100000.0,53100000.0,-0.03,249300000.0,0.14638013035053726,10393000000.0,3312700000.0,703600000.0,709200000.0,5446300000.0,51500000.0,0.0,4998672000.0,9574272000.0,6.799466338259442,0.9921037789058094,0.4459347637833157,1.3990400579587647,0.016387343752013617,6.799466338259442,-0.0048600839194614665,2.935043156596794,-77.6191304347826,1.5089419506746762,-8.521739130434783,28.229126213592235,0.02744729000022406,0.1638699124410661,0.876057529610829,-0.001549119599730588,70.80271954674221,0.14638013035053726,0.9333333333333333,-1.1881784802043422,-0.38275936321245063,-0.598779376290955,-0.048109965635738834,0.9086783891094725,1.5986471251409244,-8.435344827586208,-0.39433618449221824,-0.37879203081580576,Oil & Gas Midstream,Energy,ENLC
2019Q1,2019,Q1,2019-05-02,2019-03-31,-176300000.0,1777400000.0,-88700000.0,-0.45,261900000.0,0.14735006188815122,10506800000.0,3469100000.0,821600000.0,835800000.0,5423300000.0,73400000.0,0.0,5085275558.440001,9578275558.44,8.854764600763037,0.9830102895429529,0.4276944455019606,1.2953503790608516,-0.01126445026598749,8.854764600763037,-0.050820097431610506,2.8610754801620346,-7.211111115201362,1.4658774778588108,-0.2892796369824163,20.647138964577657,0.010028955051483024,0.16916663494118095,0.884781048097631,-0.01677960939581985,226.0122470417778,0.14735006188815122,-0.32352941176470584,-2.7446808500742206,0.02723720358238365,-0.47193403835449527,-0.06962699822380107,-1.8760195758564437,0.5334034718569174,0.8242679196800975,-0.08918299874960249,-0.21295874948701585,Oil & Gas Midstream,Energy,ENLC
2018Q4,2018,Q4,2019-02-20,2018-12-31,-61300000.0,2033000000.0,-190100000.0,-0.34,281500000.0,0.1384653221839646,10694100000.0,1728900000.0,1036100000.0,1280000000.0,5719900000.0,41300000.0,0.0,1710991179.82,6041391179.82,9.589331139466235,0.809453125,0.41432191582274336,2.5627855862108855,-0.0309794866270209,9.589331139466235,-0.03545607033373822,0.8416090407378258,-6.977941190130506,0.9896414944878247,-0.8123980424143556,42.409200968523,0.02910593613068132,0.19010482415537538,0.744296875,-0.005732132671286036,16.3106880821735,0.1384653221839646,-9.5,-4.170143708006029,2.214758296616139,10.480037279162438,0.01845151953690304,-8.96103896103896,-3.1169265033407574,0.7111846875803832,0.7406434245850467,-0.3111221187818367,Oil & Gas Midstream,Energy,ENLC
2018Q3,2018,Q3,2018-11-07,2018-09-30,7700000.0,2119700000.0,89800000.0,0.04,276400000.0,0.1303958107279332,11198300000.0,1836400000.0,1248300000.0,1576700000.0,5822900000.0,119400000.0,0.0,3149256000.0,7421256000.0,10.13465783664459,0.7917168770216274,0.38727306823357116,2.361576998475278,0.013359260635505417,10.13465783664459,0.004192986277499456,1.48570835495589,102.24857142857142,1.7149074275756917,6.402597402597403,15.438023450586265,0.01565449109249931,0.18928765973406678,0.6970888564723791,0.0006876043685202218,-25.133727055067837,0.1303958107279332,-0.7333333333333333,1.1802832805152954,0.1912719312048385,2.2164231223218533,-0.10550161812297734,-0.725,-0.396505376344086,1.036078561628669,0.6482168340953718,-0.3392714933784476,Oil & Gas Midstream,Energy,ENLC
2018Q2,2018,Q2,2018-08-01,2018-06-30,28000000.0,1779900000.0,148800000.0,0.15,309000000.0,0.17360525872240012,10783600000.0,1869900000.0,915200000.0,1355700000.0,5353100000.0,60800000.0,0.0,3070666672.15,7107766672.15,10.017321410683355,0.675075606697647,0.3777866389702882,2.17867265629178,0.023580874188229753,10.017321410683355,0.014974062784106103,1.7251905568571269,27.416666715624995,1.6421555549227231,1.7214285714285715,24.192434210526315,0.015696917036668014,0.16505619644645572,0.6122298443608468,0.0025965354798026634,241.78477733464567,0.17360525872240012,1.1428571428571426,2.530212124972642,-0.0016870169459405064,0.03868950335968841,0.27897350993377484,1.2580645161290323,0.4131054131054131,0.5203703676554234,0.22962092093985775,-0.40047959774230685,Oil & Gas Midstream,Energy,ENLC
2018Q1,2018,Q1,2018-05-02,2018-03-31,12400000.0,1761200000.0,105300000.0,0.07,241600000.0,0.1371791960027254,10615100000.0,1887300000.0,846900000.0,903500000.0,5142800000.0,22000000.0,0.0,2650185000.0,6548085000.0,10.432835820895523,0.9373547315993359,0.36882365686616236,2.0744449743019127,0.016165858960292507,10.432835820895523,0.006570232607428602,1.504760958437429,53.43114919354839,1.404220314735336,3.8306451612903225,69.07272727272728,0.017923277054243385,0.1659145933622858,0.8956281128943,0.0011681472619193413,217.2282786885246,0.1371791960027254,-0.9369369369369369,2.1105598257576785,0.03908981114440248,0.5486100783819505,-0.02383838383838384,-0.9387956564659428,0.08668730650154799,-0.3094920760885417,0.7077371159136248,-0.38062345730311486,Oil & Gas Midstream,Energy,ENLC
2017Q4,2017,Q4,2018-02-21,2017-12-31,202600000.0,1759300000.0,96900000.0,1.11,247500000.0,0.1406809526516228,10537800000.0,1922200000.0,808700000.0,1040100000.0,4981100000.0,30100000.0,0.0,3183714283.2000003,6694614283.200001,10.626179672755127,0.7775213921738294,0.33613277913796047,1.8427322859223807,0.08617580466632548,10.626179672755127,0.10540006242846738,1.809648316489513,3.928571425468905,1.6562866939964627,0.2295162882527147,50.22591362126246,0.014605581991252723,0.16695135607052705,0.7313719834631286,0.019226024407371558,73.35747196313365,0.1406809526516228,36.00000000000001,10.360521961192353,-0.12362305345019976,2.194337471426319,0.1570827489481066,31.677419354838708,0.34396671289875175,6.037547898278093,0.6424735276703084,-0.371843900684194,Oil & Gas Midstream,Energy,ENLC
2017Q3,2017,Q3,2017-11-01,2017-09-30,6200000.0,1403400000.0,72100000.0,0.03,213900000.0,0.15241556220607097,10548300000.0,1761500000.0,816300000.0,964000000.0,5112000000.0,59100000.0,0.0,3115350000.0,6513950000.0,9.75359911406423,0.8467842323651452,0.33564650227998827,2.0099347147317626,0.012048796791443848,9.75359911406423,0.0035197275049673573,2.2198589140658402,125.61895161290322,1.7685779165483964,7.516129032258065,20.126903553299492,0.014958190893479063,0.13304513523506156,0.7658713692946059,0.0005877724372647725,366.51176470588234,0.15241556220607097,0.0,1.3771685685842945,-0.09500713517371251,1.740875737333769,0.14323890967397113,0.05084745762711865,0.04644412191582003,-0.804509659160822,0.49227788713655496,-0.4227598229199475,Oil & Gas Midstream,Energy,ENLC
2017Q2,2017,Q2,2017-08-02,2017-06-30,5900000.0,1262000000.0,68900000.0,0.03,187100000.0,0.148256735340729,10258400000.0,1798300000.0,555300000.0,829900000.0,5136000000.0,42100000.0,0.0,3178560000.0000005,6863960000.0,9.957364341085272,0.6691167610555488,0.3603680885908134,2.055719290440972,0.011214251304477504,9.957364341085272,0.003280876383250848,2.518668779714739,134.68474576271188,1.7675360062281043,7.88135593220339,25.53206650831354,0.014629266082754454,0.1230211339000234,0.5918785395830823,0.0005751384231459097,-49.742723004694845,0.148256735340729,4.0,1.9254750247712304,-0.05754367803237371,1.8026628915567526,-0.007427055702917772,4.105263157894737,0.21946902654867256,-0.8139688692014273,0.23385251382366948,-0.41243919262476714,Oil & Gas Midstream,Energy,ENLC
2017Q1,2017,Q1,2017-05-03,2017-03-31,-1900000.0,1319100000.0,56500000.0,-0.01,188500000.0,0.14290046243650975,10177500000.0,1836700000.0,557500000.0,836900000.0,4963400000.0,28100000.0,0.0,3495879999.9999995,7001980000.0,10.192563817980021,0.6661488827816944,0.3459690493736183,1.9170795448358469,0.007973330881168007,10.192563817980021,-0.0010344639843197039,2.6502008945493136,-459.98421052631574,1.9033483965808242,-24.42105263157895,40.23487544483986,0.013272766799775735,0.12960943257184968,0.6300633289520851,-0.00018668631785802013,-44.420330368487924,0.14290046243650975,0.5384615384615384,0.39484747586856356,-0.06751932428470618,2.0789806233100303,-0.00684931506849315,0.5128205128205128,0.4413265306122449,-1.0408791912322268,0.6574799994422262,-0.3921525577641006,Oil & Gas Midstream,Energy,ENLC
2016Q4,2016,Q4,2017-02-15,2016-12-31,-3900000.0,1229400000.0,39200000.0,-0.021666666666666667,189800000.0,0.154384252480885,10275900000.0,1880900000.0,773300000.0,887500000.0,5010300000.0,33500000.0,0.0,3429000000.0,6905700000.0,10.449444444444444,0.8713239436619719,0.32068237332009847,1.7519804348981871,0.007226640382464437,10.449444444444444,-0.0020734754638736773,2.789165446559297,-219.80769230769232,1.8230634270827797,-11.897435897435898,31.03283582089552,0.01353164187809857,0.11963915569439174,0.832112676056338,-0.00037952880039704553,-40.15222482435597,0.154384252480885,-6.60586459680897,0.4347862539156071,-0.32982243070327,2.0360776553243305,-0.0047194546407970635,-6.571428571428571,-0.40515933232169954,0.6705300571781796,0.947211873938492,11.509737125986485,Oil & Gas Midstream,Energy,ENLC
2016Q3,2016,Q3,2016-11-02,2016-09-30,700000.0,1105100000.0,65900000.0,0.003865,190700000.0,0.17256356890779115,10197200000.0,1926000000.0,540200000.0,762900000.0,4837500000.0,39500000.0,0.0,3015000000.0,6200100000.0,10.7,0.708087560623935,0.3182442239046013,1.6849428868120457,0.007564416827712183,10.7,0.00036344755970924193,2.728259885983169,1076.7857142857142,1.5654205607476637,66.14285714285714,23.149367088607594,0.015356550580431179,0.10837288667477346,0.6506750557084808,6.86462950613894e-05,41.41483516483517,0.17256356890779115,-0.12651,1.1155671004757906,-0.4401398212596421,2.0025253756548316,0.05011013215859031,-0.125,0.4579646017699115,1.0164986517320058,-0.3747930798781447,2.39584502640084,Oil & Gas Midstream,Energy,ENLC
2016Q2,2016,Q2,2016-08-03,2016-06-30,800000.0,1038900000.0,45200000.0,0.004424778761061947,181600000.0,0.17480026951583405,10162300000.0,1970200000.0,491900000.0,691400000.0,4882000000.0,39600000.0,0.0,2863800000.0,6217700000.0,10.945555555555556,0.7114550188024299,0.3310372651860307,1.7074916252157142,-0.016946928369233078,10.945555555555556,0.00040605014719317836,2.756569448455097,894.9375,1.4535580144147802,58.0,21.6489898989899,0.016202248760388296,0.10223079420997215,0.6465143187735031,7.87223364789467e-05,-66.6,0.17480026951583405,1.0017284292035398,1.1952573262918091,-0.45162146165014266,1.9595648119999824,-0.002197802197802198,1.0017482517482517,1.0548011639185257,1.0453396185986716,-0.39571873412543956,0.1349374945552749,Oil & Gas Midstream,Energy,ENLC
2016Q1,2016,Q1,2016-05-04,2016-03-31,-457600000.0,890100000.0,-824800000.0,-2.56,182000000.0,0.2044714077069992,10066300000.0,2010500000.0,439500000.0,680800000.0,4706400000.0,33600000.0,0.0,2010375000.0,5208775000.0,11.25069949636262,0.6455640423031728,0.31830960730357727,1.5937329022631186,-0.158204569728339,11.25069949636262,-0.22760507336483463,2.258594539939333,-1.0983255026223777,0.9999378264113404,-0.10118006993006994,21.074404761904763,0.023030529130137412,0.08842375053395984,0.5807873090481787,-0.04545860941954839,34.07415254237288,0.2044714077069992,-1.1746094154164513,-77.48028586084686,-0.4792992974308023,-0.401178950068042,-0.1233140655105973,-1.3673047077082257,-0.19466975666280417,-40.487790262400715,-0.46838500184876886,0.6700106210833053,Oil & Gas Midstream,Energy,ENLC
2015Q4,2015,Q4,2016-02-17,2015-12-31,-193300000.0,1063700000.0,-690400000.0,-1.1772228989037758,207600000.0,0.19516781047287768,9565100000.0,2285700000.0,493700000.0,432400000.0,4140200000.0,41800000.0,0.0,2477778000.0,5550078000.0,13.920219244823386,1.1417668825161886,0.32308078326415823,1.3520147000918756,-0.12924641495839725,13.920219244823386,-0.08456927855799098,2.3293955062517626,-3.2045757889291258,1.0840346502165639,-0.21831350232798757,20.480861244019138,0.01703138860705035,0.11120636480538625,1.0062442183163738,-0.020208884381762868,167.41743243243243,0.19516781047287768,0.0023534755052746514,-25.435081446791827,-0.289062162986203,2.539176963544365,0.011695906432748537,0.000517063081695967,0.056572834107679694,-8.838768562236531,-0.41626132697996276,3.1845592031741092,Oil & Gas Midstream,Energy,ENLC
2015Q3,2015,Q3,2015-11-04,2015-09-30,-193400000.0,1165400000.0,-731800000.0,-1.18,205200000.0,0.1760768834734855,10273900000.0,2518600000.0,655500000.0,536700000.0,4018500000.0,74000000.0,0.0,3001576000.0,5770576000.0,15.338611449451887,1.2213527110117384,0.2775479613389268,1.1321766060509808,-0.13630913292837246,15.338611449451887,-0.07678869213054872,2.57557576797666,-3.880010341261634,1.1917636782339396,-0.21354705274043434,12.975675675675676,0.01375943837504031,0.11343306826034905,1.0545928824296626,-0.018824399692424495,26.445603524229075,0.1760768834734855,-14.111111111111112,-26.891416602074333,-0.2681940695285486,-0.21563548028791604,-0.010607521697203472,-12.938271604938272,-11.249299719887954,-11.940315557595952,-0.173423050844065,3.3103297023527625,Oil & Gas Midstream,Energy,ENLC
2015Q2,2015,Q2,2015-08-05,2015-06-30,16200000.0,1273300000.0,71400000.0,0.09,207400000.0,0.1628838451268358,11128500000.0,2743600000.0,714700000.0,543500000.0,4009900000.0,70900000.0,0.0,5104978000.0,7860178000.0,16.708891595615103,1.3149954001839927,0.25405041110661813,1.0304709141274238,0.010431216158918321,16.708891595615103,0.005904650823735238,4.009249980365978,78.78052469135802,1.8606859600524859,2.5,15.033850493653032,0.007933432817927914,0.11441793593026912,1.158785648574057,0.0014557217953902143,-58.34260571428572,0.1628838451268358,-0.10000000000000009,3.1079168390948064,-0.10328082010019939,-0.1560896948199484,0.0990990990990991,-0.006134969325153374,0.43373493975903615,3.794938778126803,0.045868804605651604,3.702990553519399,Oil & Gas Midstream,Energy,ENLC
2015Q1,2015,Q1,2015-05-06,2015-03-31,16300000.0,936100000.0,49800000.0,0.1,188700000.0,0.2015810276679842,10892500000.0,2765800000.0,687400000.0,525700000.0,3659900000.0,72400000.0,0.0,5343068000.0,7726968000.0,16.84409257003654,1.307589880159787,0.22893734220794124,0.9016197845108106,0.006592736679786147,16.84409257003654,0.00589341239424398,5.707796175622263,81.94889570552147,1.93183455058211,2.3803680981595092,10.323204419889503,0.007261745499027899,0.08593986688088134,1.1426669202967472,0.0014964425063116824,349.22013071895424,0.2015810276679842,-0.37164750957854403,1.8558797188391902,-0.38931055843152373,3.0952012666425768,-0.007364544976328248,-0.37547892720306514,-0.5074183976261127,6.697449525707747,-0.2737836887052646,4.08828157140361,Oil & Gas Midstream,Energy,ENLC
2014Q4,2014,Q4,2015-02-20,2014-12-31,26100000.0,971100000.0,101100000.0,0.15914634146341464,190100000.0,0.19575738852847285,10097300000.0,2774300000.0,646900000.0,480400000.0,3126200000.0,48700000.0,0.0,5831840000.0,7799140000.0,16.916463414634148,1.346586178184846,0.20160835074722946,0.7337706808924774,0.01703646644229604,16.916463414634148,0.009407778538730491,6.0053959427453405,55.86053639846744,2.1020942219659013,1.4559386973180077,16.036960985626283,0.00651595379845812,0.09617422479276638,1.2104496253122399,0.0025848494151901992,-37.26415335463259,0.19575738852847285,-0.06384505021520809,-0.38876444795512066,-0.32198179788070885,-0.03615282173338693,0.03653217011995638,-0.09375,0.13213885778275475,5.151616915422887,-0.418982396935994,3.9150648011328655,Oil & Gas Midstream,Energy,ENLC
2014Q3,2014,Q3,2014-11-05,2014-09-30,28800000.0,854000000.0,89300000.0,0.17,183400000.0,0.21475409836065573,9527800000.0,2771100000.0,480800000.0,419500000.0,2869900000.0,57300000.0,0.0,6778120000.0,8592520000.0,16.896951219512196,1.1461263408820024,0.19457797182980333,0.6690123055826206,0.015322066696768367,16.896951219512196,0.01039298473530367,7.936908665105387,58.83784722222222,2.4460033921547395,1.2604166666666667,11.703315881326352,0.005355467297716771,0.0896324440059615,1.0069129916567343,0.0030227334746741118,-185.19453551912568,0.21475409836065573,-0.055555555555555455,-0.47214882054419927,-0.3097258721248454,2.649830024081197,-0.048261546445251685,0.0,-0.028291621327529923,6.218639798488665,-0.5251411599658357,3.7414509166156282,Oil & Gas Midstream,Energy,ENLC
2014Q2,2014,Q2,2014-08-06,2014-06-30,28800000.0,928800000.0,91900000.0,0.18,192700000.0,0.20747200689061154,9379200000.0,2779300000.0,482500000.0,458400000.0,2724000000.0,46600000.0,0.0,6832239999.999999,8510139999.999999,16.946951219512194,1.0525741710296683,0.18059109518935518,0.609434030151477,0.015965720654633468,16.946951219512194,0.01036232144784658,7.355986218776915,59.30763888888889,2.4582592739178932,0.0,15.796137339055795,0.0,0.09902763561924258,0.9502617801047121,0.0030706243602865915,-51.02494398805078,0.20747200689061154,3.4999999999999996,3.6437064318796137,-0.2754539802302404,2.9587963523353267,0.4045189504373178,-0.3191489361702128,0.2418918918918919,8.715045575432454,-0.4619067214884731,3.582280017252424,Oil & Gas Midstream,Energy,ENLC
2014Q1,2014,Q1,2014-05-09,2014-03-31,42300000.0,724300000.0,74000000.0,0.04,137200000.0,0.18942427171061715,9353800000.0,2750000000.0,626600000.0,633800000.0,2753000000.0,39100000.0,0.0,5566160000.0,7077460000.0,16.76829268292683,0.9886399495108867,0.18521884154033655,0.63,0.011082086059750005,16.76829268292683,0.015381818181818182,7.684881954991026,32.896926713947984,2.0240581818181815,0.0,15.0153452685422,0.0,0.07743377023241892,0.9261596718207636,0.00452222626098484,268.8966183574879,0.18942427171061715,1.6082522021325916,2.3546555105621176,-0.44185905924625035,2.8599897088904815,1.3547988466291363,4.9221140472878995,16.381417584701726,8.904886385289636,-0.5383120365879386,-0.10750379270169276,Oil & Gas Midstream,Energy,ENLC
2013Q4,2013,Q4,2013-12-31,2013-12-31,-10785000.0,575243000.0,-4811000.0,-0.06576219512195122,58264000.0,0.10128589135374094,2848827000.0,136990000.0,313756000.0,337579000.0,1695311000.0,17935000.0,-171263000.0,5930239999.999999,7142303999.999999,0.8353048780487805,0.9294298519753894,0.4260999351662983,8.861121249726258,-0.003294885814690799,0.8353048780487805,-0.07872837433389299,10.309104152505983,-137.46499768196568,43.2895831812541,-0.5931386184515531,28.82514636186228,0.0010787084502482194,0.20192275627828576,0.855648603734237,-0.003785768668999557,-53.318468302419454,0.10128589135374094,0.7140774125132555,0.31809095812962607,-0.788800235467192,-0.8204801556485872,-0.12886682714591152,0.04124811094319495,0.923431954546178,-0.4767203269554249,-0.6150599338714313,-0.7876260617787426,Oil & Gas Midstream,Energy,ENLC
2013Q3,2013,Q3,2013-09-30,2013-09-30,-11249000.0,468643000.0,-62833000.0,-0.23,66883000.0,0.14271631070985805,2692565000.0,150374000.0,239688000.0,262907000.0,1516714000.0,20736000.0,-154081000.0,996954312.276,2085554312.276,3.150909395691895,0.9116835991434233,0.4094077580299826,7.330768616915158,-0.046251824338794184,3.150909395691895,-0.0748068150079136,2.1273214627680344,-22.15650974033247,6.629831701464348,-0.5244021690816961,19.375,0.005917021399438917,0.17405076571967623,0.8285895773030006,-0.004177800721616749,-7.354339866302745,0.14271631070985805,-1.5555555555555558,-21.2094703107684,-0.6581349869845392,-0.3673942182789016,0.09696413048826491,-1.4103278337261624,-11.689520244981287,-4.581672298798902,0.012510093034729875,-0.8388731898612322,Oil & Gas Midstream,Energy,ENLC
2013Q2,2013,Q2,2013-06-30,2013-06-30,-4667000.0,454737000.0,5878000.0,-0.09,60971000.0,0.13407969881491938,2676237000.0,459160000.0,270584000.0,275646000.0,1424503000.0,23298000.0,0.0,950295552.39,1898836552.3899999,9.644192396555345,0.9816358662922734,0.37091819595947595,2.1619152365188605,0.003671887237622801,9.644192396555345,-0.010164212910532277,2.0897695863543104,-50.90505423130491,2.0696392377167,-1.2646239554317549,16.901279079749333,0.006210699382056907,0.16991656568532607,0.8851860719908868,-0.0017438664811823467,-8.236866737655044,0.13407969881491938,-0.5,-1.2600274053216112,-0.7133742581422331,0.8529113021358062,-0.14030907193818562,-0.5895776566757494,-0.5840056617126681,-1.0943594991439018,0.10448795370731821,-0.5129040545856423,Oil & Gas Midstream,Energy,ENLC
2013Q1,2013,Q1,2013-03-31,2013-03-31,-2936000.0,445689000.0,14130000.0,-0.06,70922000.0,0.15912889929973592,2512634000.0,320461000.0,239023000.0,240994000.0,1399599000.0,14499000.0,0.0,882862032.432,1868356032.4320002,6.736902959973091,0.9918213731462194,0.39790116666414604,3.1198180121762085,0.008934580734675826,6.736902959973091,-0.009161801280030956,1.9808925785289744,-75.17558178065396,2.754974965540269,-1.9911444141689374,25.847782605696946,0.006621646174879846,0.17737919649260497,0.9204627501099613,-0.0011684948942026574,-7.968716163154047,0.15912889929973592,0.49854346676071243,-1.2667094013629987,-0.6585846319691154,0.29034672027240527,0.9930307713924407,0.48227825780285666,3.1658491722869404,0.4678434118843004,0.003663989847476348,0.6379020371811028,Oil & Gas Midstream,Energy,ENLC
2012Q4,2012,Q4,2012-12-31,2012-12-31,-5671000.0,525980000.0,-6524000.0,-0.1196514473795257,35585000.0,0.06765466367542491,2426475000.0,157666000.0,260193000.0,276119000.0,1476235000.0,11866000.0,-117583000.0,679658640.0,1717080640.0,3.3265676428390583,0.9423219698753074,0.42876930526792983,6.598746717745107,-0.004626113153913004,3.3265676428390583,-0.03596843961285249,1.292175824175824,-29.962027861047435,4.310749559194753,-1.0310350908129078,41.32774313163661,0.00860284804148153,0.21676712102947693,0.7928936436826151,-0.0023371351446027674,-18.904612817089454,0.06765466367542491,-0.32946052643917445,-1.7120569250444644,-0.5310558021542163,-0.37893700713562206,-0.44566470386640494,-0.3145572554473806,-8.256952169076753,-1.4595469667696126,0.2707168446680156,-0.8104625797204322,Oil & Gas Midstream,Energy,ENLC
2012Q3,2012,Q3,2012-09-30,2012-09-30,-4314000.0,406968000.0,899000.0,-0.09,64194000.0,0.1577372176682196,2353874000.0,168662000.0,244648000.0,217153000.0,1356834000.0,15110000.0,-106065000.0,667809640.0,1663967640.0,3.558570343488902,1.1266157962358336,0.41222724750772555,5.753109769835529,0.00068226929396927,3.558570343488902,-0.02557778278450392,1.6409389436024453,-38.70014140009272,3.9594552418446356,-1.3576726935558647,22.68524156187955,0.008770463391334095,0.17289285662699022,0.9319696251030379,-0.001832723416801409,-11.167385284280936,0.1577372176682196,-2.0,-2.920445653680371,-0.5812998904269634,-0.35013319919197217,0.0746823363969665,-1.5801435406698565,-0.9510908002829008,-1.2735906848534608,0.13821982153228007,-0.2313301545504673,Oil & Gas Midstream,Energy,ENLC
2012Q2,2012,Q2,2012-06-30,2012-06-30,-1672000.0,351194000.0,18381000.0,-0.03,59733000.0,0.17008547982027028,2248437000.0,168283000.0,423731000.0,430568000.0,1293709000.0,22874000.0,-95894000.0,663124000.0,1667284000.0,3.55282269982688,0.984120975084075,0.4502492175675814,6.015800764188896,0.011498420779697592,3.55282269982688,-0.00993564412329231,1.888198545533238,-99.15131578947368,3.9405287521615375,-3.501794258373206,12.742021509137011,0.008829419535411175,0.15619472549153035,0.10556985191653816,-0.0007436276844759271,-49.41679707876891,0.17008547982027028,-0.4999999999999999,-1.7400678890249326,-0.6597566114374135,-0.37410672964649,-0.16976385394804508,-1.0266666666666666,-0.16730089698287579,0.4685845821246274,-0.05143304041143606,-0.1700630182746435,Oil & Gas Midstream,Energy,ENLC
2012Q1,2012,Q1,2012-03-31,2012-03-31,-825000.0,371709000.0,22074000.0,-0.02,71947000.0,0.1935573257575146,1930549000.0,156746000.0,175347000.0,157870000.0,1118624000.0,16352000.0,-88368000.0,669529000.0,1518778000.0,3.3103695881731783,1.1107050104516374,0.4417826224560993,5.441178722264045,0.02187088112248792,3.3103695881731783,-0.0052632922052237375,1.8012181572143802,-202.88757575757575,4.271426384086356,-6.504242424242424,18.331824853228962,0.008014589360580348,0.1925405674758838,0.9990561854690568,-0.00042733958060634566,-26.545436523669814,0.1935573257575146,0.4782642343836373,-11.82184137675162,-0.5635778771707267,-0.43171393191222873,0.07196388396382436,0.5439469320066335,0.2700074794315632,0.9084904722994579,-0.00790711243472078,-0.23796699016454972,Oil & Gas Midstream,Energy,ENLC
2011Q4,2011,Q4,2011-12-31,2011-12-31,-1809000.0,480939000.0,17381000.0,-0.038333580555614415,67117000.0,0.13955408066303626,1962616000.0,162420000.0,209052000.0,225854000.0,1133369000.0,9965000.0,-82177000.0,596494240.0,1388479240.0,3.4417579623233245,0.9256068079378714,0.4068085657102561,4.915706193818496,0.010834493228855218,3.4417579623233245,-0.011137790912449206,1.240270055038165,-82.43425096738531,3.6725418051964045,-2.6793808734107243,41.527546412443556,0.00812581191060621,0.24504997411617963,0.8687913430800429,-0.0009217289576768966,24.450493523528447,0.13955408066303626,0.041660486109639655,-4.787357758894704,-0.35396494450453236,-0.43409489069922236,0.06818073305428676,-0.13916876574307305,0.11331027414809121,0.6025069549508641,-0.3863556345180952,-0.26031336589963466,Oil & Gas Midstream,Energy,ENLC
2011Q3,2011,Q3,2011-09-30,2011-09-30,-1588000.0,517498000.0,15612000.0,-0.04,62833000.0,0.12141689436480914,1950769000.0,168173000.0,206975000.0,202909000.0,1102121000.0,11925000.0,-75521000.0,636134680.0,1437690680.0,3.563666800873048,1.02003853944379,0.4039094326391285,4.685258632479649,0.00999737971267745,3.563666800873048,-0.009442657263651122,1.2292505091807118,-100.14714735516374,3.782620753628704,-3.043450881612091,38.12704402515723,0.007597447760590572,0.26527897459924776,0.17415195974550168,-0.0008140379511874547,124.09962543893874,0.12141689436480914,-1.0,-2.0197694889387083,-0.41095491390772093,-0.43242547410304566,-0.08466749216985942,-0.47996272134203166,-0.2981162612956885,-3.8851551260951354,-0.6182325873476043,-0.2845252150245384,Oil & Gas Midstream,Energy,ENLC
2011Q2,2011,Q2,2011-06-30,2011-06-30,-1073000.0,496147000.0,22243000.0,-0.02,68645000.0,0.13835617266656858,2011189000.0,174341000.0,246315000.0,264598000.0,1142071000.0,13835000.0,-69099000.0,560966000.0,1318414000.0,3.6983665676707678,0.9309027279117756,0.3801035109082239,4.384854968137157,0.02812091538200034,3.6983665676707678,-0.006154605055609409,1.1306447484314124,-130.7003727865797,3.217636700489271,-4.0577819198508855,30.90003614022407,0.007761611220644388,0.24669337391960677,0.860433563367826,-0.0005335152489398063,16.46848486627719,0.13835617266656858,0.3333333333333333,-1.5322642732876282,-0.4576352754404293,-0.5160333234395598,0.05945086660596052,0.3014322916666667,0.15620126832311051,-1.0603795186914766,-0.6841550972376936,-0.28944333222489455,Oil & Gas Midstream,Energy,ENLC
2011Q1,2011,Q1,2011-03-31,2011-03-31,-1536000.0,450315000.0,19238000.0,-0.03,64793000.0,0.143883725836359,1964593000.0,884449000.0,229547000.0,237570000.0,1080144000.0,11296000.0,0.0,467925500.0,1197142500.0,18.788082846521508,0.9662289009555078,0.3741456881908874,0.8310756188316115,-0.006575765125528288,18.788082846521508,-0.0017366744719028457,1.0391070694957973,-76.15974934895833,0.5290587699234213,-2.4986979166666665,34.12907223796034,0.008202160386642746,0.22921541510124488,0.8935219093319864,-0.0007818413279493513,-23.556458920660493,0.143883725836359,0.32633620689655174,-1.097359998834565,-0.5517556750722641,5.026496863594921,0.032771729601351676,0.26436781609195403,0.11337461658660802,-1.1409931625934464,-0.6514282977745354,2.5985587480262735,Oil & Gas Midstream,Energy,ENLC
2010Q4,2010,Q4,2010-12-31,2010-12-31,-2088000.0,427235000.0,17279000.0,-0.04453259965448845,62737000.0,0.14684424262993434,1991103000.0,184415000.0,248081000.0,260862000.0,1089625000.0,9780000.0,-58298000.0,415418820.0,1111208820.0,3.9331797726448694,0.951004745804295,0.36089042103798746,3.896483474771575,0.013983293685656735,3.9331797726448694,-0.011322289401621343,0.9723426685547767,-49.7388433908046,2.2526303174904427,-10.709291187739463,37.269734151329246,0.053827604632837776,0.21457202364719455,0.913513658562765,-0.001048664986191071,18.881815372028544,0.14684424262993434,-0.1133149913622112,-1.0378294368944327,-0.6738579953204806,0.35340388232352876,0.09705002885271129,-0.05454545454545454,0.07818544864595033,-1.2650176547687735,-0.6149580884304078,-0.2656838329048106,Oil & Gas Midstream,Energy,ENLC
2010Q3,2010,Q3,2010-09-30,2010-09-30,-1980000.0,454735000.0,16026000.0,-0.04,57187000.0,0.12575895851429952,1970425000.0,916897000.0,211401000.0,222327000.0,1053528000.0,11856000.0,0.0,370407300.0,1071732300.0,19.555463134770832,0.9508561713152248,0.36443711382062244,0.7831806626044147,0.006216336744919743,19.555463134770832,-0.0021594573872528756,0.814556389985376,-46.76859848484848,0.40397918195827887,-1.6737373737373737,33.53137651821862,0.00894690790381291,0.23078016164025528,0.8975293149280115,-0.0010048593577527691,21.53280432507848,0.12575895851429952,0.20000000000000004,-3.1411037979575243,-0.5257024237349056,10.073387308053423,-0.023879425118629023,0.0921595598349381,-0.04720570749108204,-1.8909971524353986,-0.527076995728668,2.571222440204232,Oil & Gas Midstream,Energy,ENLC
2010Q2,2010,Q2,2010-06-30,2010-06-30,-2181000.0,402966000.0,16820000.0,-0.05,58586000.0,0.14538695572331164,1986480000.0,922611000.0,215701000.0,229306000.0,1063869000.0,12349000.0,0.0,298693180.0,1010448180.0,19.799369071633976,0.9406688006419369,0.36125256735532196,0.777815352299073,0.006337580002610996,19.799369071633976,-0.0023639432003303667,0.741236680017669,-34.2380994956442,0.32374768997985065,-1.4351215038972949,27.887278322131348,0.010478980470863111,0.20285429503443275,0.8868149982992158,-0.001097921952398212,9.222056253666368,0.14538695572331164,0.5454545454545454,-2.0242322687182277,-0.47592960289446173,8.983823754011917,0.07045496071624338,0.5962606442058497,-0.29292080040356483,-1.9812742149592915,-0.6031645647295163,2.4880130268771854,Oil & Gas Midstream,Energy,ENLC
2010Q1,2010,Q1,2010-03-31,2010-03-31,-5402000.0,434792000.0,23788000.0,-0.11,54730000.0,0.12587628107232884,2031273000.0,191569000.0,229021000.0,233820000.0,1107384000.0,12131000.0,-48681000.0,405202499.99999994,1164784500.0,4.113129361245304,0.9794756650414849,0.37717382153949763,3.9993057331823,0.021189815335976053,4.113129361245304,-0.02819871691140007,0.9319456199746085,-18.752429655683077,2.1151778210462022,-0.034061458718992965,31.329816173439948,0.00045409394068397904,0.21404902246029953,0.9275938756308272,-0.0026594160410737503,-11.579530191752635,0.12587628107232884,-1.4224785194976866,-3.732729857858744,-0.37078963764206785,0.9938497667958479,-0.04446811110917122,-1.4462987442167878,3.499337998865141,-73.03920558239399,-0.4810179403225283,-0.2939053933466176,Oil & Gas Midstream,Energy,ENLC
2009Q4,2009,Q4,2009-12-31,2009-12-31,12104000.0,405994000.0,5287000.0,0.2603682670796765,57277000.0,0.141078439582851,2080233000.0,815910000.0,249257000.0,291048000.0,1264323000.0,14692000.0,-43279000.0,281252400.0,1144251400.0,17.550980898296334,0.8564120007696325,0.420001990161679,1.0708313416920985,0.002663629599642729,17.550980898296334,0.014834969543209422,0.6927501391646183,5.809079643093193,0.3447100783174615,0.0016523463317911435,23.735161992921316,7.11105043014744e-05,0.1951675605569184,0.8059323548005827,0.005818578976489653,39.19347826086957,0.141078439582851,-0.2110052512737077,2.9376508758763533,-0.4945813289426944,7.30450920488975,0.09705037349166826,-0.21738005948532263,-0.1726134585289515,24.724384787472037,-0.44638987822740206,1.8857897249932185,Oil & Gas Midstream,Energy,ENLC
2009Q3,2009,Q3,2009-09-30,2009-09-30,15466000.0,350698000.0,6390000.0,0.33,52210000.0,0.14887453022258468,2190905000.0,215217000.0,201594000.0,224348000.0,1427485000.0,11310000.0,-55383000.0,245456640.0,1319728640.0,4.629517294785751,0.8985772104052633,0.4955404273576444,5.044592202288853,0.0042253956770645085,4.629517294785751,0.07186235288104564,0.6999088674586111,3.9676813655761025,1.1405076736503157,0.005625242467347731,26.391511936339523,0.00035444141987766144,0.16006992544176948,0.8481644587872412,0.007059183305528994,8.839550561797752,0.14887453022258468,5.714285714285714,6.208636176463358,-0.46036653319959636,1.186205987738093,-0.12447805745141113,6.011665586519767,-0.44021024967148487,9.08202661543093,-0.5947794433920982,-0.2626706618373947,Oil & Gas Midstream,Energy,ENLC
2009Q2,2009,Q2,2009-06-30,2009-06-30,-3086000.0,363139000.0,11415000.0,-0.07,59633000.0,0.164215355552557,2436060000.0,198879000.0,415772000.0,296760000.0,1739416000.0,15667000.0,-70849000.0,193729860.0,1525312860.0,4.280834301950149,1.4010378757244912,0.5513201645279673,6.75309610366102,0.006438637379688051,4.280834301950149,-0.015516972631600118,0.533486791559155,-15.694253078418665,0.9741091819649133,0.0,19.372311227420692,0.0,0.1490681674507196,0.7775980590376061,-0.0012667996683168724,-10.310812709564107,0.164215355552557,0.631578947368421,-1.9977035442394881,-0.4495661160869885,0.9125012637632134,0.16861000607497698,0.6509839402850034,0.16479591836734694,-2.553290137312599,-0.5972059678417664,-0.439811843387511,Oil & Gas Midstream,Energy,ENLC
2009Q1,2009,Q1,2009-03-31,2009-03-31,-8842000.0,367463000.0,9800000.0,-0.19,51029000.0,0.13886840307731663,2435340000.0,201737000.0,407134000.0,275225000.0,1729390000.0,6656000.0,-67769000.0,76159960.0,1396514960.0,4.344128857210534,1.4792769552184577,0.5479124064812305,6.614319633978893,0.007155130694692071,4.344128857210534,-0.043829342163311635,0.20725885327230226,-2.1533578375933047,0.3775210298557032,-1.325718163311468,47.54116586538461,0.15391289596265545,0.15088776105184493,0.8341829412299028,-0.0036307045422815706,-1.9692297349709114,0.13886840307731663,-0.9701702127659575,-3.845864989779173,-0.2013693642576534,0.7317451097187194,0.03945653059561639,-0.9802911534154535,1.286214953271028,-1.568129478866412,-0.6292172919488339,0.3934300347136539,Oil & Gas Midstream,Energy,ENLC
2008Q4,2008,Q4,2008-12-31,2008-12-31,-4465000.0,768928000.0,-34240000.0,-0.09643836799930884,49092000.0,0.06384472928544675,2546743000.0,215429000.0,404147000.0,424578000.0,1808353000.0,9658000.0,-54693000.0,180566100.0,1430313100.0,4.6529946651115575,0.9518792777769927,0.4962047603546962,5.865997614063102,-0.0191045739326622,4.6529946651115575,-0.020726086088688152,0.2348283584418827,-10.11008398656215,0.8381698842774186,-17.519372900335945,74.53261544833299,0.4332153156101838,0.3019260286569944,0.9291319851711581,-0.0017532197006136859,-1.7515044814340588,0.06384472928544675,-10.643836799930883,-2.061634160565023,-0.3070416660137853,-0.30103824806824764,-0.22324013860540182,-9.268518518518519,-4.009580733057924,-1.081922213945222,-0.4055621930907227,0.6010915870133166,Oil & Gas Midstream,Energy,ENLC
2008Q3,2008,Q3,2008-09-30,2008-09-30,540000.0,1329910000.0,11377000.0,0.01,63201000.0,0.04752276469836305,2792494000.0,230608000.0,638403000.0,593380000.0,2029569000.0,20838000.0,-35153000.0,1156085983.701,2380520983.701,4.98084191883194,1.0758754929387577,0.47802036459165176,5.788476548948865,0.00985765497987719,4.98084191883194,0.00234163602303476,0.8692964062989225,535.2249924541667,5.013208491036738,33.153703703703705,60.78841539495153,0.01548587237662616,0.4762445326650657,0.9593026391182716,0.0001933755273959407,18.341254976853026,0.04752276469836305,-0.9729729729729729,-0.989277866678915,0.06074036650774953,0.0,-0.10652284551006559,-0.9690579876231951,-0.7011008065575494,-0.40864656153087286,0.40473890216019015,1.8204288135393432,Oil & Gas Midstream,Energy,ENLC
2008Q2,2008,Q2,2008-06-30,2008-06-30,17452000.0,1542665000.0,38063000.0,0.37,70736000.0,0.045853117818839474,2973952000.0,240955000.0,817609000.0,848307000.0,2195282000.0,0.0,-17790000.0,1604550039.9999998,2842781040.0,5.204886162353652,0.9638126291543038,0.4217996793492296,5.20600112054118,0.010944678243001448,5.204886162353652,0.07242846174596916,1.0401156699607497,22.985188517075404,6.659127388931543,0.968828787531515,0.0,0.010537533625314672,0.5187255880390806,0.8987218070816344,0.005868285701988465,-30.132395117370887,0.045853117818839474,0.608695652173913,2.6136358317543036,0.5201359273829697,0.0,-0.017173345189796033,0.6301139547917056,1.3016871258390277,7.249555767656797,1.0194607670127263,1.624561717932856,Oil & Gas Midstream,Energy,ENLC
2008Q1,2008,Q1,2008-03-31,2008-03-31,10706000.0,1269575000.0,16537000.0,0.23,71972000.0,0.05668983715022744,2726276000.0,241534000.0,612045000.0,654090000.0,2013908000.0,13425000.0,-18334000.0,1570594946.262,2836877946.262,5.221002118369288,0.9357198550658167,0.4683183214025286,5.286067385958084,0.019963064333244584,5.221002118369288,0.044325022564111055,1.237102925200953,36.67557785965814,6.502583264724635,1.1359985055109285,89.20692737430167,0.007743562418143161,0.46568102422498675,0.8997737314436851,0.0039269685094245775,-129.97310048510428,0.05668983715022744,0.3687514555569933,77.071006511301,0.14539035599585184,0.0,-0.13666406765429137,0.3851727260965196,-0.5317154669536162,4.452526944937909,0.8496993453452607,1.5308938625260018,Oil & Gas Midstream,Energy,ENLC
2007Q4,2007,Q4,2007-12-31,2007-12-31,7729000.0,1088495000.0,35314000.0,0.16803635098704234,83365000.0,0.07658739819659255,2602829000.0,246366000.0,529851000.0,569181000.0,1867429000.0,16098000.0,-16878000.0,1712891131.9919999,2928156131.9919996,5.356248369423428,0.9309007152382107,0.46991869231516936,4.964637977643019,0.009497890986948785,5.356248369423428,0.031372023737041635,1.5736325219610563,55.40468145917971,6.9526279275224665,1.4576271186440677,62.43819107963722,0.006577183914133674,0.41819689268868604,0.8875278689907077,0.0029694613053719626,-22.634834912348857,0.07658739819659255,2.3607270197408465,0.8498149038131461,-0.012585658905227932,-0.19539715526752455,0.23226216519836812,2.545412844036697,0.5910073887186881,1.5412792890030391,0.36955318324132125,1.534389054680717,Oil & Gas Midstream,Energy,ENLC
2007Q3,2007,Q3,2007-09-30,2007-09-30,2180000.0,943269000.0,22196000.0,0.05,67652000.0,0.071720792266045,2476820000.0,251867000.0,448170000.0,496987000.0,1773733000.0,25473000.0,-13341000.0,1789704359.9999998,2987877360.0,5.4758457257152795,0.9017740906703797,0.49114227113799147,4.829814942013047,0.005733522265122445,5.4758457257152795,0.008655361758388356,1.8973424972091735,205.24132568807337,7.10575168640592,4.944036697247706,34.37431790523299,0.006022223692856177,0.38083873676730645,0.8327682615440646,0.0008801608514143136,-40.92998124685541,0.071720792266045,0.0,-0.956429205181298,-0.2426895457361599,0.0,0.1344725236027032,-0.005927952576379389,0.06578315567079612,0.026957313058278257,0.4669724087264855,1.5858693144903364,Oil & Gas Midstream,Energy,ENLC
2007Q2,2007,Q2,2007-06-30,2007-06-30,2193000.0,1001916000.0,20826000.0,0.05,59633000.0,0.05951896166944135,2424143000.0,260984000.0,465728000.0,506587000.0,1698424000.0,17652000.0,-4743000.0,1320919210.0,2446590210.0,5.676403419100855,0.9193445548346089,0.46772158243139944,4.344419581277013,0.0070316033854152474,5.676403419100855,0.008402813965607088,1.3183931686887922,150.58358527131784,5.06130341323606,4.684450524395805,53.38108996147745,0.0077771599672624946,0.4133073007656726,0.8571479331289591,0.0009046496019417997,-18.515569027627873,0.05951896166944135,30.456081081081084,-0.5427835066857942,-0.0059088984683087235,0.0,0.3201319401399097,28.635135135135137,0.797204004142216,-0.2835859334792648,0.5345585344764082,1.5359843308381882,Oil & Gas Midstream,Energy,ENLC
2007Q1,2007,Q1,2007-03-31,2007-03-31,74000.0,826752000.0,11588000.0,0.0015895177746751154,45172000.0,0.05463790834494504,2292642000.0,267737000.0,431150000.0,445420000.0,1551685000.0,10768000.0,3337000.0,1321407500.0,2361791500.0,5.825181671815848,0.9679628216065735,0.4578896312638432,3.920926132734736,0.009199317674870503,5.825181671815848,0.0002763906370804185,1.5983118274887753,4464.214527027027,4.935468388754636,138.8108108108108,72.58358098068351,0.007773529361684416,0.3606110330352493,0.9182928472003952,3.227717192653716e-05,-11.890432098765432,0.05463790834494504,-0.8429556438620985,-0.4568500486376543,-0.2492490329481009,0.0,2.6280544943415265,-0.8408602150537634,0.1437031188314252,-0.9759353559114565,0.8154803161105337,1.3221525431148868,Oil & Gas Midstream,Energy,ENLC
