Quarters,Year,Quarter,FillingDate,Date,NetIncome,Revenue,OperatingIncome,EPSDiluted,GrossProfit,GrossProfitRatio,TotalAssets,CommonStockEquity,CurrentAssets,CurrentLiability,TotalLiability,Inventory,RetainedEarnings,MarketCap,EnterpriseValue,bookValuePerShare,currentRatio,debtToAssets,debtToEquity,roic,shareholdersEquityPerShare,roe,priceToSalesRatio,peRatio,pbRatio,payoutRatio,inventoryTurnover,dividendYield,assetTurnover,quickRatio,returnOnAssets,priceToFreeCashFlowsRatio,grossProfitMargin,epsdilutedGrowth,fiveYNetIncomeGrowthPerShare,fiveYRevenueGrowthPerShare,fiveYShareholdersEquityGrowthPerShare,grossProfitGrowth,netIncomeGrowth,operatingIncomeGrowth,threeYNetIncomeGrowthPerShare,threeYRevenueGrowthPerShare,threeYShareholdersEquityGrowthPerShare,Industry,Sector,Symbol
2023Q1,2023,Q1,2023-05-04,2023-03-31,294126000.0,2885509000.0,396567000.0,1.06,2059934000.0,0.7138892999,34296064000.0,6944015000.0,1437301000.0,539333000.0,27352049000.0,0.0,10296539000.0,17120068020.0,18714243020.0,25.253075711786803,2.664960237923509,0.08270721678149423,0.40848586876612447,0.031884344824538696,25.253075711786803,0.042356763342245085,5.933118912469169,14.551644550294771,2.465442257829224,0.5391974867913751,0.0,0.009263514596713616,0.08413528152968223,5.038178639170976,0.008576086165456187,39.46616693292392,0.7138892999467338,-0.22627737226277375,0.8278386313558403,0.5890185718087291,0.3171036827124554,4.415150288379135,-0.23048586819736122,-0.22327356912578689,87.58748343704612,0.6348020666261024,0.3121017255841089,Insurance—Property & Casualty,Financial Services,WRB
2022Q4,2022,Q4,2023-02-24,2022-12-31,382223000.0,2979672000.0,510562000.0,1.37,380402000.0,0.1276657297,33880928000.0,6748332000.0,3250896000.0,39123000.0,27112767000.0,0.0,10161005000.0,20074676250.0,21462524250.0,24.395235427022143,83.09424123916878,0.08374015021076164,0.42042892969699774,0.04252726723920918,24.395235427022143,0.056639625910521296,6.737210085539616,13.130212107853268,2.9747612076584256,0.13878024085416105,0.0,0.002642383834210029,0.08794540692628018,226.8537688827544,0.011281361596707151,25.806674041345335,0.12766572965078035,0.6707317073170734,1.5393704484696369,0.9033994535639004,0.28079354404432305,-0.8135218497907769,0.6699784602344471,0.6134049612893032,2.319928160730795,0.5612811020027868,0.15114140113583702,Insurance—Property & Casualty,Financial Services,WRB
2022Q3,2022,Q3,2022-11-04,2022-09-30,228879000.0,2765465000.0,316450000.0,0.82,2039928000.0,0.7376437597,39446795000.0,6346066000.0,8217860000.0,579262000.0,33076819000.0,0.0,9805237000.0,17901059360.0,19612787360.0,22.89411671332506,14.186775586867428,0.07205852845586061,0.44791182442792116,0.02772758768990591,22.89411671332506,0.03606628106294514,6.473073917044692,19.552972706102352,2.820812036937529,0.6954067433010456,0.0,0.008891317368381712,0.07010620254446527,14.186775586867428,0.005802220433878088,23.728618148269902,0.7376437597293765,0.2812499999999999,0.44241687810942487,0.39158658341442415,0.1934562163722971,4.090837464696542,0.27635761367818784,0.24517982214527426,0.4308855933313823,0.4365309283537994,0.08224983656808904,Insurance—Property & Casualty,Financial Services,WRB
2022Q2,2022,Q2,2022-08-02,2022-06-30,179322000.0,39827000.0,254140000.0,0.64,-659992000.0,-16.5714716147,39229320000.0,6514485000.0,8328425000.0,541689000.0,32692447000.0,0.0,9602948000.0,18895391900.0,20419072900.0,23.533713852211765,15.37491992637842,0.0724020706961018,0.43599517076177163,0.021906527725656728,23.533713852211765,0.027526657901583932,474.43673638486456,26.342824500061344,2.9005196726986098,0.0,0.0,0.0,0.0010152355432110473,15.37491992637842,0.004571121803793693,36.68602096466993,-16.571471614733724,-0.6981132075471698,0.6759186634368538,-0.9779622883407344,0.25537123053293215,-1.226057404891188,-0.6976173212147784,-0.6677956264681162,-0.14575862745790297,-0.9796752997418876,0.12522208355678532,Insurance—Property & Casualty,Financial Services,WRB
2022Q1,2022,Q1,2022-05-03,2022-03-31,593030000.0,2919577000.0,765011000.0,2.12,2919577000.0,1.0,32274250000.0,6864503000.0,8769850000.0,524562000.0,25386451000.0,0.0,9582790000.0,18430247480.0,19157393480.0,24.80201393204515,16.718424132895635,0.08805741419242895,0.41401205593471224,0.06381374446718885,24.80201393204515,0.08639081372679129,6.312643057538815,7.769525774412762,2.6848626156911872,0.038755206313339965,0.0,0.0012470261196948398,0.0904614979434069,16.718424132895635,0.01837471048901214,39.33313303511977,1.0,1.0,3.760310218897636,0.5513192727031017,0.31326213349627763,0.1295450949168136,1.01503212675372,0.9511754068716094,2.3861148878814697,0.5497543008926464,0.2297767679643999,Insurance—Property & Casualty,Financial Services,WRB
2021Q4,2021,Q4,2022-02-24,2021-12-31,294303000.0,2584737000.0,392077000.0,1.06,2584737000.0,1.0,32101133000.0,6653011000.0,7979654000.0,514980000.0,25433403000.0,0.0,9015135000.0,15195691261.8,16893916261.8,24.048128709507182,15.495075536914054,0.101774227096595,0.49106607519512596,0.032801416455592695,24.048128709507182,0.044236060935417064,5.879008681270086,12.908202823110875,2.2840321865994206,0.6783111283269284,0.0,0.013137210842249834,0.08051855989008239,15.495075536914054,0.009167994163944307,23.503931469396782,1.0,0.13978494623655913,0.9004458851540925,0.2931893991724542,0.3005287152435565,0.06071824292714156,0.1263160311829068,0.08500387425282267,1.2978734911825598,0.36517533772460636,0.2643557232709458,Insurance—Property & Casualty,Financial Services,WRB
2021Q3,2021,Q3,2021-11-04,2021-09-30,261297000.0,2436780000.0,361360000.0,0.93,2436780000.0,1.0,31544288000.0,6648441000.0,8425852000.0,557478000.0,24895847000.0,0.0,8920334000.0,13540577831.550001,14737666831.550001,23.954331976803886,15.114232310512701,0.10354071076196109,0.4912607331553367,0.02932171514929052,23.954331976803886,0.03930199576111151,5.556750232499446,12.955160058812387,2.0366545828638625,0.515972246141364,0.0,0.009956886750125259,0.07724948491466982,15.114232310512701,0.00828349652399826,16.446711808028667,1.0,0.09411764705882361,0.176611514426041,0.19744329277919767,0.34106161792479656,0.06075584698140484,0.1014129271027407,0.07039182928707687,0.6591758246402863,0.2814170597674022,0.25704619523196304,Insurance—Property & Casualty,Financial Services,WRB
2021Q2,2021,Q2,2021-08-02,2021-06-30,237238000.0,2297211000.0,337596000.0,0.85,2297211000.0,1.0,30297917000.0,6578276000.0,7963693000.0,535286000.0,23719641000.0,0.0,8682088000.0,13781086650.0,14909933650.0,23.68565436166095,14.877454295460744,0.09634477512100914,0.44374027480756356,0.028167657200849294,23.68565436166095,0.03606385624440203,5.999051306127299,14.522427530581105,2.094938955130493,0.0,0.0,0.0,0.0758207569187017,14.877454295460744,0.007830175255942512,39.667163618465366,1.0,0.03658536585365857,1.162679774824532,0.22094193257804826,0.3328993587601906,0.062312280025138,0.03360418255092038,0.02138396747022945,0.3503163635281045,0.22049432044787803,0.2425891491794099,Insurance—Property & Casualty,Financial Services,WRB
2021Q1,2021,Q1,2021-05-05,2021-03-31,229525000.0,2162463000.0,330528000.0,0.82,2162463000.0,1.0,29791274000.0,6414600000.0,7704061000.0,463467000.0,29791274000.0,0.0,8556621000.0,13954433990.25,15249936990.25,23.091336159183562,16.622674322012138,0.11112025621999247,0.5160748916534157,0.02660005738000888,23.091336159183562,0.03578165435101176,6.45302786232643,15.199252794085611,2.175417639486484,0.09273499618777911,0.0,0.001525321630018952,0.07258712735816535,16.622674322012138,0.00770443721205075,46.49649134756996,1.0,-0.26126126126126137,0.9099049163151338,0.2637307459825325,0.34262494033739477,-0.05497619810310266,-0.26469646003523944,-0.23969360292595404,0.411920631964649,0.17877543957064657,0.20435562943394073,Insurance—Property & Casualty,Financial Services,WRB
2020Q4,2020,Q4,2021-02-18,2020-12-31,312150000.0,2288263000.0,434730000.0,1.11,2288263000.0,1.0,28606913000.0,6310802000.0,8120954000.0,426124000.0,28606913000.0,0.0,8348381000.0,12333729060.0,12686697060.0,22.65675783865484,19.057724981460794,0.09526837097033154,0.4318522431855729,0.037640666465599645,22.65675783865484,0.049462809956642595,5.389996281021893,9.878046660259491,1.954383778797053,0.06831651449623578,0.0,0.0017289985774991557,0.07998986119194336,19.057724981460794,0.010911698161909325,26.096668253575306,1.0,1.0555555555555556,1.832641461796728,0.3471816266785753,0.3662070100646876,0.12459614044434135,1.0579780851540763,0.7708375764784475,1.0595731380550213,0.4516838790008496,0.18952035759332497,Insurance—Property & Casualty,Financial Services,WRB
2020Q3,2020,Q3,2020-11-05,2020-09-30,151678000.0,2034742000.0,245494000.0,0.54,2034742000.0,1.0,28212370000.0,5995112000.0,7775067000.0,406844000.0,28212370000.0,0.0,8057556000.0,11359539038.25,11860905038.25,21.51503961097803,19.110683701861156,0.10891722318968594,0.5125530598927927,0.019983975066997298,21.51503961097803,0.0253002779597779,5.582790859111376,18.7231158082418,1.8948001368865168,0.14110154406044384,0.0,0.0018840553237182323,0.07212233498993527,19.110683701861156,0.005376294157491909,20.68933060788303,1.0,1.1600000000000001,-0.0115475900223852,0.14998692638112893,0.3008579151014792,0.046996822077505086,1.1285152960987932,0.711642240597939,-0.049104082641408364,0.018537345273501194,0.12156577564195802,Insurance—Property & Casualty,Financial Services,WRB
2020Q2,2020,Q2,2020-08-03,2020-06-30,71260000.0,1943408000.0,143426000.0,0.25,1943408000.0,1.0,27322349000.0,5801116000.0,7507923000.0,424806000.0,27322349000.0,0.0,7927280000.0,10654727611.050001,11148548611.050001,20.794878274787298,17.673768732080056,0.10704229713191937,0.5041524768682439,0.011169521521030207,20.794878274787298,0.012283843315665469,5.48249652726036,37.3797628790696,1.8366686015328775,0.2996211058097109,0.0,0.002003899187235619,0.07112887694978202,17.673768732080056,0.0026081212856185975,25.43428598619758,1.0,21.161290322580648,-0.4217728465353046,0.15412695487702094,0.28638023307245003,0.060724798338128244,21.20986954055587,3.882753455436781,-0.3391549609797637,0.06705631703452207,0.10927208907780692,Insurance—Property & Casualty,Financial Services,WRB
2020Q1,2020,Q1,2020-05-04,2020-03-31,-3526000.0,1832151000.0,29374000.0,-0.0124,1832151000.0,1.0,26089929000.0,5493475000.0,5791496000.0,368724000.0,26089929000.0,0.0,7877371000.0,9927272790.0,11593328790.0,19.246278866484136,15.706859331098599,0.10084611575600685,0.4789442019850823,0.0019709538060996633,19.246278866484136,-0.000641852379413759,5.418370423616831,-703.8622227736812,1.8071025698669785,-5.6917186613726605,0.0,0.002021602551328702,0.07022445327467161,15.706859331098599,-0.00013514793390200487,71.97170213074463,1.0,-1.0302439024390244,-1.029594955259722,0.10085172035109455,0.19140161181624424,-0.07359742732106153,-1.0295542554439843,-0.8366041430256103,-1.0274449645094146,-0.056016741914789316,0.019086970732101805,Insurance—Property & Casualty,Financial Services,WRB
2019Q4,2019,Q4,2020-02-20,2019-12-31,119306000.0,1977705000.0,179772000.0,0.41,1977705000.0,1.0,26643428000.0,6074939000.0,6072140000.0,360314000.0,26643428000.0,0.0,7932372000.0,13205434155.3,14808003155.3,21.192214442944405,16.852356555670887,0.09857136251386271,0.4323136413386208,0.01686385506371391,21.192214442944405,0.019639044935266015,6.6771506141209125,27.671353819799503,2.1737558443467497,1.4932694080767104,0.0,0.013491112666560615,0.0742286240344148,16.852356555670887,0.004477877246126137,45.5212246902728,1.0,-0.2807017543859649,0.07277943789686699,0.17743276196631647,0.3175690024710398,-0.005331674299629936,-0.27784368795699965,-0.25564563544970476,-0.25647688245978273,-0.04505433848715251,0.14608016929618461,Insurance—Property & Casualty,Financial Services,WRB
2019Q3,2019,Q3,2019-11-07,2019-09-30,165208000.0,1988306000.0,241514000.0,0.57,1988306000.0,1.0,26218511000.0,6056296000.0,5554084000.0,336547000.0,26218511000.0,0.0,7971019000.0,13785952716.9,15316180716.9,21.154188191817475,16.503145177345214,0.08935587532030327,0.3868334704908743,0.023395621337142666,21.154188191817475,0.02727871953418393,6.933516630186701,20.861509002136703,2.2763010125165613,0.6763171274998789,0.0,0.008104844278410161,0.07583596185153306,16.503145177345214,0.006301196891005748,34.34467542825112,1.0,-0.24000000000000007,-0.12427195387624577,0.14089523054939013,0.28536577801200325,-0.017107993715995837,-0.2376504898273722,-0.23019991330290435,-0.2788015746030277,-0.0527886728972545,0.18429809981240486,Insurance—Property & Casualty,Financial Services,WRB
2019Q2,2019,Q2,2019-08-05,2019-06-30,216709000.0,2022914000.0,313736000.0,0.75,2022914000.0,1.0,26487903000.0,5976760000.0,6151409000.0,294949000.0,26487903000.0,0.0,7826015000.0,12653807040.0,14177298040.0,20.914728031130146,20.855839484114203,0.10501642957541787,0.465413535092592,0.028452464924835504,20.914728031130146,0.036258608342981814,6.25523726663615,14.597694419705688,2.1171683386985594,0.08445426816606602,0.0,0.0014463631334147484,0.07637124010911699,20.855839484114203,0.008181432860124866,39.941185880540765,1.0,0.19047619047619047,0.21045745086122483,0.20270473146302556,0.30047437386829595,0.04060111544013177,0.19912904903664191,0.1651440200840798,0.9199858183780578,0.04492387082091746,0.17696674770619555,Insurance—Property & Casualty,Financial Services,WRB
2019Q1,2019,Q1,2019-05-08,2019-03-31,180722000.0,1943986000.0,269268000.0,0.63,1943986000.0,1.0,25585261000.0,5759952000.0,5507889000.0,262781000.0,25585261000.0,0.0,7721039000.0,10766491642.3022,12611760642.3022,20.167899230279758,20.959997107857873,0.10876172027324638,0.4831111439817554,0.024950213414707045,20.167899230279758,0.031375608685627936,5.538358631339012,14.893720247537932,1.8691981534398552,0.0,0.0,0.0,0.07598069841851525,20.959997107857873,0.007063519891393721,143.49391108078262,1.0,0.3695652173913043,0.08978662782839465,0.23204103585393196,0.3467602756460725,-0.006456545704605751,0.3654132384384657,0.35106196155563696,0.4626994206810784,0.10499754724695129,0.17264433353354905,Insurance—Property & Casualty,Financial Services,WRB
2018Q4,2018,Q4,2019-02-22,2018-12-31,132357000.0,1956619000.0,199301000.0,0.46,1956619000.0,1.0,24895977000.0,5437851000.0,5184592000.0,256917000.0,24895977000.0,0.0,7558619000.0,9391525146.675,11363442146.675,19.020065529733657,20.180027012614968,0.1120469785138378,0.5129818746412875,0.020296931386038043,19.020065529733657,0.024339946055895977,4.799874245663054,17.73900350316757,1.7270655534097938,1.1999365352795848,0.0,0.01691099129476633,0.0785917740846242,20.180027012614968,0.005316401119747178,35.655399061777466,1.0,-0.1785714285714286,0.07099210648024132,0.3083747222656705,0.32306604886181955,0.0007416238698547287,-0.1825778162055336,-0.19163408342391744,0.1701638582794832,0.1222716088633222,0.14691373954123657,Insurance—Property & Casualty,Financial Services,WRB
2018Q3,2018,Q3,2018-11-08,2018-09-30,161920000.0,1955169000.0,246548000.0,0.56,1955169000.0,1.0,24855649000.0,5437848000.0,5105587000.0,231197000.0,24855649000.0,0.0,7505706000.0,9953382960.0,11831818960.0,19.05604747674654,22.083275302015164,0.10853878729941834,0.49611574284533144,0.023818543080921427,19.05604747674654,0.02977648510955069,5.0908044061664235,15.367747900197632,1.8303900660702546,0.11275938735177865,0.0,0.0018343512023373408,0.07866095148028522,22.083275302015164,0.006514414489840921,45.808172529960785,1.0,-0.09677419354838701,0.2607985650082746,0.3661967136596679,0.3280666225693083,0.013478356202443852,-0.10081910315146467,-0.08088158542222752,0.03037326002538001,0.07901819823786896,0.1521805508564639,Insurance—Property & Casualty,Financial Services,WRB
2018Q2,2018,Q2,2018-08-06,2018-06-30,180075000.0,1929167000.0,268244000.0,0.62,1929167000.0,1.0,24621144000.0,5426118000.0,5247187000.0,252358000.0,24621144000.0,0.0,7423162000.0,9161089644.15,10949059644.15,19.0615332326881,20.79263189595733,0.10962821223904137,0.4974407117574664,0.026034097969954935,19.0615332326881,0.03318670917219272,4.74872815269492,12.718436268429821,1.6883321822617938,0.3379536304317645,0.0,0.006642987064192901,0.0783540764799556,20.79263189595733,0.007313835620310738,74.00209737186478,1.0,0.06896551724137938,0.6680453330062246,0.3870695580948047,0.37504777363645253,0.027375126679991032,0.08220750498810067,0.0865843828103164,0.43195658690665384,0.12275031669945484,0.17915475332756556,Insurance—Property & Casualty,Financial Services,WRB
2018Q1,2018,Q1,2018-05-07,2018-03-31,166396000.0,1877763000.0,246869000.0,0.58,1877763000.0,1.0,24587832000.0,5451776000.0,5193694000.0,248746000.0,24587832000.0,0.0,7322201000.0,9187459340.625,10910421340.625,19.173187383228925,20.879507610172627,0.10897931139272467,0.49150313585884675,0.024112739605986578,19.173187383228925,0.03052143008076634,4.892768331586574,13.803606067190618,1.6852231897688024,0.10226207360753864,0.0,0.0018520898290954985,0.0763696042823133,20.879507610172627,0.0067674124339226005,-269.1349368903243,1.0,0.07407407407407393,0.5358402018901716,0.43030758684588694,0.34018930759318167,0.1679235765612065,0.07637671503147055,0.04342441725311186,0.40195783939113244,0.13256993933705719,0.18687703272412975,Insurance—Property & Casualty,Financial Services,WRB
2017Q4,2017,Q4,2018-02-23,2017-12-31,154589000.0,1607779000.0,236595000.0,0.54,1607779000.0,1.0,24312630000.0,5411344000.0,5273442000.0,246460000.0,24312630000.0,0.0,6956882000.0,9047189633.625,10593988633.625,19.046969388985243,21.39674592225919,0.10271492635720611,0.4614879408886221,0.023212765672338438,19.046969388985243,0.028567579514442252,5.627135093582513,14.631037191561173,1.6718932733947427,0.6134201010421181,0.0,0.01048148694126627,0.06612937390977447,21.39674592225919,0.006358382453893306,61.30612190240151,1.0,-0.03571428571428574,0.005095947682326388,0.2649450991495987,0.3520952830182684,-0.20782010708709214,-0.04606489194959705,-0.09755120723194874,0.4025329263294949,-0.0341998277371889,0.1841941542025549,Insurance—Property & Casualty,Financial Services,WRB
2017Q3,2017,Q3,2017-11-08,2017-09-30,162054000.0,2029563000.0,262170000.0,0.56,2029563000.0,1.0,24336076000.0,5430536000.0,5243901000.0,228539000.0,24336076000.0,0.0,6880062000.0,8397087029.099999,10111090029.099998,19.183038639586986,22.945322242593168,0.1022350521916516,0.4581499874045582,0.023840479286769477,19.183038639586986,0.029841253239090947,4.137386732562625,12.954149587637454,1.5462722333670194,0.4789329482765004,0.0,0.009242848112807825,0.08339729872638464,22.945322242593168,0.006659002872936459,26.875236533236034,1.0,0.47368421052631593,0.742307502885757,0.5506702735637587,0.3629351948491649,0.10237572382746875,0.4866793879123702,0.3295231526793819,-0.13127289073522624,0.17774294767503682,0.165595255276426,Insurance—Property & Casualty,Financial Services,WRB
2017Q2,2017,Q2,2017-08-07,2017-06-30,109004000.0,1841081000.0,197191000.0,0.38,1841081000.0,1.0,23993491000.0,5286518000.0,5079492000.0,221633000.0,23993491000.0,0.0,6735066000.0,8669346513.3,10368031513.3,18.74641801550701,22.918482355966844,0.1036547370284716,0.4704493581597566,0.01726832416980928,18.74641801550701,0.020619243138867586,4.708834925405237,19.88309262343584,1.6398972846209925,0.14456350225679793,0.0,0.0018176687222993112,0.07673251883187819,22.918482355966844,0.004543065450542399,120.19391239601818,1.0,-0.11627906976744183,0.10418365343590522,0.433727703601315,0.38514649814528074,-0.012777560311221453,-0.1169975779079281,-0.10314323529010457,-0.3830113257960856,0.10921739715756629,0.16564921115412037,Insurance—Property & Casualty,Financial Services,WRB
2017Q1,2017,Q1,2017-05-05,2017-03-31,123447000.0,1864910000.0,219869000.0,0.43,1864910000.0,1.0,23547414000.0,5179607000.0,4655570000.0,218040000.0,23547414000.0,0.0,6703675000.0,8609299542.675001,10488177542.675001,18.885806039358744,21.35190790680609,0.1056282018908743,0.4802045792277291,0.019400060141956957,18.885806039358744,0.02383327538170367,4.6164691822527635,17.435214186401858,1.662153044174008,0.0,0.0,0.0,0.07919808094425995,21.35190790680609,0.005242486499791442,136.62301900618903,1.0,-0.1886792452830189,0.03142948476236798,0.5293296176412068,0.41901096736483573,-0.05430575339464838,-0.19204262086930343,-0.1790725460179965,-0.2248104523829939,0.2307981521198339,0.26114540026944727,Insurance—Property & Casualty,Financial Services,WRB
2016Q4,2016,Q4,2017-02-28,2016-12-31,152789000.0,1972001000.0,267830000.0,0.53,1972001000.0,1.0,23364843000.0,5047208000.0,5409680000.0,213128000.0,23364843000.0,0.0,6595987000.0,8068527630.0,9761467630.0,18.491040165155884,25.382305469013925,0.10649440272292864,0.49299038200922174,0.023559280258251186,18.491040165155884,0.03027198403553014,4.091543376499302,13.202075460275282,1.59861207027727,1.0036390054257833,0.0,0.01900532625430199,0.08440035312884404,25.382305469013925,0.006539269277349735,74.06939769764624,1.0,-0.3026315789473684,0.47186682334096386,0.6340696357398489,0.43041918971980125,-0.02468890955131756,-0.3075504192159529,-0.27347448086912884,0.29496156137440976,0.38120595829380133,0.28626620199665476,Insurance—Property & Casualty,Financial Services,WRB
2016Q3,2016,Q3,2016-11-07,2016-09-30,220650000.0,2021920000.0,368645000.0,0.76,2021920000.0,1.0,23345656000.0,4925765000.0,4652576000.0,261622000.0,23345656000.0,0.0,6519536000.0,7079178055.95,8695991055.95,17.862215767439245,17.78358089151524,0.10665268947679174,0.5054802655019068,0.033079195882850645,17.862215767439245,0.04479507244052447,3.501215703860687,8.02082263307274,1.4371733235243662,4.532064355313846e-06,0.0,1.4125933718526928e-07,0.08660797537666108,17.78358089151524,0.00945143713245839,18.751746408676603,1.0,1.0,2.232683455191865,0.7894887172668769,0.4444446807818118,0.08182031227427744,1.0249249772867015,0.908821656215858,0.77789055534046,0.4620047449749866,0.24486531610580373,Insurance—Property & Casualty,Financial Services,WRB
2016Q2,2016,Q2,2016-08-05,2016-06-30,108967000.0,1868998000.0,193127000.0,0.38,1868998000.0,1.0,23025863000.0,4902501000.0,5030721000.0,246490000.0,23025863000.0,0.0,6375893000.0,7347147654.6,8934201654.6,17.770024575368087,20.409432431335958,0.11012677353287476,0.5172388542093107,0.017860920306715936,17.770024575368087,0.022226818515692297,3.9310623417467543,16.856359389998808,1.4986529639871569,0.14631952793047437,0.0,0.0021700938581270474,0.08116950926008723,20.409432431335958,0.004732374200263417,40.195132337638896,1.0,-0.07317073170731701,0.5150174212369111,0.6986749716862585,0.4473009234184491,0.09831033970087612,-0.08822618838433283,-0.06323152068993951,0.041480543945872736,0.38656104156094945,0.2818818104265955,Insurance—Property & Casualty,Financial Services,WRB
2016Q1,2016,Q1,2016-05-10,2016-03-31,119511000.0,1701703000.0,206163000.0,0.41,1701703000.0,1.0,22230934000.0,4751213000.0,4661069000.0,256838000.0,22230934000.0,0.0,6282870000.0,6900242139.0,8324210139.0,17.1986497981937,18.147894781924794,0.1017268550210261,0.47598013391527594,0.02023812789806445,17.1986497981937,0.025153787043435013,4.054903904500374,14.434324327886136,1.4523116810380843,0.12309327174904403,0.0,0.0021319541696738133,0.0765466264260422,18.147894781924794,0.005375887490826971,53.77915576702752,1.0,0.07894736842105256,0.17968685344415564,0.5851903182550384,0.4407785387456358,0.0059837512953857955,0.08898810879766732,0.09772694599300354,0.13538870439332681,0.3341540195689719,0.20217082866151534,Insurance—Property & Casualty,Financial Services,WRB
2015Q4,2015,Q4,2016-02-22,2015-12-31,109745000.0,1691581000.0,187809000.0,0.38,1691581000.0,1.0,21730967000.0,4600246000.0,4555390000.0,224752000.0,21730967000.0,0.0,6178070000.0,6749954003.475,8171264003.475,16.583693153193586,20.26851818893714,0.10054504247325947,0.47496177378340204,0.019470074497981934,16.583693153193586,0.02385633290045793,3.9903226646994736,15.37644996007791,1.4673028362994067,0.13481251993257096,0.0,0.002191866787889704,0.07784195705602977,20.26851818893714,0.005050166428396859,28.40064965761206,1.0,-0.28301886792452835,-0.009310610285515282,0.5731160768090531,0.42261882619048674,-0.038678344048587186,-0.28086522898687477,-0.2788559009645512,-0.2692090958446107,0.36306818018586856,0.1772336495916429,Insurance—Property & Casualty,Financial Services,WRB
2015Q3,2015,Q3,2015-11-09,2015-09-30,152607000.0,1759641000.0,260432000.0,0.53,1759641000.0,1.0,21738566000.0,4583266000.0,4741687000.0,230008000.0,21738566000.0,0.0,6083120000.0,6696387705.375,7995673705.375,16.539115733711512,20.61531338040416,0.10024672280591093,0.4754731669512527,0.025694823721531368,16.539115733711512,0.03329656188403641,3.8055419857658466,10.969987787871787,1.4610515089839866,0.0969287123133277,0.0,0.002208952147159413,0.0809455876712383,20.61531338040416,0.007020104269987266,24.737850507861275,1.0,0.26190476190476203,0.9466185902793908,0.7866759887871454,0.43002137140558105,0.046724363256524175,0.24035437070752225,0.23308270676691728,0.6761081004545569,0.37342046904863196,0.175087187628389,Insurance—Property & Casualty,Financial Services,WRB
2015Q2,2015,Q2,2015-08-07,2015-06-30,123035000.0,1681093000.0,211204000.0,0.42,1681093000.0,1.0,21689809000.0,4502187000.0,4280513000.0,225213000.0,21689809000.0,0.0,5945305000.0,6427947330.0,7855634330.0,16.165421187419717,19.00650939332987,0.10069498537308466,0.48510979219654804,0.02181333757457344,16.165421187419717,0.027327829785835197,3.8236714625544215,13.061216991100093,1.4277388589145674,0.1194619417238997,0.0,0.0022865775410763987,0.0775061228063373,19.00650939332987,0.005672479642397957,25.104560217460076,1.0,0.049999999999999906,0.3638304418686329,0.7657431074862804,0.49361248864866186,0.01721669571110466,0.039963822935244746,0.039809371892200594,0.26195092217320176,0.3255631857226648,0.19444026748340668,Insurance—Property & Casualty,Financial Services,WRB
2015Q1,2015,Q1,2015-05-04,2015-03-31,118307000.0,1652640000.0,203118000.0,0.4,1652640000.0,1.0,21847052000.0,4578622000.0,4015757000.0,218443000.0,21847052000.0,0.0,5836968000.0,6362697339.224999,8200583339.224999,16.154316626401027,18.383546279807547,0.11226141632289793,0.5356592005192828,0.020280235599290767,16.154316626401027,0.025838996973325163,3.850020173313607,13.445310377291706,1.3896533365770312,0.11621459423364636,0.0,0.0021608760038356123,0.07564590407895766,18.383546279807547,0.0054152386326539615,119.30355769941123,1.0,0.08108108108108115,0.21500536508049703,0.7451470433149429,0.5297099515962598,-0.01164278862370134,0.06861106845751551,0.030700062922443015,-0.0435009833654669,0.31140418682974763,0.21377675993147663,Insurance—Property & Casualty,Financial Services,WRB
2014Q4,2014,Q4,2015-02-27,2014-12-31,110711000.0,1672108000.0,197068000.0,0.37,1672108000.0,1.0,21716691000.0,4589945000.0,4438618000.0,237270000.0,21716691000.0,0.0,5732410000.0,6501299458.5,8282445458.5,16.084329855361947,18.707034180469506,0.11307371827503555,0.5349926850975338,0.019073715837577037,16.084329855361947,0.024120332596577955,3.888085852409055,14.680789303908375,1.4164220831622163,1.270921588640695,0.0,0.021642596360645704,0.07699644480828134,18.707034180469506,0.005097968194141548,43.66218575218267,1.0,-0.41269841269841273,-0.0026102218738306513,0.7200155011254207,0.544224561993987,-0.03996408135893723,-0.4127952306949756,-0.36660559894577827,0.020123028494975694,0.3252966620817439,0.24424228563666026,Insurance—Property & Casualty,Financial Services,WRB
2014Q3,2014,Q3,2014-11-07,2014-09-30,188539000.0,1741714000.0,311130000.0,0.63,1741714000.0,1.0,22097597000.0,4708903000.0,4698376000.0,255430000.0,22097597000.0,0.0,5762406000.0,6078502895.625,7198242895.625,16.457718537158634,18.393986610813137,0.11141596074903529,0.5228447050194068,0.02941683283876786,16.457718537158634,0.040038837070969606,3.4899546628350007,8.060007340159064,1.2908532827337917,0.07403773224637873,0.0,0.002296453623481365,0.07881915848134981,18.393986610813137,0.008532104192143607,19.487315363906244,1.0,0.050000000000000044,1.4346116548500578,0.9341993832348249,0.6491907958398343,0.030166598549367693,0.04766588316357433,0.05989119363377153,1.66224911718969,0.48569644024326514,0.33086870678928304,Insurance—Property & Casualty,Financial Services,WRB
2014Q2,2014,Q2,2014-08-07,2014-06-30,179961000.0,1690711000.0,293549000.0,0.6,1690711000.0,1.0,21167194000.0,4619713000.0,4370103000.0,272455000.0,21167194000.0,0.0,5587824000.0,5912298696.6,7106594696.6,16.082383821927014,16.0397239911178,0.09623226394580217,0.4409293391169538,0.030159037682411904,16.082383821927014,0.03895501733549249,3.4969304018250313,8.213305517028688,1.2797978351901946,0.07807247125766138,0.0,0.0023764022626393635,0.07987412030144384,16.0397239911178,0.008501882677505578,59.86168009841444,1.0,0.07142857142857129,1.315991984764355,0.8344682019877292,0.7597170260703429,0.047268954410307235,0.060634278877605745,0.05629641890724855,1.4030683286727537,0.47582858888552193,0.30984900203846544,Insurance—Property & Casualty,Financial Services,WRB
2014Q1,2014,Q1,2014-05-12,2014-03-31,169673000.0,1614400000.0,277904000.0,0.56,1614400000.0,1.0,20704267000.0,4375944000.0,4200852000.0,236688000.0,20704267000.0,0.0,5421913000.0,5405320753.650001,6794300753.650001,14.975121849807119,17.74847901034273,0.09817082633256227,0.46448377767174354,0.029720426743316868,14.975121849807119,0.038774033671363256,3.3481917453233403,7.964320713445865,1.2352353580507431,0.07529188497875325,0.0,0.002363412012390485,0.07797426491843444,17.74847901034273,0.008195073991269529,40.54943476954585,1.0,0.3658536585365856,11.375495484087763,1.0780433439483639,0.765355339065413,0.02326949308101475,0.3013828914165625,0.34106076910827254,0.5833624978095842,0.42173138930991017,0.2545074427045407,Insurance—Property & Casualty,Financial Services,WRB
2013Q4,2013,Q4,2014-02-28,2013-12-31,130379000.0,1577688000.0,207227000.0,0.41,1577688000.0,1.0,20551796000.0,4336035000.0,4543332000.0,276755000.0,20551796000.0,0.0,5265015000.0,5816619816.75,7009123816.75,14.375749076242908,16.41644053404636,0.09888391262739275,0.4686867149365722,0.02424306353127465,14.375749076242908,0.030068714851240824,3.6867998088025007,11.153291206310067,1.3414605317415564,0.10263155876329777,0.0,0.0023004769817458258,0.07676642956167919,16.41644053404636,0.006343922448432244,32.4266064776617,1.0,-0.046511627906976785,2.885181428703109,0.7573363764392169,0.71043354030124,0.033633810309686304,-0.04814782367456598,-0.08858326589493684,0.08242526869289796,0.3493561748059891,0.23321211310010828,Insurance—Property & Casualty,Financial Services,WRB
2013Q3,2013,Q3,2013-11-08,2013-09-30,136974000.0,1526351000.0,227368000.0,0.43,1526351000.0,1.0,20523719000.0,4367074000.0,4603862000.0,285152000.0,20523719000.0,0.0,5148017000.0,5797589861.7,6867496861.7,14.34871350044192,16.14529093255527,0.09921364641564231,0.4662694060141871,0.024752518586699263,14.34871350044192,0.03136516578377192,3.7983333202520257,10.58155172094704,1.3275684959082443,0.1977966621402602,0.0,0.00467314878187255,0.07437009832379794,16.14529093255527,0.006673936629126524,18.89795381017263,1.0,0.19444444444444448,6.919457276152013,0.7388752984887724,0.7222494809835232,0.021718917869610183,0.1812482213234216,0.19201228878648233,0.5908518605262069,0.41111150903867216,0.24063264857528804,Insurance—Property & Casualty,Financial Services,WRB
2013Q2,2013,Q2,2013-08-06,2013-06-30,115957000.0,1493905000.0,190743000.0,0.36,1493905000.0,1.0,20211542000.0,4238604000.0,4365272000.0,337370000.0,20211542000.0,0.0,5024565000.0,5662702980.0,7039463980.0,13.862451616701252,12.939123217832053,0.10071473022691688,0.4802524604799127,0.02205331169150897,13.862451616701252,0.02735735633713364,3.7905375375274866,12.208626861681484,1.335983021768488,0.0,0.0,0.0,0.0739134599428386,12.939123217832053,0.005737167406623404,33.62330764297929,1.0,-0.027027027027027053,0.7773677888737351,0.5325572573368119,0.5912718574848398,0.0571925153936028,-0.005642498820906401,-0.00317740696416533,0.17079910600386147,0.42926403479226233,0.2808284187550898,Insurance—Property & Casualty,Financial Services,WRB
2013Q1,2013,Q1,2013-05-06,2013-03-31,116615000.0,1413087000.0,191351000.0,0.37,1413087000.0,1.0,20120634000.0,4378541000.0,4319522000.0,298557000.0,20120634000.0,0.0,4922178000.0,6005496948.75,6996541948.75,14.306327676693419,14.467997735775748,0.09624632106523084,0.442279060536375,0.02205049072744953,14.306327676693419,0.026633300910052,4.249913097176607,12.874623652081635,1.3715749033182514,0.0,0.0,0.0,0.07023073925006539,14.467997735775748,0.005795791524263102,58.83704270353679,1.0,-0.2884615384615385,-0.19610137182125195,0.33480286837499884,0.6492417627377283,0.0332755670600623,-0.2953308074856939,-0.2780161110796687,0.10909083795339888,0.38187135351776186,0.3547172761284742,Insurance—Property & Casualty,Financial Services,WRB
2012Q4,2012,Q4,2013-02-28,2012-12-31,165489000.0,1367580000.0,265035000.0,0.52,1367580000.0,1.0,20155896000.0,4306217000.0,4619665000.0,316388000.0,20155896000.0,0.0,4817807000.0,5127383950.424999,6336454950.424999,14.08700232018182,14.601264902587962,0.10491922562013617,0.49109020748373805,0.02938251003160021,14.08700232018182,0.03843025096041375,3.7492387651362256,7.745807803577579,1.19069335113047,0.8956305252917113,0.0,0.02890694385929779,0.06785012187004735,14.601264902587962,0.00821045117517971,25.150015452955774,1.0,0.625,0.1689555986370694,0.2704660361884656,0.5688967096500666,-0.03725516560706399,0.6393652114475913,0.5952125866718028,0.3917795683408263,0.3132516726602819,0.35246511252311863,Insurance—Property & Casualty,Financial Services,WRB
2012Q3,2012,Q3,2012-11-08,2012-09-30,100947000.0,1420501000.0,166144000.0,0.32,1420501000.0,1.0,19932912000.0,4324401000.0,2991284000.0,0.0,15599065000.0,0.0,4800537000.0,5107075372.349999,6038096372.349999,14.074798796071855,0.0,0.10638611157265933,0.4903765862601549,0.019476449406634806,14.074798796071855,0.02334357983914998,3.5952634826374634,12.647912697628458,1.1809902394227547,0.24456397911775485,0.0,0.004834077862579091,0.07126409829130836,0.0,0.005064337814765851,36.74287112737868,1.0,-0.058823529411764754,-0.2378851281311279,0.3744983131023424,0.6753367886467229,0.003357944604509139,-0.07250225105202227,-0.08101111787156369,0.21391496139295404,0.46903550151053885,0.41040379171454455,Insurance—Property & Casualty,Financial Services,WRB
2012Q2,2012,Q2,2012-08-08,2012-06-30,108838000.0,1415747000.0,180790000.0,0.34,1415747000.0,1.0,19462106000.0,4207784000.0,2635369000.0,299220000.0,15245264000.0,0.0,4711836000.0,5378011429.049999,6474273429.049999,13.533888321999568,8.807462736448098,0.10833781297871875,0.5010908354611359,0.020999541133387874,13.533888321999568,0.02586587144207022,3.7987093944398254,12.353248472615261,1.2781101475384666,0.10145353644866682,0.0,0.0020531752573739914,0.07274377192273025,8.807462736448098,0.005592303320103179,23.049147247865662,1.0,-0.19047619047619038,-0.1962774647571055,0.43735304730963076,0.6586919515391682,0.026867241360552113,-0.19568719608625607,-0.1638222098885343,0.2941151770361703,0.4192541854816421,0.48086340761786256,Insurance—Property & Casualty,Financial Services,WRB
2012Q1,2012,Q1,2012-05-07,2012-03-31,135318000.0,1378705000.0,216210000.0,0.42,1378705000.0,1.0,19133632000.0,4126916000.0,2772123000.0,0.0,14998177000.0,0.0,4615439000.0,4977831343.95,5991986343.95,13.30913324400198,0.0,0.10957470071547315,0.5080214862623809,0.02508287741694606,13.30913324400198,0.032789133580620494,3.6105122879441214,9.19654322401676,1.2061867370089432,0.0,0.0,0.0,0.07205662782685483,0.0,0.007072258941741955,84.79110402422198,1.0,0.13513513513513511,0.006760754414315031,0.42218704749198416,0.6356812203968591,0.005654460802084389,0.14748231942065362,0.2133949917501936,8.79789192517151,0.6724006899842914,0.5689588149117131,Insurance—Property & Casualty,Financial Services,WRB
2011Q4,2011,Q4,2012-02-28,2011-12-31,117926000.0,1370953000.0,178186000.0,0.37,1370953000.0,1.0,18487731000.0,4008426000.0,2445856000.0,0.0,14471779000.0,0.0,4546232000.0,4739440686.75,5571198686.75,12.92700789953609,0.0,0.09430578582087765,0.43495875937337997,0.02435716260681981,12.92700789953609,0.029419527764763524,3.457040968399354,10.047488863248986,1.1823695103140235,0.09311771789088072,0.0,0.0023169400622945775,0.07415474619357021,0.0,0.006378608602645722,26.758208720309845,1.0,0.5416666666666667,-0.16529483646069476,0.41271238287101214,0.6848795659099204,0.07128216789309628,0.5254048740104517,0.41922072129476234,2.418217279818902,0.48539781951539357,0.5380616182043328,Insurance—Property & Casualty,Financial Services,WRB
2011Q3,2011,Q3,2011-11-07,2011-09-30,77308000.0,1279731000.0,125552000.0,0.24,1279731000.0,1.0,18330821000.0,3862393000.0,2444898000.0,0.0,14461013000.0,0.0,4439287000.0,4121429687.9999995,5000017688.0,12.366147354131447,0.0,0.09517947941338797,0.451719439218122,0.01775538989194162,12.366147354131447,0.020015570657879712,3.220543761149804,13.327953407150618,1.0670663725830074,0.14227505562166917,0.0,0.0026687341123457255,0.06981307602098127,0.0,0.004217377934136174,16.477480011994,1.0,-0.040000000000000036,-0.3880111354839231,0.2903506700152944,0.7205581304518424,0.0069097973246762855,-0.06949760477600443,-0.09363787963009752,4.2555452242345835,0.4206537950086677,0.48428574183760215,Insurance—Property & Casualty,Financial Services,WRB
2011Q2,2011,Q2,2011-08-05,2011-06-30,83082000.0,1270949000.0,138523000.0,0.25,1270949000.0,1.0,18195124000.0,3912807000.0,2309486000.0,264929000.0,14275052000.0,0.0,4372978000.0,4594711361.85,5544462361.85,12.278044108060277,8.71737710858381,0.09588458973953681,0.4458773458542678,0.018424362338961258,12.278044108060277,0.02123334986877707,3.6151815390310706,13.825832797266555,1.1742749800462942,0.13675645747574686,0.0,0.0024728430373970743,0.06985107658513347,8.71737710858381,0.004566168386651281,29.80598208187916,1.0,-0.28571428571428564,-0.31792556449205345,0.27090932589069616,0.8975778994904432,0.02964958913631536,-0.2867701975327719,-0.26553519543593984,0.22183015561418132,0.2509657364735706,0.40939760111228557,Insurance—Property & Casualty,Financial Services,WRB
2011Q1,2011,Q1,2011-05-06,2011-03-31,116487000.0,1234351000.0,188604000.0,0.35,1234351000.0,1.0,17983511000.0,3791784000.0,2172548000.0,227017000.0,14184534000.0,0.0,4301258000.0,4547293522.875,5657078522.875,11.937053013828976,9.569979340754216,0.09675174108103807,0.45887002002223753,0.02474761906505504,11.937053013828976,0.030720895494047128,3.683954987580518,9.759229619775168,1.199249093006089,0.08508245555298016,0.0,0.0021795382132565365,0.0686379317142242,9.569979340754216,0.006477433689116658,104.39389156948047,1.0,-0.0789473684210527,-0.021607514989493207,0.2821437557672236,0.9014624643485044,0.002443675274619074,-0.08170215449621998,-0.0742862191333029,-0.22628838386504155,0.12341880445940441,0.3761104036847584,Insurance—Property & Casualty,Financial Services,WRB
2010Q4,2010,Q4,2011-02-28,2010-12-31,126851000.0,1231342000.0,203739000.0,0.38,1231342000.0,1.0,17528547000.0,3702876000.0,2093000000.0,0.0,13818691000.0,0.0,4194684000.0,3865429789.425,4965680789.425,11.657158507877817,0.0,0.09944937250075549,0.4707700176835519,0.027034741649948582,11.657158507877817,0.03425742584952885,3.139200798336287,7.618051472643101,1.0438993337678606,0.1450599522274164,0.0,0.004760402077497631,0.07024780776181848,0.0,0.007236823451481746,81.06685519535674,1.0,0.40740740740740733,0.029028067688033534,0.2444172135663874,0.9590761267709349,0.046959813351109415,0.3549706790288296,0.3768474404460213,-0.1377094297015885,0.10082901920883842,0.2982803020254442,Insurance—Property & Casualty,Financial Services,WRB
2010Q3,2010,Q3,2010-11-08,2010-09-30,93619000.0,1176112000.0,147975000.0,0.27,1176112000.0,1.0,17812851000.0,3827392000.0,2230961000.0,0.0,13978750000.0,0.0,4077797000.0,3981424853.025,4796166853.025,11.565642349425215,0.0,0.09751049958257664,0.453818161296256,0.020535741881796406,11.565642349425215,0.02446025910071401,3.3852429471215326,10.631989374552708,1.0402448594303901,0.01870346831305611,0.0,0.0004397923016604541,0.0660260392903977,0.0,0.005255699943821458,21.215483108421346,1.0,-0.12903225806451607,-0.00876154106287929,0.19926507472226793,1.04756568304777,0.011215165407353653,-0.15051675483408494,-0.1387739423463063,-0.34379188784333725,0.0565788815290729,0.37666949226516366,Insurance—Property & Casualty,Financial Services,WRB
2010Q2,2010,Q2,2010-08-06,2010-06-30,110207000.0,1163068000.0,171819000.0,0.31,1163068000.0,1.0,17416926000.0,3682362000.0,2083466000.0,0.0,13728116000.0,0.0,3994366000.0,4001148900.0,4804968900.0,10.823035633590141,0.0,0.09101967821416937,0.4305071038643132,0.024655158850019773,10.823035633590141,0.029928344904710618,3.44016764282054,9.07644001742176,1.0865713093932645,0.09481248922482238,0.0,0.0026114999119377937,0.06677802960177932,0.0,0.006327580423778571,33.32402388646434,1.0,-0.060606060606060656,0.03133486582120055,0.19541185950551185,0.9567387620945121,0.008253673235680905,-0.07084562853047803,-0.07853074621102422,-0.25631635474312875,0.0790370786792032,0.3264541327325844,Insurance—Property & Casualty,Financial Services,WRB
2010Q1,2010,Q1,2010-05-07,2010-03-31,118610000.0,1153547000.0,186462000.0,0.33,1153547000.0,1.0,17231923000.0,3645984000.0,1777984000.0,0.0,13580107000.0,0.0,3894608000.0,4003360869.375,5150407869.375,10.560378854529853,0.0,0.0921599986258063,0.43557349675697976,0.026349550942758655,10.560378854529853,0.03253168417634306,3.470479199698842,8.438076193775819,1.0980193191673358,0.15805581316921002,0.0,0.004682815417268831,0.06694244165320376,0.0,0.006883155176587082,86.4750160789502,1.0,-0.10810810810810806,0.20778210327121108,0.2239711939084815,1.0704640474399116,-0.019217786846915785,-0.11678853857953446,-0.11877463444143029,-0.20743916096227755,0.06871341052917887,0.2978616305021347,Insurance—Property & Casualty,Financial Services,WRB
2009Q4,2009,Q4,2010-02-26,2009-12-31,134294000.0,1176150000.0,211594000.0,0.37,1176150000.0,1.0,17328596000.0,3596067000.0,1873448000.0,0.0,13726650000.0,0.0,3785187000.0,3780880963.875,4860724963.875,10.415797191175992,0.0,0.09206019922214125,0.44361631749352837,0.0294762479664816,10.415797191175992,0.03734468796048572,3.2146248045529906,7.038439848159635,1.05139335943268,0.0,0.0,0.0,0.06787335800315271,0.0,0.007749848862539124,27.51552637654739,1.0,0.423076923076923,0.4234271387360493,0.22343040476817844,1.0979544724082577,0.03506176576969821,0.3742453081189497,0.43640535476688297,-0.14626961494446414,0.08851519319184133,0.3575735380113882,Insurance—Property & Casualty,Financial Services,WRB
2009Q3,2009,Q3,2009-11-09,2009-09-30,97722000.0,1136309000.0,147308000.0,0.26,1136309000.0,1.0,17392514000.0,3603045000.0,2042103000.0,0.0,13783969000.0,0.0,3660451000.0,4056610981.5,4910255981.5,9.979268971591429,0.0,0.09142076872843109,0.44130367508593427,0.022054254948169996,9.979268971591429,0.027122059258210762,3.5699893088059675,10.377936855314054,1.1258840734711888,0.09867788215550234,0.0,0.0023771074041796184,0.06533322324765702,0.0,0.005618624196594006,23.96405331730457,1.0,0.0,0.1914850147842449,0.18020815733156595,1.158030492188749,-0.01626615230915472,0.0034398841734523088,0.012558340951739402,-0.3307898567551262,-0.008856370380462586,0.3884609226576194,Insurance—Property & Casualty,Financial Services,WRB
2009Q2,2009,Q2,2009-08-07,2009-06-30,97387000.0,1155098000.0,145481000.0,0.26,1155098000.0,1.0,16656495000.0,3290272000.0,2102586000.0,0.0,13360796000.0,0.0,3572372000.0,3435363759.6,3936275759.6,9.139187485070192,0.0,0.0763920020388443,0.38672273903190985,0.024790787873197037,9.139187485070192,0.029598464807772732,2.9740885704935858,8.818845840820643,1.0440971930588108,0.09859632189101215,0.0,0.002795046077192716,0.0693482032084181,0.0,0.005846788294896375,-89.43232133912998,1.0,5.642857142857143,0.04537115731643758,0.22214047609232895,1.1319485168431866,0.19870571521376143,5.801173338591994,5.255447977301313,-0.29228102491327773,0.022445804728787672,0.4124660278410283,Insurance—Property & Casualty,Financial Services,WRB
2009Q1,2009,Q1,2009-05-08,2009-03-31,-20284000.0,963621000.0,-34187000.0,-0.056,963621000.0,1.0,16193308000.0,3074605000.0,2203487000.0,0.0,13113351000.0,0.0,3484587000.0,3632571445.5,4078122445.5,8.482780502272712,0.0,0.07852737686456653,0.4135874364349242,-0.002935695657756043,8.482780502272712,-0.006597270218450826,3.7697097152303654,-44.771389340120294,1.1814758141289692,-0.4731808321830014,0.0,0.0026422054305056887,0.059507359459846004,0.0,-0.0012526162041752063,209.6843364984992,1.0,-1.5090909090909093,-1.205374679375071,0.04401810830558078,0.9836127747152529,-0.10679482960786404,-1.503000545553737,-1.7847894954317984,-1.1493085290509928,-0.12279788172346406,0.35122870776336557,Insurance—Property & Casualty,Financial Services,WRB
2008Q4,2008,Q4,2009-02-27,2008-12-31,40326000.0,1078835000.0,43562000.0,0.11,1078835000.0,1.0,16121158000.0,3046319000.0,2458225000.0,0.0,13069478000.0,0.0,3514531000.0,4993798054.5,5130416054.5,8.404739931439291,0.0,0.07886858996109336,0.4173735580548196,0.017431009335824366,8.404739931439291,0.013237615627253745,4.628880277799664,30.958922621261713,1.6392892715766143,0.22518970391310816,0.0,0.0018184555924957658,0.06692044082689345,0.0,0.0025014332096987076,6.904577826891888,1.0,2.4473684210526314,-0.49436581994127754,0.2667212500929179,1.115966415014846,0.02198213389160975,2.4491159982751185,2.1904462602137023,-0.7133091457632237,-0.04448455419613438,0.4124818960189849,Insurance—Property & Casualty,Financial Services,WRB
2008Q3,2008,Q3,2008-11-10,2008-09-30,-27828000.0,1055630000.0,-36593000.0,-0.076,1055630000.0,1.0,16417710000.0,3049441000.0,2554951000.0,0.0,13363021000.0,0.0,3461294000.0,3831008450.625,4101424450.625,8.331379198470025,0.0,0.07761685399486286,0.41787691580194536,-0.00414700042770997,8.331379198470025,-0.009125606955504304,3.6291204784109965,-34.416850390119656,1.256298597226508,-0.7276843467011643,0.0,0.005285814495318162,0.06429824865952681,0.0,-0.0016949988762135523,10.459919975713708,1.0,-1.361904761904762,-1.4186902669065482,0.3253526638861827,1.222730391098344,-0.11967670136656385,-1.3467361102458353,-1.3132265077979217,-1.2663949536350625,-0.026786595450828288,0.4749761080147055,Insurance—Property & Casualty,Financial Services,WRB
2008Q2,2008,Q2,2008-08-08,2008-06-30,80257000.0,1199139000.0,116826000.0,0.21,1199139000.0,1.0,16547507000.0,3276738000.0,2260188000.0,0.0,13260413000.0,0.0,3498901000.0,4038883878.6,4695333878.6,8.711554566554208,0.0,0.07681821799501279,0.3879315343490996,0.021604450656735184,8.711554566554208,0.02449295610451614,3.3681532154320726,12.581095351807319,1.2325928647941948,0.00044855900419901067,0.0,8.913353560558095e-06,0.0724664446432928,0.0,0.004850096150435228,22.8190686716084,1.0,-0.5434782608695652,-0.06435941282120533,0.44538277747961014,1.4003510350517283,-0.1280282779863933,-0.574093335739076,-0.5927818521513623,-0.3206324844790724,0.11484198673555776,0.5749958769029403,Insurance—Property & Casualty,Financial Services,WRB
2008Q1,2008,Q1,2008-05-08,2008-03-31,188438000.0,1375204000.0,286888000.0,0.46,1375204000.0,1.0,16834811000.0,3448740000.0,3334191000.0,107236000.0,13375731000.0,0.0,3428602000.0,4894120552.5,5535796552.5,8.674487876747087,31.092086612704687,0.08077007814343742,0.3942741407006617,0.0425737318142821,8.674487876747087,0.05463966550102356,3.5588324005020344,6.493011696818051,1.419103948833487,0.09345779513686199,0.0,0.003598399306082479,0.08168811636792359,31.092086612704687,0.011193354056662708,23.58589581064279,1.0,0.02222222222222224,1.7732898745463448,0.833699022602187,1.6045482971205935,-0.017713533470999705,0.02342986248397819,0.013512892889568754,0.6663047031401792,0.267131477213676,0.7007169464430928,Insurance—Property & Casualty,Financial Services,WRB
2007Q4,2007,Q4,2008-02-29,2007-12-31,184124000.0,1400003000.0,283063000.0,0.45,1400003000.0,1.0,16832170000.0,3569775000.0,3465300000.0,108178000.0,13226899000.0,0.0,3248762000.0,5267838937.5,5687143937.5,8.978922725463454,32.0333154615541,0.08146115444413882,0.38410488055969916,0.040632417425582525,8.978922725463454,0.0515786008922131,3.7627340352127816,7.152569650751667,1.4756781414795048,0.049857704590384744,0.0,0.0017426500902771765,0.08317424313086191,32.0333154615541,0.010938815375557638,15.49373507344161,1.0,0.09756097560975618,1.6714985865801442,0.8056677605161683,1.821362903761783,-0.005702285175336924,0.020286706970403905,0.012697038430990935,0.6947579625988477,0.2646320166617319,0.808538582649512,Insurance—Property & Casualty,Financial Services,WRB
2007Q3,2007,Q3,2007-11-09,2007-09-30,180463000.0,1408032000.0,279514000.0,0.41,1408032000.0,1.0,16695839000.0,3516730000.0,3068030000.0,126187000.0,13144725000.0,0.0,3073652000.0,5571562566.02,6344068566.02,8.401175746544057,24.31336033030344,0.0816841250086324,0.3877991770764318,0.04030487248412155,8.401175746544057,0.05131556872435473,3.9569857545993274,7.718427830109219,1.5843020550397673,0.05396119980272965,0.0,0.001747804118613041,0.08433430629032779,24.31336033030344,0.01080886081855485,11.446973599258724,1.0,0.0,3.05310662749666,1.022092805262611,1.8828249138415625,0.015468962189785971,-0.053348580780872144,-0.04507890088791257,0.8978260877855666,0.26138218269556585,0.8167656852310895,Insurance—Property & Casualty,Financial Services,WRB
2007Q2,2007,Q2,2007-08-06,2007-06-30,190633000.0,1386583000.0,292709000.0,0.41,1386583000.0,1.0,16626837000.0,3571177000.0,3125435000.0,119018000.0,13023736000.0,0.0,2902367000.0,6328821074.76,6890537074.76,8.159374204137736,26.260187534658623,0.08201854628153268,0.3818654186000862,0.04190400639883999,8.159374204137736,0.053381000157651105,4.564329055498301,8.299744895637167,1.772194734329886,0.050867373434819785,0.0,0.001532196895038264,0.08339427396804334,26.260187534658623,0.011465379735183547,23.35711703527102,1.0,0.0,6.659787341513393,1.1270062077668788,2.0670482026314385,0.02028077564658677,0.011712820948276777,0.015430460589535178,0.6832061078270331,0.20675152787769982,0.903382085256171,Insurance—Property & Casualty,Financial Services,WRB
2007Q1,2007,Q1,2007-05-08,2007-03-31,188426000.0,1359021000.0,288261000.0,0.41,1359021000.0,1.0,16538194000.0,3537028000.0,2977894000.0,159310000.0,12970123000.0,0.0,2721474000.0,6398750880.0,7048789880.0,8.136752490667366,18.692448684953863,0.08244721279723771,0.38550104777231053,0.041449424862990726,8.136752490667366,0.0532724083609177,4.708353204255122,8.489739844819718,1.80907555156476,0.04070032798021504,0.0,0.0011985151701983433,0.0821746921096705,18.692448684953863,0.011393384307863361,18.231409961991485,1.0,-0.06818181818181825,3.7766581971654984,1.166809040617107,2.253441256379222,-0.001045247761207195,-0.04862261178656541,-0.05080822283175991,0.5907349853592817,0.22769828888923907,0.9026976096881976,Insurance—Property & Casualty,Financial Services,WRB
