Quarters,Year,Quarter,FillingDate,Date,NetIncome,Revenue,OperatingIncome,EPSDiluted,GrossProfit,GrossProfitRatio,TotalAssets,CommonStockEquity,CurrentAssets,CurrentLiability,TotalLiability,Inventory,RetainedEarnings,MarketCap,EnterpriseValue,bookValuePerShare,currentRatio,debtToAssets,debtToEquity,roic,shareholdersEquityPerShare,roe,priceToSalesRatio,peRatio,pbRatio,payoutRatio,inventoryTurnover,dividendYield,assetTurnover,quickRatio,returnOnAssets,priceToFreeCashFlowsRatio,grossProfitMargin,epsdilutedGrowth,fiveYNetIncomeGrowthPerShare,fiveYRevenueGrowthPerShare,fiveYShareholdersEquityGrowthPerShare,grossProfitGrowth,netIncomeGrowth,operatingIncomeGrowth,threeYNetIncomeGrowthPerShare,threeYRevenueGrowthPerShare,threeYShareholdersEquityGrowthPerShare,Industry,Sector,Symbol
2023Q1,2023,Q1,2023-03-31,2023-03-31,-17618000.0,13816000.0,-19364000.0,-0.48,-11062000.0,-0.8006658946,791545000.0,699372000.0,154154000.0,41125000.0,92173000.0,4883000.0,-1349937000.0,342200650.0,285631650.0,19.109046695264897,3.7484255319148936,0.07741568704242968,0.08761860640689076,-0.025465847453853066,19.109046695264897,-0.02519117150815303,24.768431528662422,-4.855838489045294,0.4892970407737227,-0.021285049381314564,5.094818758959656,0.0010958482983594567,0.017454471950426067,3.288753799392097,-0.022257736452128432,-91.01081117021276,-0.8006658946149392,-2.5,0.7814312023434814,-0.9494133750020189,-0.8462427535054537,-1.5750077970683023,-2.494697548146263,-3.116746829908177,0.9851824016416982,-0.9363533837446806,-0.8248391676030925,Marine Shipping,Industrials,NETI
2022Q4,2022,Q4,2022-12-31,2022-12-31,11787000.0,46603000.0,9148000.0,0.32,19238000.0,0.4128060425,813687000.0,714497000.0,174172000.0,45013000.0,99190000.0,5795000.0,-1333136000.0,367759650.0,312093650.0,19.525510343508323,3.8693710705796103,0.07901318320189459,0.08998218327018868,0.011229141492084914,19.525510343508323,0.016496920211001586,7.891329957298886,7.80011135148893,0.5147112584097624,0.03435988801221685,4.722174288179465,0.0011012627404882508,0.05727386574936063,3.4597560704685315,0.014485914116853287,-53.044807442665515,0.4128060425294509,-0.6631578947368421,1.7587380943907862,-0.8213936815882094,-0.8473895067856032,-0.5315346028344616,-0.6742572889318779,-0.7034299422939765,-0.9133666552699151,-0.8548702080551981,-0.846746857556864,Marine Shipping,Industrials,NETI
2022Q3,2022,Q3,2022-09-30,2022-09-30,36185000.0,69193000.0,30846000.0,0.95,41066000.0,0.5934993424,801211000.0,701045000.0,191408000.0,42605000.0,100166000.0,4861000.0,-1344950000.0,254153680.0,197694680.0,18.39819966407726,4.492618237296092,0.08395666060500917,0.0959524709540757,0.039285714143920146,18.39819966407726,0.05161580212397207,3.673112598095183,1.7559325687439546,0.36253547204530384,0.010971396987702086,5.786257971610779,0.001562047026035586,0.08636052176018552,3.8558150451824904,0.04516288468331064,7.386899959309423,0.5934993424190308,-0.3115942028985507,1.3579978365797585,-0.6616543690185405,-0.854314195274508,0.1327301814972141,-0.31371619314948984,-0.4232991194121936,1.5152338410810307,-0.8033808061446387,-0.8589145058523967,Marine Shipping,Industrials,NETI
2022Q2,2022,Q2,2022-06-30,2022-06-30,52726000.0,61282000.0,53487000.0,1.38,36254000.0,0.5915929637,800085000.0,680134000.0,112625000.0,57827000.0,119951000.0,5093000.0,-1381145000.0,233958560.0,278170560.0,17.8494121352089,1.9476196240510488,0.08780317091309048,0.10328846962510328,0.07350733795600048,17.8494121352089,0.07752295871107752,3.817737019026794,1.109313052384023,0.343988919830504,0.007719151841596176,4.914195955232672,0.0017396243163746606,0.07659436184905354,1.3526726269735592,0.06590049807207984,-39.360457604306866,0.5915929636761202,11.545454545454543,1.4424761184019192,-0.6940248967950662,-0.860109585701129,20.639219934994582,11.705060240963855,6.839220284332405,-0.3783453255273706,-0.7781306416824929,-0.864734212184398,Marine Shipping,Industrials,NETI
2022Q1,2022,Q1,2022-03-31,2022-03-31,4150000.0,22438000.0,6823000.0,0.11,-1846000.0,-0.0822711472,755471000.0,625651000.0,105521000.0,126230000.0,129820000.0,5265000.0,-1433871000.0,246360950.0,279399950.0,16.12627264994716,0.8359423274974254,0.10326670381788315,0.12469411860605993,0.0077999419942559435,16.12627264994716,0.006633090972443103,10.979630537481059,14.84102108433735,0.39376737190542327,0.09445783132530121,4.612345679012345,0.0015911612615554535,0.029700676796329706,0.638556603026222,0.0054932618194477355,-7.121493611608949,-0.08227114716106605,1.11,1.01786353195327,-0.8805359239185303,-0.8750705289068778,0.6308738252349531,1.146741628655281,1.3122940314902967,1.0881772232442013,-0.9225092283031178,-0.8732128413636822,Marine Shipping,Industrials,NETI
2021Q4,2021,Q4,2021-12-31,2021-12-31,-28281000.0,16516000.0,-21848000.0,-1.0,-5001000.0,-0.3027972875,814328000.0,626197000.0,189078000.0,132727000.0,188131000.0,5846000.0,-1432168000.0,218376360.0,205064360.0,22.194548805557524,1.4245632011572626,0.17273752099890954,0.22463378138189738,-0.02361596335161025,22.194548805557524,-0.04516310362393943,13.22210946960523,-1.9304158268802378,0.34873428010673957,-0.014073052579470316,3.680636332535067,0.0018225415974512992,0.020281753789627766,1.3516240101863224,-0.034729249147763555,-11.202234533702677,-0.3027972874788084,-16.094017094017094,0.7341442473354844,-0.8437175719521421,-0.8337128623331309,-1.5912745329865217,-31.808584686774942,0.5251467072375571,0.40472634512423483,-0.9376747630822027,-0.8210959570388591,Marine Shipping,Industrials,NETI
2021Q3,2021,Q3,2021-09-30,2021-09-30,-862000.0,34358000.0,-46010000.0,-0.0585,8458000.0,0.2461726527,748699000.0,487145000.0,115088000.0,206654000.0,261554000.0,0.0,-1404234000.0,246091200.0,378997200.0,33.0581568946797,0.5569115526435491,0.26490752625554465,0.40713955803713475,0.584425131013585,33.0581568946797,-0.001769493682579109,7.162558938238547,-71.3721577726218,0.5051703291627749,-0.22041763341067286,0.0,0.0007720714921947636,0.045890270990077454,0.5317922711391988,-0.0011513305079878563,-24.027650849443468,0.24617265265731417,-1.024375,0.9840815698446616,-0.3028571836954114,-0.7567488923016735,1.3872424499012137,-1.0328744136379238,-10.46318387494858,0.9689217845760448,-0.7284570410461346,-0.7311077754660933,Marine Shipping,Industrials,NETI
2021Q2,2021,Q2,2021-06-30,2021-06-30,26221000.0,37651000.0,4862000.0,2.4,3543000.0,0.0941010863,360451000.0,328468000.0,285172000.0,15477000.0,31983000.0,655000.0,-1403372000.0,197962380.0,-54786620.0,30.911725955204215,18.425534664340635,0.05004286296889175,0.05491554732881133,0.026874278942616375,30.911725955204215,0.07982817199848996,5.257825290164936,1.8874411731055258,0.6026839144147984,0.02139506502421723,52.073282442748095,0.002833871768969438,0.10445525189276768,18.301996510951735,0.07274497781945397,15.382887559250912,0.09410108629252875,-0.5488721804511278,1.417937348138822,0.046324943426934946,-0.8396356850350924,-0.8645538649743865,-0.5472424629623235,-0.8574402580266823,2.7120118769633805,-0.5762245217305104,-0.7523208058007798,Marine Shipping,Industrials,NETI
2021Q1,2021,Q1,2021-03-31,2021-03-31,57914000.0,59829000.0,34105000.0,5.32,26158000.0,0.4372127229,600104000.0,314683000.0,120061000.0,51458000.0,285421000.0,0.0,-1416385000.0,223569930.0,398283930.0,29.600507948452638,2.3331843445139726,0.14790936237718796,0.2820648080766994,0.08035918378768486,29.600507948452638,0.1840391759326052,3.736815423958281,0.9650944935594158,0.7104607811670793,0.009721310909279276,0.0,0.00251822774198659,0.09969771906202925,2.0452407788876363,0.09650660552170957,31.865725484606614,0.43721272292700863,1.0648859617026467,1.248449939021627,0.6368047227371815,-0.9063315457678826,2.1281989954556324,1.062040566221668,13.958333333333334,3.473490350678342,-0.24584567512345779,-0.7618252407053988,Marine Shipping,Industrials,NETI
2020Q4,2020,Q4,2020-12-31,2020-12-31,-933486000.0,50053000.0,2280000.0,-81.99,8362000.0,0.1670629133,868195000.0,272598000.0,121603000.0,87016000.0,595597000.0,10614000.0,-1458248000.0,190243350.0,276978350.0,23.94361001317523,1.3974786246207593,0.19665743294997093,0.6263325482945583,0.005526858130771763,23.94361001317523,-3.4244051680496557,3.8008381116017023,-0.050949706262332806,0.6978897497413774,-0.0006727471006528218,3.927925381571509,0.0033010352267240878,0.05765179481568081,1.136331249425393,-1.0752031513657645,21.57687989111943,0.1670629133118894,-12.920203735144312,0.2820863705236724,-0.45288926943884084,-0.9298007915080411,202.9512195121951,-12.930755570147294,1.3652090341182124,-192.13518309415355,-0.38343617926164714,-0.8128578424246561,Marine Shipping,Industrials,NETI
2020Q3,2020,Q3,2020-09-30,2020-09-30,-67009000.0,46689000.0,-6243000.0,-5.89,41000.0,0.0008781512,1428715000.0,753788000.0,68509000.0,73554000.0,674927000.0,4554000.0,-992646000.0,158479200.0,367613200.0,66.2088713219148,0.9314109361829405,0.17453025970889927,0.33080123323799265,-0.008182378444528068,66.2088713219148,-0.08889634751415518,3.394358414187496,-0.5912608754047963,0.21024372900603353,-0.008879404259129371,10.243302591128678,0.003754435913356453,0.03267901575891623,0.7237539766702015,-0.04690158639056775,-12.626818580192813,0.0008781511705112554,0.3245412844036698,0.1923834743854248,-0.2631956538748386,-0.8531421329668576,1.0027889259234066,0.02353404056889718,0.7093304776981096,-1.2188221648593591,-0.23589944017555317,-0.47572627351506314,Marine Shipping,Industrials,NETI
2020Q2,2020,Q2,2020-06-30,2020-06-30,-68624000.0,26166000.0,-21478000.0,-8.72,-14701000.0,-0.5618359703,1487713000.0,789474000.0,89632000.0,114702000.0,698239000.0,3504000.0,-956020000.0,117941320.0,300430320.0,100.33985765124555,0.7814336280099736,0.16857821367427722,0.3176748062634108,-0.022672468093297142,100.33985765124555,-0.0869236985638539,4.507426431246656,-0.42966498601072517,0.1493922789097551,-0.008174982513406388,11.662956621004566,0.0047566026902191695,0.017588069741946197,0.6679395302610243,-0.046127176411041644,-8.51869411339834,-0.5618359703431934,0.7316097260695599,0.8994631866281791,-0.5757953614141988,-0.8681308296246455,-5.5019902697921275,0.693105792279346,0.16745484146057835,-1.7889919227258673,-0.36730163268084814,-0.21361083764576314,Marine Shipping,Industrials,NETI
2020Q1,2020,Q1,2020-03-31,2020-03-31,-223608000.0,40824000.0,-25798000.0,-32.49,-2261000.0,-0.0553840878,1574107000.0,750896000.0,81439000.0,112643000.0,823211000.0,4887000.0,-910969000.0,170147760.0,509515760.0,109.09429028040098,0.7229832302051614,0.24749079954539305,0.5188161875945537,-0.03034455168371108,109.09429028040098,-0.2977882423131832,4.167836566725455,-0.19022995599441878,0.22659297692356864,-0.006484562269686237,8.816247186412932,0.008522004638791601,0.025934704565826847,0.5866676136111432,-0.14205387562598984,-8.00469326307866,-0.0553840877914952,-9.950413223140497,0.15741387549201993,-0.3012934827204405,-0.8633909002105543,-1.1793590353799779,-9.757264823372758,-6.567112645662495,-4.425339835029354,0.22514958029362533,-0.1548516957478895,Marine Shipping,Industrials,NETI
2019Q4,2019,Q4,2019-12-31,2019-12-31,25534000.0,60264000.0,4634000.0,3.63,12606000.0,0.2091796097,1665559000.0,874967000.0,65286000.0,123833000.0,790592000.0,6371000.0,-786266000.0,425029575.0,760068575.0,127.40691663633054,0.5272100328668449,0.22669205954277213,0.43152370317966277,0.004892518330183002,127.40691663633054,0.029182814894733174,7.052793956591,4.161408073548993,0.4857664060473138,0.05678702905929349,7.480458326793282,0.0034115273037176293,0.03618244685417929,0.3915272988621773,0.015330588709256172,-89.82028212172443,0.2091796097172441,2.9728260869565215,1.0650110968586406,-0.3767818706230064,-0.8662928545061449,-0.23641650009085954,3.0236170550007926,-0.47112531385528417,1.9861344895686144,1.3427676802154944,-0.04543536018575047,Marine Shipping,Industrials,NETI
2019Q3,2019,Q3,2019-09-30,2019-09-30,-12618000.0,63227000.0,8762000.0,-1.84,16509000.0,0.2611068056,1758112000.0,892750000.0,102807000.0,114394000.0,865362000.0,5992000.0,-801350000.0,347708340.0,709144340.0,130.4046158340637,0.8987097225378954,0.2511614732167234,0.49461775413049563,0.03353370110312594,130.4046158340637,-0.014133856062727526,5.499364828317017,-6.88913338088445,0.3894800784094091,-0.11483594864479316,7.796728971962617,0.004167285719980142,0.03596301032016163,0.7874801125933178,-0.007177017163866694,43.84720554854981,0.26110680563683236,-1.8440366972477065,0.8906910585774629,-0.18661346550090022,-0.8707216846470485,0.7159338946055503,-1.8369594056778986,-0.8402901826400787,0.49843616828224124,1.7614626597578849,-0.040446587761345194,Marine Shipping,Industrials,NETI
2019Q2,2019,Q2,2019-06-30,2019-06-30,15076000.0,49096000.0,54862000.0,2.18,9621000.0,0.1959630112,1779673000.0,893752000.0,158364000.0,157759000.0,885921000.0,0.0,-799421000.0,286362440.0,700010440.0,131.95806880259855,1.0038349634569184,0.3107031460273882,0.6186839302177786,0.013498743780718811,131.95806880259855,0.01686821400119944,5.832704089946228,4.748647519235872,0.32040481028294204,0.0945210931281507,0.0,0.004976211265695319,0.02758709043740058,0.9459872336918972,0.008471219150933908,-133.31584729981378,0.19596301124327847,2.8016528925619837,1.1679524331860947,-0.38935172069228735,-0.8705931152439413,0.060165289256198344,2.8421309872922778,43.03049759229535,1.376996047467819,1.1405476967225974,-0.31542595394747985,Marine Shipping,Industrials,NETI
2019Q1,2019,Q1,2019-03-31,2019-03-31,-8184000.0,50351000.0,1246000.0,-1.21,9075000.0,0.180234752,1688923000.0,858086000.0,66266000.0,153185000.0,830837000.0,0.0,-834389000.0,221956560.0,912027560.0,127.19168741847504,0.43258804713255217,0.43867719250670395,0.8634239458515813,0.0017583872497273453,127.19168741847504,-0.009537505564710298,4.408185736132351,-6.780197947214076,0.25866470260556634,-0.1739980449657869,0.0,0.006415669804938407,0.029812489971419658,0.38738127101217484,-0.00484569160346564,1008.8934545454546,0.18023475204067446,0.27976190476190477,0.867989133216363,0.5086309602708583,-0.8768277619708111,-0.6038501833420639,0.29955494693598084,1.4069235793598955,0.9446748010618863,1.1706772601019413,-0.597512016604228,Marine Shipping,Industrials,NETI
2018Q4,2018,Q4,2018-12-31,2018-12-31,-11684000.0,65171000.0,-3062000.0,-1.68,22908000.0,0.351506038,1703826000.0,860804000.0,84099000.0,152614000.0,843022000.0,3595000.0,-830920000.0,316612881.0,1003859881.0,124.05839710608616,0.5510569148308805,0.44296894166423095,0.8767872825869768,-0.0028722879759031585,124.05839710608616,-0.013573357001129176,4.858186632090961,-6.774496769085929,0.367810652599198,-0.12521396781924,11.756050069541029,0.00462078483787272,0.038249797807992134,0.4903416462447744,-0.00685750775020454,17.560337271214642,0.35150603796167007,0.10638297872340424,0.44699798710798533,0.0,-0.9147810539047468,0.14379868184541642,0.14671730081063317,-1.2358105506353485,0.985256151425369,0.168838287105218,-0.6362786865123399,Marine Shipping,Industrials,NETI
2018Q3,2018,Q3,2018-09-30,2018-09-30,-13693000.0,62465000.0,12985000.0,-1.88,20028000.0,0.3206275514,1699327000.0,894391000.0,159571000.0,148851000.0,804936000.0,0.0,-823547000.0,433729538.0,1026636538.0,122.94203356747171,1.0720183270518842,0.43294551313549423,0.8225887782860068,0.2981218749626622,122.94203356747171,-0.015309858887220466,6.943561002161211,-7.918818702986927,0.48494398758484825,-0.11078653326517199,0.0,0.003497571336725515,0.03675866975573271,1.0177089841519371,-0.008057895861126199,24.329923038088292,0.3206275514288001,-0.34285714285714286,0.5662959392433917,0.0,-0.43908319858592937,0.0333298937158188,-0.31046033113216576,0.07768279525271807,0.7417283867388076,0.5426960164536696,-0.7273023318786016,Marine Shipping,Industrials,NETI
2018Q2,2018,Q2,2018-06-30,2018-06-30,-10449000.0,60614000.0,12049000.0,-1.4,19382000.0,0.3197611113,1620850000.0,904765000.0,68646000.0,75848000.0,716085000.0,3471000.0,-823193000.0,421987574.0,1053305574.0,124.80550114492233,0.9050469359772176,0.4232927167844032,0.7583118268279608,-0.09779789362447847,124.80550114492233,-0.011548855227600538,6.961882964331672,-10.096362666283856,0.46640572303305283,-0.14546846588190257,11.878997407087295,0.0036020017973325442,0.037396427800228275,0.7948792321485075,-0.006446617515501126,117.31653433416736,0.3197611112944204,0.3636363636363637,0.0,0.0,0.0,0.4487965316190761,0.347426929802648,1.6967323187108325,0.9833855448499095,0.06653057078082039,-0.8359774641950873,Marine Shipping,Industrials,NETI
2018Q1,2018,Q1,2018-03-31,2018-03-31,-16012000.0,54253000.0,4468000.0,-2.2,13378000.0,0.2465854423,1618688000.0,903545000.0,68992000.0,57721000.0,715143000.0,0.0,-823994000.0,410184684.0,1042078684.0,124.28062501719347,1.1952668872680654,0.42298577613474614,0.7577729941508171,0.007713695516387773,124.28062501719347,-0.01772130884460652,7.560589902862515,-6.404332438171371,0.45397261232146713,-0.09630277292030977,0.0,0.0037592822456530336,0.03351665052190416,1.0753451949896917,-0.009891961885181084,51.54368987182709,0.2465854422796896,-4.238095238095239,0.7603290637440381,0.5084273665883601,-0.8796468304043382,-0.07367400637030883,-4.260183968462549,3.920704845814978,0.9428779271831036,-0.12090783715739754,-0.8443744007020818,Marine Shipping,Industrials,NETI
2017Q4,2017,Q4,2017-12-31,2017-12-31,-3044000.0,51127000.0,908000.0,-0.42,14442000.0,0.2824730573,1643410000.0,917380000.0,82555000.0,58590000.0,726030000.0,3674000.0,-818222000.0,444480698.0,1072631698.0,127.94343254023597,1.4090288445127155,0.42392707845272937,0.759430116200484,0.0015848366107945179,127.94343254023597,-0.0033181451524995093,8.693658888649832,-36.50465653745072,0.4845109965336066,0.0,9.98502994011976,0.0,0.03111031331195502,1.2816180235535075,-0.0018522462440900324,-2.465652430534368,0.2824730572887124,0.8415094339622642,0.8605794944980036,0.0,-0.9121123218159561,2.079317697228145,0.8404779373231317,1.4007060900264783,0.9925769790563136,-0.4935928456675426,-0.8657298080725826,Marine Shipping,Industrials,NETI
2017Q3,2017,Q3,2017-09-30,2017-09-30,-19082000.0,38608000.0,-2266000.0,-2.65,4690000.0,0.121477414,1434189000.0,908457000.0,77369000.0,35238000.0,525732000.0,0.0,-817154000.0,412481024.0,865157024.0,126.28683830071175,2.1956126908451106,0.3591374637512908,0.5669734505870944,-0.002845709637392289,126.28683830071175,-0.021004846679589677,10.68382262743473,-5.404059113300493,0.4540457324892648,0.0,0.0,0.0,0.026919743492663798,2.0206878937510644,-0.013305080432216395,75.54597509157509,0.1214774140074596,0.15335463258785942,0.38877724435565986,0.0,-0.42382269639735937,0.66194188518781,0.15021153417947006,0.48276649166856883,0.842681547207932,-0.5273253440805251,-0.874803897068021,Marine Shipping,Industrials,NETI
2017Q2,2017,Q2,2017-06-30,2017-06-30,-22455000.0,37742000.0,-4381000.0,-3.13,2822000.0,0.0747708124,1532150000.0,916188000.0,163215000.0,33483000.0,615962000.0,0.0,-806478000.0,414668100.0,871600100.0,127.59567712105175,4.874563211181794,0.39568841170903635,0.6617135347767052,-0.004815681642033375,127.59567712105175,-0.024509161875073675,10.986913783053362,-4.616656646626587,0.45260154029522326,0.0,0.0,0.0,0.024633358352641712,4.701191649493773,-0.014655875730183076,273.88910171730515,0.07477081235758572,0.47746243739565947,0.0,0.0,0.0,4.798115746971736,0.4772436270515656,0.8326137622740992,0.7640360443490665,-0.5572053396875613,-0.8748711675276498,Marine Shipping,Industrials,NETI
2017Q1,2017,Q1,2017-03-31,2017-03-31,-42955000.0,34728000.0,-26173000.0,-5.99,-743000.0,-0.0213948399,1563069000.0,925977000.0,182101000.0,49687000.0,637092000.0,0.0,-793060000.0,536793005.0,1038432005.0,129.08301387049556,3.6649626662909816,0.4019253148773343,0.6784585362271417,-0.020928225945856194,129.08301387049556,-0.046388841191519876,15.457066488136373,-3.124159032708649,0.5797044689014954,0.0,0.0,0.0,0.02221782915533479,2.6629098154446837,-0.02748119244895779,-22.221932646133467,-0.021394839898640865,-0.5888594164456233,0.34837345148250487,-0.021421492118912384,-0.8749962042906876,0.8617931547619048,-0.5895718462050845,-0.8571631306322288,0.34837345148250487,-0.021421492118912384,-0.8749962042906876,Marine Shipping,Industrials,NETI
2016Q4,2016,Q4,2016-12-31,2016-12-31,-27023000.0,26846000.0,-14093000.0,-3.77,-5376000.0,-0.2002532966,1547157000.0,956615000.0,115480000.0,24550000.0,590542000.0,0.0,-758496000.0,294428576.0,772166576.0,133.47123004799641,4.70386965376782,0.37453988186072906,0.6057525754875264,-0.012059806448315186,133.47123004799641,-0.028248563946833366,10.967316397228638,-2.723870184657514,0.3077816843766824,0.0,0.0,0.0,0.017351826608417893,4.316659877800407,-0.017466229994758126,-2.714528101489895,-0.20025329658049618,-0.02724795640326978,-0.23821856803410055,0.0,-0.9083151336462872,0.26857142857142857,-0.027412364078777278,0.13241812361487318,-0.23821856803410055,0.0,-0.9083151336462872,Marine Shipping,Industrials,NETI
2016Q3,2016,Q3,2016-09-30,2016-09-30,-26302000.0,23938000.0,-16244000.0,-3.67,-7350000.0,-0.3070431949,1553134000.0,972714000.0,215897000.0,17698000.0,580420000.0,0.0,-737939000.0,201412050.0,571291050.0,135.90136220747468,12.198949033789129,0.3674943694491267,0.5867788476366126,-0.013012221427846004,135.90136220747468,-0.027039808206728803,8.41390467039853,-1.914417629838035,0.2070619421536032,0.0,0.0,0.0,0.015412707467610651,11.804667194033224,-0.01693479120281959,-2.291429270290564,-0.30704319492021054,0.3779661016949153,0.153261464924182,0.0,-0.37995691802676756,0.3069306930693069,0.13171794533210088,0.15413455530097897,0.153261464924182,0.0,-0.37995691802676756,Marine Shipping,Industrials,NETI
2016Q2,2016,Q2,2016-06-30,2016-06-30,-30292000.0,17374000.0,-19204000.0,-5.9,-10605000.0,-0.6103948429,1522244000.0,988952000.0,256014000.0,13829000.0,533292000.0,0.0,-716669000.0,116411045.0,398029045.0,192.75938017737062,18.512835346012004,0.3438069061201752,0.5292046530064148,-0.015543138404090493,192.75938017737062,-0.03063040471124989,6.700301887878439,-0.9607408309124522,0.11771152189388363,0.0,0.0,0.0,0.011413413355546154,18.07759057054017,-0.019899569320030164,-1.3159589536631962,-0.6103948428686543,0.7309621523027816,0.0,0.0,0.0,0.49432576769025366,0.5363090864560373,0.624863259884357,0.0,0.0,0.0,Marine Shipping,Industrials,NETI
2016Q1,2016,Q1,2016-03-31,2016-03-31,-65328000.0,10244000.0,-51192000.0,-21.93,-20972000.0,-2.0472471691,1451411000.0,941531000.0,246152000.0,39803000.0,509880000.0,0.0,-691921000.0,79490392.0,343873392.0,316.01362690474593,6.184257468030048,0.34074979451030757,0.5252806333514244,-0.03997114597255565,316.01362690474593,-0.06938486358919674,7.759702459976571,-0.30419725079598336,0.0844267390027519,0.0,0.0,0.0,0.007057959461517103,5.9791473004547395,-0.04500999372334921,-0.4524726320582878,-2.04724716907458,0.8079852902547938,-1.3860893285047728,-0.3049952712915007,-0.6939728809044418,-1.0432579890880749,0.7912336541780113,0.8241598197356489,-1.3860893285047728,-0.3049952712915007,-0.6939728809044418,Marine Shipping,Industrials,NETI
2015Q4,2015,Q4,2015-12-31,2015-12-31,-312924000.0,22017000.0,-291128000.0,-114.21,-10264000.0,-0.4661852205,1485436000.0,934531000.0,392632000.0,127064000.0,550905000.0,0.0,-633661000.0,220425759.5,554192759.5,341.08091141679836,3.090033369010892,0.35953551684488594,0.5714813098762909,-0.20538824621580107,341.08091141679836,-0.33484603506999766,10.01161645546623,-0.17610167285027675,0.2358677876924361,0.0,0.0,0.0,0.014821910873305885,1.6408817603727255,-0.21066138157416409,-0.8169242154144924,-0.46618522051142297,-14.666666666666664,-36.50730415419058,0.0,-0.7657026329359049,-0.46482089339232197,-14.741435685899694,-16.94317411402157,-36.50730415419058,0.0,-0.7657026329359049,Marine Shipping,Industrials,NETI
2015Q3,2015,Q3,2015-09-30,2015-09-30,-19879000.0,15182000.0,-16225000.0,-7.29,-7007000.0,-0.4615333948,1651395000.0,1229755000.0,283164000.0,68780000.0,421640000.0,0.0,-331635000.0,388727234.69,516853234.69,450.8363948045968,4.116952602500727,0.24356074712591474,0.3270692129733158,-0.01094817531807028,450.8363948045968,-0.016165008477298324,25.604481273218283,-4.888666868177474,0.3161013654671052,0.0,0.0,0.0,0.009193439486010313,4.045376562954347,-0.012037701458463905,-1.0731295662508247,-0.461533394809643,0.9159654178674351,-0.6792556304590833,0.0,1.0569182174464504,0.08905356214248569,0.8594468091123775,0.8805720763160994,-0.6792556304590833,0.0,1.0569182174464504,Marine Shipping,Industrials,NETI
2015Q2,2015,Q2,2015-06-30,2015-06-30,-141434000.0,12781000.0,-135856000.0,-86.75,-7692000.0,-0.6018308427,1495299000.0,1240502000.0,485754000.0,53015000.0,254797000.0,0.0,-313583000.0,259380570.89999998,125874570.89999998,760.9045948013218,9.16257662925587,0.15974196465054816,0.1925526923777632,-0.09368140371835804,760.9045948013218,-0.1140135203328975,20.29423135122447,-0.4584834108135243,0.20909323072433578,0.0,0.0,0.0,0.008547454388720918,7.694897670470621,-0.09458576512122324,-3.234010409705251,-0.6018308426570691,-1.2497406639004147,0.0,0.0,0.0,0.05804555473916238,-1.537797635068454,-1.8070001446310875,0.0,0.0,0.0,Marine Shipping,Industrials,NETI
2015Q1,2015,Q1,2015-03-31,2015-03-31,-55731000.0,12270000.0,-48399000.0,-38.56,-8166000.0,-0.6655256724,1377214000.0,1154314000.0,287731000.0,45682000.0,222900000.0,0.0,-174937000.0,334374791.85,400058791.85,798.5872862682427,6.298563985814982,0.15440301942907927,0.18421850553662175,-0.03789933111643453,798.5872862682427,-0.04828062381639658,27.25140927872861,-1.4999497221026,0.28967403310537687,0.0,0.0,0.0,0.008909290785600495,4.055207740466704,-0.040466477976552666,-1.6815681999225536,-0.6655256723716382,0.32575625109284834,-3.195767492965845,0.7158921787116845,-0.2266492778911875,-0.02562170308967596,0.22620551768185163,0.327539493976908,-3.195767492965845,0.7158921787116845,-0.2266492778911875,Marine Shipping,Industrials,NETI
2014Q4,2014,Q4,2014-12-31,2014-12-31,-72023000.0,17732000.0,-71973000.0,-57.19,-7962000.0,-0.4490187232,1324205000.0,1199988000.0,362699000.0,20342000.0,124217000.0,0.0,-122872000.0,242155988.82999998,76657988.82999998,952.8803876991441,17.83005604168715,0.0809353536650292,0.08931339313393134,-0.05507958175009797,952.8803876991441,-0.06001976686433531,13.656439703925106,-0.8405508963456118,0.20179867534508678,0.0,0.0,0.0,0.013390675914982952,15.487464359453348,-0.054389614901016084,-2.6903829529597365,-0.4490187232122716,-2.3920521945432975,-17.782178652018835,0.0,-0.3454416283879788,0.2784775713638423,-2.8467660097206644,-2.774345796843044,-17.782178652018835,0.0,-0.3454416283879788,Marine Shipping,Industrials,NETI
2014Q3,2014,Q3,2014-09-30,2014-09-30,-18723000.0,12608000.0,-19069000.0,-16.86,-11035000.0,-0.8752379442,1191773000.0,1120069000.0,238821000.0,6704000.0,71704000.0,0.0,-50874000.0,630793191.6,477208191.6,1008.7122150225821,35.62365751789976,0.05454058784684667,0.05803213909143098,-0.015932765219813825,1008.7122150225821,-0.016715934464751725,50.031185881979695,-8.422704582598945,0.5631735112747518,0.0,0.0,0.0,0.010579195870354505,35.20346062052506,-0.015710206557792466,-3.4538650612700814,-0.8752379441624365,-0.2724528301886792,-2.8852578626120193,0.0,3.6021983920353065,-0.6144842721287491,-0.272375127420999,-0.24723657531558638,-2.8852578626120193,0.0,3.6021983920353065,Marine Shipping,Industrials,NETI
2014Q2,2014,Q2,2014-06-30,2014-06-30,-14715000.0,13180000.0,-15289000.0,-13.25,-6835000.0,-0.5185887709,1211283000.0,1132192000.0,363046000.0,79091000.0,79091000.0,0.0,-31965000.0,964531319.13,618575319.13,1019.7144383109836,4.590231505481028,0.0,0.0,-0.013245553285489221,1019.7144383109836,-0.012996912184505808,73.18143544233688,-16.386872564220184,0.8519149747834289,0.0,0.0,0.0,0.010881024500467686,4.562149928563301,-0.0121482758364478,-5.304869206522935,-0.5185887708649469,-0.4417845484221981,0.0,0.0,0.0,-0.6044600938967136,-0.44903988183161003,-0.3703504526306355,0.0,0.0,0.0,Marine Shipping,Industrials,NETI
2014Q1,2014,Q1,2014-03-31,2014-03-31,-10155000.0,5467000.0,-11157000.0,-9.19,-4260000.0,-0.7792207792,1204288000.0,1141148000.0,540646000.0,63140000.0,63140000.0,0.0,-16963000.0,1090520966.52,562507966.52,1032.6327543738678,8.562654418751979,0.0,0.0,-0.0093173235210081,1032.6327543738678,-0.008898933354832151,199.47337964514358,-26.846897255539147,0.9556349978442761,0.0,0.0,0.0,0.00453961178721369,8.52960088691796,-0.008432368337141945,-4.408229209444465,-0.7792207792207793,-2.0230263157894735,0.0,0.0,0.0,0.0,-3.3967396151651363,-1.3105473369166112,0.0,0.0,0.0,Marine Shipping,Industrials,NETI
2013Q4,2013,Q4,2013-12-31,2013-12-31,-2309666.0,0.0,-4828726.0,-3.04,0.0,0.0,1105684000.0,1104212000.0,733957000.0,1472000.0,1472000.0,0.0,-6307000.0,744069931.52,10173931.51999998,1455.760752631468,498.6120923913044,0.0,0.0,-0.0028298204696075822,1455.760752631468,-0.002091687103563446,0.0,-80.5386938544361,0.6738469890926743,0.0,0.0,0.0,0.0,498.57065217391306,-0.0020889024350537765,-2.4488106040857947,0.0,0.2995391705069124,0.0,0.0,0.0,0.0,0.5187193165242759,-6.1536681481481486,0.0,0.0,0.0,Marine Shipping,Industrials,NETI
2013Q3,2013,Q3,2013-09-30,2013-09-30,-4799000.0,0.0,-675000.0,-4.34,0.0,0.0,261609874.0,242367622.0,173047236.0,19242262.0,19242252.0,0.0,-2737804.0,1025376951.1999999,852333604.1999999,219.18051528771286,8.993081790488041,0.0,0.0,-0.004883206877288211,219.18051528771286,-0.019800499589833827,0.0,-53.41617791206501,4.230668035353336,0.0,0.0,0.0,0.0,8.992879683272164,-0.018344108831305043,-14.63162940797019,0.0,0.0,0.0,0.0,0.0,0.0,0.0,0.0,0.0,0.0,0.0,Marine Shipping,Industrials,NETI
2013Q2,2013,Q2,2013-06-30,2013-06-30,0.0,0.0,0.0,0.0,0.0,0.0,,,,,,,,2585068402.16,,,0.0,0.0,0.0,0.0,,0.0,0.0,0.0,0.0,0.0,0.0,0.0,0.0,0.0,0.0,-2585068.40216,0.0,0.0,0.0,0.0,0.0,0.0,0.0,0.0,0.0,0.0,0.0,Marine Shipping,Industrials,NETI
