Quarters,Year,Quarter,FillingDate,Date,NetIncome,Revenue,OperatingIncome,EPSDiluted,GrossProfit,GrossProfitRatio,TotalAssets,CommonStockEquity,CurrentAssets,CurrentLiability,TotalLiability,Inventory,RetainedEarnings,MarketCap,EnterpriseValue,bookValuePerShare,currentRatio,debtToAssets,debtToEquity,roic,shareholdersEquityPerShare,roe,priceToSalesRatio,peRatio,pbRatio,payoutRatio,inventoryTurnover,dividendYield,assetTurnover,quickRatio,returnOnAssets,priceToFreeCashFlowsRatio,grossProfitMargin,epsdilutedGrowth,fiveYNetIncomeGrowthPerShare,fiveYRevenueGrowthPerShare,fiveYShareholdersEquityGrowthPerShare,grossProfitGrowth,netIncomeGrowth,operatingIncomeGrowth,threeYNetIncomeGrowthPerShare,threeYRevenueGrowthPerShare,threeYShareholdersEquityGrowthPerShare,Industry,Sector,Symbol
2023Q4,2023,Q4,2023-03-31,2023-03-31,128158000000.0,3063550000000.0,128464000000.0,103.53,673593000000.0,0.2198733495,32041222000000.0,7229709000000.0,5776518000000.0,9308936000000.0,24752900000000.0,1468042000000.0,4614637000000.0,14903452489405.854,17486076489405.854,5857.458716622079,0.6205347206168352,0.12682175480073762,0.5620591368200297,0.009988235029338734,5857.458716622079,0.0177265779300384,4.864765546312563,29.072419375703927,2.061418030712696,0.001443530641863949,1.6279895261852182,1.2413231104102058e-05,0.0956127703244277,0.39726838813802134,0.003999785026925627,68.54462642360816,0.21987334954546198,-0.6076774413581416,28.242247593808383,0.6081517916736722,1.4952479697090915,-0.290271903705249,-0.6078504569947584,-0.7003664251044347,9.052374970147493,0.7374294343589171,0.7380893344080139,Consumer Electronics,Technology,SONY
2023Q3,2023,Q3,2023-01-10,2022-12-31,326809000000.0,3412914000000.0,428737000000.0,263.89,949086000000.0,0.2780867024,30872490000000.0,6616718000000.0,5766315000000.0,9496835000000.0,24198715000000.0,1464515000000.0,4468327000000.0,12324491068140.998,15042483068140.998,5356.430297461719,0.6071828140638433,0.12975862977038782,0.6054318772539498,0.03263328707926812,5356.430297461719,0.04939140522537004,3.611134376119937,9.427900599540555,1.862629035745667,0.13202512782695702,1.6823508123849875,0.003500915353132566,0.11054871181430458,0.3932869213795965,0.010585767458342362,128.3934896149703,0.2780867024484063,0.24306373357200053,0.13021708741556223,0.306910337997836,1.2273719764828244,0.16810584615384616,0.2380863984725132,0.24617633893536253,0.4146286295005176,0.3766875892063035,0.5536050886947665,Consumer Electronics,Technology,SONY
2023Q2,2023,Q2,2022-10-05,2022-09-30,263963000000.0,2751879000000.0,344042000000.0,212.29,812500000000.0,0.2952528073,31376002000000.0,6890002000000.0,5633033000000.0,9705757000000.0,24425633000000.0,1416367000000.0,4185731000000.0,11440980017990.252,14112037017990.252,5571.032257803688,0.5803805926729878,0.1236871734008686,0.5632522312765657,0.02419064331352699,5571.032257803688,0.03831101935819467,4.157515653119288,10.835780031661871,1.6605191142165492,0.0011516765607301022,1.3692630511724715,2.6571150331700457e-05,0.08770648981983109,0.3760428990752602,0.008412894670264235,-151.7874629252438,0.29525280726369146,0.2116317561783002,1.0608090980116287,0.36302531440489183,1.5828398259742473,0.15129504751837466,0.2097517828007846,0.12079305974987213,0.4051937524826972,0.29694284275303384,0.7654801506003688,Consumer Electronics,Technology,SONY
2023Q1,2023,Q1,2022-07-05,2022-06-30,218196000000.0,2311494000000.0,306963000000.0,175.21,705727000000.0,0.3053120622,30374896000000.0,6917863000000.0,5284521000000.0,8868357000000.0,23402668000000.0,1093667000000.0,3934581000000.0,13657628862992.402,15859912862992.402,5594.763075126427,0.5958850100418827,0.11766792551322645,0.5166553601885437,0.021426046331838183,5594.763075126427,0.03154095419351323,5.9085720590200115,15.648349262810044,1.9742554692095522,0.1967588773396396,1.468241247107209,0.00314344462209918,0.07609882845360195,0.4089680873244052,0.007183432002532617,-25.433863942435003,0.30531206224199586,0.9368781782003097,1.7557483445026247,0.2705923389381673,1.7261233262864073,0.19583532433907083,0.9314337307804658,5.412606914396608,0.44904732678913206,0.2126250607025124,0.8169092745508919,Consumer Electronics,Technology,SONY
2022Q4,2022,Q4,2022-06-28,2022-03-31,112971000000.0,2263986000000.0,-69565000000.0,90.46,590154000000.0,0.2606703398,30480967000000.0,7144471000000.0,5535208000000.0,8760150000000.0,23283718000000.0,874007000000.0,3760763000000.0,15562418943642.54,16864390943642.54,5769.687234762497,0.6318622398018299,0.10995740391044681,0.4691191272243949,-0.00818253944737929,5769.687234762497,0.0158123673537201,6.873902463903283,34.438968725696284,2.1782464990959496,0.001186145116888405,1.9151242495769485,8.610486614276686e-06,0.07427539946485294,0.4780889596639327,0.0037062800533854455,48.25571224606135,0.2606703398342569,-0.6746394273999209,1.575098065974375,0.2125875828790751,1.9169214893920323,-0.271645909877977,-0.6752997781124613,-1.1495432980139,0.3093903761874246,0.08368457045859062,0.9420343740358252,Consumer Electronics,Technology,SONY
2022Q3,2022,Q3,2022-01-07,2021-12-31,347924000000.0,3031319000000.0,465183000000.0,278.03,810257000000.0,0.2672951939,29995137000000.0,7386169000000.0,5341269000000.0,8275801000000.0,22558188000000.0,788398000000.0,3616880000000.0,18030282701505.67,19291173701505.67,5957.986108030191,0.6454081000739385,0.10279896371201772,0.4174652651462483,0.03285185779036818,5957.986108030191,0.04710479817074318,5.947999105836658,12.95561868504736,2.4410872133450607,0.10651751531943758,2.817183706706511,0.002055430888884798,0.10106034854916648,0.4959765223934215,0.011599346920802528,47.0264828276627,0.26729519394032764,0.6329730999647597,11.10216760929001,0.28732896904385086,2.0658415999925768,0.1893506150368435,0.6326335251001849,0.4607312087270261,-0.16959378868512748,0.2921678159380461,1.0001391666570736,Consumer Electronics,Technology,SONY
2022Q2,2022,Q2,2021-10-05,2021-09-30,213106000000.0,2369365000000.0,318459000000.0,170.26,681260000000.0,0.287528515,28666866000000.0,7074006000000.0,4719646000000.0,7675450000000.0,21545378000000.0,847963000000.0,3308747000000.0,15226467032888.998,16521278032888.998,5704.61352364824,0.6149015367177169,0.0965781889098027,0.3913756929242073,0.02420121061026067,5704.61352364824,0.03012522183328654,6.426391473195982,17.862550834900237,2.1524532256389097,0.0014030576332904753,1.9907767202106696,1.963685990677702e-05,0.08265169272427618,0.4497299832583106,0.007433878541170144,-819.8614598798728,0.2875285150240676,0.006145845644722799,11.740932513287555,0.4275153401660636,2.1160123720372184,0.09880467934729137,0.006028447474141879,0.13707742405415826,0.25960084508046866,0.10997158640451761,1.149618199383148,Consumer Electronics,Technology,SONY
2022Q1,2022,Q1,2021-07-06,2021-06-30,211829000000.0,2256843000000.0,280068000000.0,169.22,620001000000.0,0.2747204834,28269689000000.0,6903196000000.0,4851979000000.0,7603456000000.0,21320679000000.0,758041000000.0,3087094000000.0,13441347661923.719,14427936661923.719,5570.858370414845,0.6381281091124877,0.09592631174683244,0.3928335513000065,0.02164476837288296,5570.858370414845,0.03068564183893953,5.955818664357121,15.863441339386627,1.9471195170937807,0.17395635158547695,2.15930536738778,0.002741466177858403,0.0798326079922563,0.48091683571260224,0.0074931492879175285,127.75367741556384,0.2747204834363755,0.9533648851437148,4.901631299084132,0.4242311815556074,1.918302645711678,0.20332232877430173,0.9797102803738318,3.212815884476534,-0.04316206971511771,0.1816256354778004,1.1901868928701314,Consumer Electronics,Technology,SONY
2021Q4,2021,Q4,2021-06-22,2021-03-31,107000000000.0,2220419000000.0,66480000000.0,86.63,515241000000.0,0.2320467443,26354840000000.0,5575839000000.0,7218744000000.0,7815424000000.0,20733364000000.0,637391000000.0,3857152000000.0,14483351920376.828,15152851920376.828,4514.257239131385,0.9236535343443939,0.09320800278051394,0.44055827293435124,0.008883948610539691,4514.257239131385,0.019189937155645993,6.522801291277379,33.839607290600064,2.597519749113421,0.0012616822429906542,2.6752464342922946,9.321046726073585e-06,0.08425090040387269,0.7731906803776737,0.004059975321421037,102.10905035445657,0.23204674433068714,-0.6513883299798793,2.4275271083750205,0.21986932751353175,1.2683659742915336,-0.32635907224851607,-0.7122812867211091,-0.8149354445390924,23.728388840239113,0.1647283851947792,0.9230508921423644,Consumer Electronics,Technology,SONY
2021Q3,2021,Q3,2021-01-15,2020-12-31,371891000000.0,2696536000000.0,359226000000.0,248.5,764860000000.0,0.283645388,25881122000000.0,5390560000000.0,7388048000000.0,7871262000000.0,20439764000000.0,605437000000.0,3788596000000.0,12877222309869.672,13535658309869.672,4364.253433962509,0.9386103524441188,0.09800514058084499,0.47054165058917813,0.03393722363813361,4364.253433962509,0.06898930723338577,4.775468345265804,8.65658372336899,2.3888468563321195,0.08256451487129293,3.1905483146883986,0.0023844427983872214,0.10418930060296458,0.7930505934118316,0.014369199295146478,38.11306248833031,0.28364538800891215,-0.3230358504958047,2.161078288161153,0.0669286431404254,0.980386306427096,0.19675237399333137,-0.19089754021678118,0.1304804823705643,0.2862541085247263,0.03268987013824192,0.8147936698968122,Consumer Electronics,Technology,SONY
2021Q2,2021,Q2,2020-10-13,2020-09-30,459634000000.0,2113486000000.0,317764000000.0,367.08,639113000000.0,0.3023975555,24951813000000.0,5030501000000.0,6982696000000.0,7514809000000.0,19871301000000.0,681685000000.0,3418107000000.0,9955773062772.5,10604037062772.5,4097.016317206162,0.929191413913514,0.10150092099519983,0.5034552224519984,0.06194080322061358,4097.016317206162,0.0913694282140089,4.710593333843943,5.415054729835314,1.9790818176504685,0.0007701780112002158,2.1628362073391667,3.5557258865583014e-05,0.0847027027655265,0.7637100290905597,0.01842086585050954,27.284836681271806,0.30239755550781977,1.3641398853609839,8.756432671298777,0.14547639170246443,0.9515088419237013,0.2324123049748644,0.9705553245216526,0.39129140305173055,2.614489629178543,0.054421109183318946,0.8994571242921175,Consumer Electronics,Technology,SONY
2021Q1,2021,Q1,2020-07-09,2020-06-30,233251000000.0,1968919000000.0,228395000000.0,155.27,518587000000.0,0.2633866604,23626356000000.0,4330850000000.0,5910596000000.0,6330097000000.0,18624536000000.0,588797000000.0,2997579000000.0,9068288895511.58,9656671895511.58,3548.047768814275,0.9337291355882856,0.0862171466475829,0.47034577507879516,0.02614860441523864,3548.047768814275,0.0538580186337555,4.605719633723673,9.719453395174703,2.0938820082689493,0.12901981127626463,2.4632122785951696,0.0033185974053931235,0.08333570356765978,0.7446217648797483,0.009872491551384395,-1356.918883063232,0.2633866603958822,14.373267326732675,1.7095649991116382,0.042880536481476134,0.7396999881559665,0.15203666349733866,17.447564062005693,3.3077195109629183,1.984165176503208,0.09634662806774508,0.728833849702289,Consumer Electronics,Technology,SONY
2020Q4,2020,Q4,2020-06-26,2020-03-31,12644000000.0,1748740000000.0,-98970000000.0,10.1,450148000000.0,0.2574127658,23039343000000.0,4125306000000.0,5735145000000.0,6240443000000.0,18242041000000.0,589969000000.0,2768856000000.0,7782652659770.56,8129022659770.56,3370.056187944508,0.9190285048673628,0.08067621546326212,0.4505670609646896,0.06143142569088584,3370.056187944508,0.0030649847550702903,4.450434404068392,153.88035154560583,1.8865637263685553,0.0037171781081936097,2.2011190418479614,6.039072030407895e-06,0.07590233801371854,0.7292999871964218,0.0005488003716078188,19.919358343751753,0.2574127657627778,-0.9447755481436929,1.1454760032647626,-0.138503514088332,0.6995470702066029,-0.3374271777495827,-0.9449154388380138,-1.3297549078405502,-0.7084520000577165,-0.05253450338876653,0.7037646782388507,Consumer Electronics,Technology,SONY
2020Q3,2020,Q3,2020-01-07,2019-12-31,229538000000.0,2463162000000.0,300132000000.0,182.89,679394000000.0,0.2758218907,22637546000000.0,4231604000000.0,5619417000000.0,6403421000000.0,17742271000000.0,607377000000.0,2858054000000.0,9086555905680.14,9571642905680.14,3447.742503187749,0.8775648204295797,0.08366467814134977,0.4475756710694101,0.03599251866342395,3447.742503187749,0.05424373358187581,3.688980223663787,9.89657039975967,2.147307712555367,0.10728942484468802,2.9368382404997226,0.0027102678127589905,0.10880870214465826,0.6996660066548802,0.01013970330529643,31.48833002048086,0.2758218907241992,0.23083653004912835,1.2790177490715393,-0.14275445611189103,0.5233782594006324,0.07994423788866971,0.2216811168415058,0.07591547023713502,7.064601772090399,0.05657525336297297,0.7741284052490407,Consumer Electronics,Technology,SONY
2020Q2,2020,Q2,2019-10-04,2019-09-30,187887000000.0,2122259000000.0,278955000000.0,148.59,629101000000.0,0.2964298891,21966296000000.0,3903430000000.0,5408216000000.0,6315438000000.0,17340478000000.0,779533000000.0,2628516000000.0,7890385657867.144,8408351657867.144,3155.5337826421915,0.8563485224619417,0.0806160037176955,0.45366126714197513,0.03545565301691889,3155.5337826421915,0.04813382076788875,3.7179183397818756,10.49884459524494,2.02139801606975,0.00021821626828891834,1.9154519436637063,5.1961972174478906e-06,0.09661433133742713,0.6468631312665883,0.0085534220243595,25.469782041831486,0.2964298890945921,0.24635128334172124,2.3839826607336856,-0.013188687365591258,0.509241286032971,0.09182339945122554,0.23510734804959177,0.2079896070152647,10.260765253087069,0.2817780618757722,0.7236368890431392,Consumer Electronics,Technology,SONY
2020Q1,2020,Q1,2019-07-16,2019-06-30,152122000000.0,1925724000000.0,230925000000.0,119.22,576193000000.0,0.2992085055,21607483000000.0,3846507000000.0,5206933000000.0,6244001000000.0,17053585000000.0,693646000000.0,2465236000000.0,7273954817331.0205,7836737817331.0205,3079.274872714464,0.8339096998863389,0.08206832790288439,0.4610130697799328,0.02791143443067562,3079.274872714464,0.039548088694496074,3.777257186040689,11.954146700232414,1.8910546158712362,0.16457185679914804,1.9455615688694232,0.0034417315791337166,0.08912301354118848,0.6328379832098041,0.007040246196190459,-91.97408951320723,0.2992085054763819,0.7473252235087204,2.0025013185416785,-0.11102970016675245,0.4213985403927665,0.1316652100048119,0.7313939062837892,2.8643130479711947,3.2042516396529535,0.2055443800112267,0.6130828339918705,Consumer Electronics,Technology,SONY
2019Q4,2019,Q4,2019-06-18,2019-03-31,87861000000.0,2127498000000.0,-123866000000.0,68.23,509155000000.0,0.239321024,20981586000000.0,3746377000000.0,5246612000000.0,6079815000000.0,16536095000000.0,653278000000.0,2320586000000.0,6035262347922.64,5924640347922.64,2970.9501087626277,0.8629558629662252,0.06479257573760153,0.3628708482888935,-0.02181919540679084,2970.9501087626277,0.02345225800820366,2.8367887292597405,17.17275682021215,1.610959694639018,0.0001593425979672437,2.4772654214591645,2.3197003200397503e-06,0.10139834043050892,0.6717363932948618,0.0041875290075783595,21.967337419369144,0.23932102403856548,-0.7937237355261964,1.5828759195540483,-0.06245749069397488,0.367851381814658,-0.26916214637283203,-0.795177661424555,-1.3285674875592857,2.1481655993046775,0.14486779621137963,0.4928706498195937,Consumer Electronics,Technology,SONY
2019Q3,2019,Q3,2018-12-31,2018-12-31,428962000000.0,2401805000000.0,376988000000.0,330.77,696673000000.0,0.2900622657,20922140000000.0,3780803000000.0,5481532000000.0,6341986000000.0,16466522000000.0,676051000000.0,2257739000000.0,6760917794095.721,6671434794095.721,2978.785780185512,0.8643242038061895,0.06650051094199733,0.3679993377068311,0.09444737304297653,2978.785780185512,0.11345790828033092,2.81493201741845,3.9402778067146507,1.7882227119730176,0.04450044526088558,2.5221943314927424,0.0028234332351548984,0.11479729129047028,0.6759291174720348,0.020502778396473784,16.27779681060061,0.2900622656710266,1.478977741137675,7.021406581380928,-0.18620516600561726,0.2746272199227592,0.07564051494406206,1.4795348003768765,0.5739903386483293,2.5482772782079888,-0.07520378939440446,0.35169660931057156,Consumer Electronics,Technology,SONY
2019Q2,2019,Q2,2018-10-30,2018-09-30,173001000000.0,2182760000000.0,239511000000.0,133.43,647682000000.0,0.2967261632,20325450000000.0,3365038000000.0,5743715000000.0,6231750000000.0,16303851000000.0,814639000000.0,1828777000000.0,8752392048331.718,8516729048331.718,2653.7798783454796,0.9216857223091427,0.06421092767933798,0.3878458430484292,0.0389493757401952,2653.7798783454796,0.051411306499361965,4.009782132864684,12.647892278558677,2.6009786660155747,0.00012138658158045329,1.8843659584183914,2.3993440746296073e-06,0.10739048827947228,0.7138222810606972,0.00851154586983314,37.6579785056739,0.296726163206216,-0.2366704805491991,25.68439280384419,-0.011195112361215672,0.19615419953064495,0.1797894644805558,-0.23601990752803084,0.22822374696163195,2.5558709287270727,0.1455425466501122,0.26406011012472286,Consumer Electronics,Technology,SONY
2019Q1,2019,Q1,2018-07-05,2018-06-30,226447000000.0,1953624000000.0,195006000000.0,174.8,548981000000.0,0.2810064782,19563341000000.0,3223952000000.0,5290305000000.0,5767736000000.0,15691333000000.0,692633000000.0,1674810000000.0,7201755947347.241,7011859947347.241,2543.553880515882,0.9172238465838243,0.06745039101450002,0.4092973468587622,0.0325747840091249,2543.553880515882,0.07023894896698214,3.686357225007085,7.950818455695197,2.2338285270212586,0.0839622516527046,2.0279758544568334,0.002640050584747101,0.09986147049218229,0.7070068741010338,0.011575067878232046,305.2626291686691,0.28100647821689334,46.87926509186352,8.255714965475043,-0.09024576447326084,0.1396464452967139,0.12205017311646425,48.00020755500208,7.790389469888208,1.533253720957337,-0.003485201189711817,0.24717054113573672,Consumer Electronics,Technology,SONY
2018Q4,2018,Q4,2018-04-27,2018-03-31,-4818000000.0,1951021000000.0,22184000000.0,-3.81,489266000000.0,0.2507743382,19065538000000.0,2967366000000.0,5176096000000.0,5620541000000.0,15409171000000.0,692937000000.0,1440387000000.0,6427099486683.594,6185836486683.594,2347.445539572955,0.920924871822837,0.07054959582047986,0.4532861804037655,-0.002925834189277761,2347.445539572955,-0.0016236621973831338,3.2942236330022046,-333.4941618245949,2.165927454410273,-0.153590701535907,2.109506347618903,0.00011513747399324027,0.1023323338685748,0.7056998605650239,-0.0002527072669021981,12.32581589747426,0.25077433815422795,-1.0166440959328995,-1.0407330255693619,-0.10620364483303157,0.07194408269223394,-0.34673162863792156,-1.0162826929641058,-0.9367683568152732,0.9463194316496792,-0.0692487114901439,0.18383610443128529,Consumer Electronics,Technology,SONY
2018Q3,2018,Q3,2018-02-02,2017-12-31,295897000000.0,2672317000000.0,350837000000.0,228.91,748951000000.0,0.2802627832,19420676000000.0,3039893000000.0,5560791000000.0,6021850000000.0,15691120000000.0,753658000000.0,1476194000000.0,6523863119957.66,6572222119957.66,2404.8207277528454,0.9234356551558076,0.07091843764861738,0.453069894236409,0.07288997343291041,2404.8207277528454,0.09733796551391775,2.4412759114871703,5.511937532281216,2.146083141728232,0.05103465057097571,2.552040846113224,0.0023147328082042907,0.13760164682218065,0.7071566046978919,0.015236184363510312,19.50338601896466,0.28026278319525716,1.2586087814504194,65.68227132229727,0.08914561238070788,0.1994344674243846,0.2746366452227782,1.2613104881851251,0.7178692441780755,1.852517264934102,-0.09698525839106084,0.0625653194887669,Consumer Electronics,Technology,SONY
2018Q2,2018,Q2,2017-09-30,2017-09-30,130852000000.0,2062531000000.0,204228000000.0,101.35,587580000000.0,0.2848829908,18797106000000.0,2725191000000.0,5120623000000.0,5935541000000.0,15403624000000.0,930657000000.0,1180298000000.0,5337780991408.241,5672493991408.241,2156.940667314627,0.8627053540696628,0.07105056491142839,0.4900739067463528,0.036172507200859814,2156.940667314627,0.04801571706350124,2.587976128071889,10.198126492923762,1.9586814250480944,0.0002904044263748357,1.5848491979322135,7.1190631577363844e-06,0.10972598654282208,0.6204009036413024,0.006961284359411497,37.694862408871444,0.28488299084959207,0.6164274322169058,45.079288418642825,0.020976484215774593,0.15428632436411932,0.20464241855163265,0.6180336585426173,0.29577250318822923,1.9436894423087325,-0.06103147495267854,0.0316301871149602,Consumer Electronics,Technology,SONY
2018Q1,2018,Q1,2017-07-19,2017-06-30,80871000000.0,1858113000000.0,157611000000.0,62.7,487763000000.0,0.2625044871,18138219000000.0,2591863000000.0,4659038000000.0,5538081000000.0,14892740000000.0,728124000000.0,1065238000000.0,5402296539067.534,5758038539067.534,2052.2780540335098,0.8412729969099405,0.07387202679601564,0.5169667532581776,0.025414643124642557,2052.2780540335098,0.031201880654957458,2.907410119334795,16.700351606470594,2.0843295108836903,0.1568794747189969,1.8820283358329075,0.0023484456856916343,0.10244186598474746,0.6075367983964121,0.004458596513803257,-972.5106280949657,0.26250448707909585,0.8063958513396716,7.068920178498447,-0.025502805345056848,0.06848895348222994,-0.012453585037071231,0.8080216414406761,3.0126034324241497,0.5787967424503409,-0.15158652325977692,-0.052664945136310266,Consumer Electronics,Technology,SONY
2017Q4,2017,Q4,2017-06-15,2017-03-31,44729000000.0,1903604000000.0,-78312000000.0,34.71,493914000000.0,0.2594625773,17660556000000.0,2497246000000.0,4355722000000.0,5221739000000.0,14513076000000.0,640835000000.0,984368000000.0,4759909590015.72,4999308590015.72,1978.0056665032353,0.8341516111778088,0.06792204050653898,0.4803455486563999,-0.01078503725580156,1978.0056665032353,0.017911331122364395,2.5004725720347927,26.604158320193388,1.906063555619158,0.00015649802141787207,2.199770611779943,1.4706161677278584e-06,0.10778845241338948,0.6107210643810425,0.0025327062183093216,11.253858751969982,0.2594625773007411,0.5277288732394367,1.1475837616164615,-0.05450410781073175,-0.02158918108711438,-0.1978308427653344,0.5280994841310512,-1.8477893734031958,1.2963817687800094,-0.1621220884749161,-0.08930891293541854,Consumer Electronics,Technology,SONY
2017Q3,2017,Q3,2017-01-31,2016-12-31,29271000000.0,2397499000000.0,92372000000.0,22.72,615723000000.0,0.2568188767,17695074000000.0,2452934000000.0,4599662000000.0,5359902000000.0,14607920000000.0,681138000000.0,969346000000.0,4150900874570.6587,4617723874570.658,1943.3444011082036,0.858161585790188,0.06999117381481422,0.5049051462452719,0.01105981426871212,1943.3444011082036,0.011933056494793582,1.7313462381300926,35.45233229622031,1.692218736651968,0.4330224454237983,2.615881069621721,0.0030535540074324266,0.13548962835645673,0.6187590743263589,0.0016541891828200323,23.50293793496851,0.2568188766710643,0.7199091597274789,1.1726105618573843,0.04572538022938122,-0.12447588175863544,0.4854094192234762,0.7198002350176264,1.0191925153561983,-0.4496005952233298,-0.1831462520064158,-0.16843980932971137,Consumer Electronics,Technology,SONY
2017Q2,2017,Q2,2016-10-26,2016-09-30,17020000000.0,1688948000000.0,45747000000.0,13.21,414514000000.0,0.2454273311,16804371000000.0,2310103000000.0,4063602000000.0,4913139000000.0,13865449000000.0,862412000000.0,949715000000.0,4240815328559.539,4782420328559.539,1830.7416154187536,0.8270887512036602,0.0634826498415204,0.46179153050751415,0.005690310340920612,1830.7416154187536,0.007367636854287449,2.510921193878994,62.29164701174411,1.8357689369519625,0.002702702702702703,1.4777554115666294,1.0846970791256933e-05,0.10050646941798655,0.5427304214271161,0.0010128317209849747,-124.72619418721624,0.24542733109604323,-0.5346953152518492,1.7412010222830305,-0.1471211856414095,-0.2243902273533374,-0.0034403587012706007,-0.5342218330094962,-0.18588055239179954,3.440361567223902,-0.23114988757368854,-0.17481879736614095,Consumer Electronics,Technology,SONY
2017Q1,2017,Q1,2016-07-28,2016-06-30,36541000000.0,1613199000000.0,56192000000.0,28.39,415945000000.0,0.2578386176,16381745000000.0,2408169000000.0,3902386000000.0,4582475000000.0,13307006000000.0,717930000000.0,957497000000.0,3793801329923.2,3961750329923.2,1908.9378473480072,0.8515891521503118,0.048775206792682956,0.33179689631417064,0.01122879653361419,1908.9378473480072,0.015173768950601059,2.3517255651182527,25.955784802846118,1.575388326119637,0.34698010454010564,1.6676472636608026,0.0033420305644356624,0.09847540661876986,0.5745177005875646,0.0022305926505387552,-42.2397048401532,0.25783861755431287,1.4753851306095112,7.584214165572104,-0.14153235850327744,-0.23854630356054773,0.03511906687604054,1.4864674166278373,2.7754747385383425,0.5006391795852001,-0.24521458271349328,-0.14469504708063,Consumer Electronics,Technology,SONY
2016Q4,2016,Q4,2016-06-17,2016-03-31,-75115000000.0,1824101000000.0,-31649000000.0,-59.72,401833000000.0,0.2202909817,16673390000000.0,2463340000000.0,4196727000000.0,4830750000000.0,13541502000000.0,683146000000.0,936331000000.0,3552895471899.095,3462828471899.095,1990.0921148939815,0.8687526781555659,0.05359108135778027,0.3627371779778675,-0.007104641546206641,1990.0921148939815,-0.030493151574691273,1.94775150712548,-11.824853464351644,1.4423081961479516,-0.000199693802835652,2.0819385607176213,4.2219086147170535e-06,0.10940192726254229,0.6188809191119391,-0.004505082649659127,11.594136098535419,0.22029098169454434,-1.6398799957141328,0.8403543705487526,-0.06446973986470995,-0.2161730719162877,-0.41766456001634694,-1.6252601261924184,-1.156565831457617,-1.6485313226967082,-0.14660532733572273,-0.09123878249326345,Consumer Electronics,Technology,SONY
2016Q3,2016,Q3,2016-01-26,2015-12-31,120134000000.0,2580812000000.0,202145000000.0,93.33,690037000000.0,0.2673720519,17106723000000.0,2779518000000.0,4840618000000.0,5097133000000.0,13677540000000.0,741727000000.0,1037280000000.0,3738762414513.5903,3747970414513.5903,2203.7384422417335,0.9496746504358431,0.0642931436956102,0.3956963041793577,0.03709767788193389,2203.7384422417335,0.04322116280592534,1.4486767786702752,7.780400249957527,1.345111783594706,0.10539064711072635,2.5491521813281706,0.0033864146999153955,0.15086536445349585,0.6896631890908085,0.007022619118810774,18.35858432283302,0.2673720518968449,1.4828411811652031,0.3214727771357897,-0.06924109685129441,-0.24270430979675273,0.3871819201588942,1.4858053302433372,1.2966325069872071,26.13325569167074,0.054193875328393065,0.09914215821101931,Consumer Electronics,Technology,SONY
2016Q2,2016,Q2,2015-10-06,2015-09-30,48328000000.0,1892740000000.0,88018000000.0,37.59,497438000000.0,0.2628136987,16831178000000.0,2644347000000.0,4709194000000.0,5118170000000.0,13557701000000.0,948171000000.0,917146000000.0,3703126980000.0,3882268980000.0,2099.4095589992435,0.9200933146026803,0.07065827478029167,0.4497374966296027,0.015369558690456125,2099.4095589992435,0.01827596756401486,1.9564900514597885,19.156218858632677,1.4003937380381621,0.0009518291673563979,1.471572110937795,1.242193428646619e-05,0.11245439861666248,0.6310501605065874,0.0028713379420026333,39.01683661535544,0.2628136986590868,-0.4657475838544627,-0.08240163365673069,-0.12988902684734296,-0.26878383961884095,0.12605715424038827,-0.413786829368882,-0.09172711981590598,17.33016249058429,-0.060182152390870394,0.12349856438524401,Consumer Electronics,Technology,SONY
2016Q1,2016,Q1,2015-07-30,2015-06-30,82441000000.0,1808059000000.0,96907000000.0,70.36,441752000000.0,0.2443238854,16091366000000.0,2384065000000.0,4227742000000.0,4837122000000.0,13084450000000.0,780356000000.0,896200000000.0,4092126578912.8276,4401009578912.828,2039.4595579523495,0.874020130151772,0.05822812059585246,0.39301361330332857,0.02080469885278965,2039.4595579523495,0.034580013548288324,2.2632704900187592,12.409258072175337,1.7164492490401173,0.0007156633228611977,1.7508765230228254,1.441793132793922e-05,0.11236205801297416,0.5954656508560255,0.005123306498652756,-17.690021696463955,0.2443238854484284,1.990985915492958,1.0084583394254496,-0.06553942756884212,-0.288637043781873,0.0215218120223381,1.9936481535049657,2.2736843488775564,7.683973354243387,0.02445742925263698,0.061815188474580875,Consumer Electronics,Technology,SONY
2015Q4,2015,Q4,2015-06-23,2015-03-31,-82968000000.0,1937712000000.0,-76084000000.0,-71.0,432445000000.0,0.2231729999,15834331000000.0,2317077000000.0,4197901000000.0,4745590000000.0,12900614000000.0,665432000000.0,813765000000.0,3743893748145.0522,3728092748145.0522,1982.9142993579062,0.8845899034682726,0.05896125324145365,0.40292661832127286,-0.018230278428999984,1982.9142993579062,-0.0358071829291819,1.9321208456907177,-11.281137752341422,1.6157830525895567,-0.0006508533410471507,2.2620898904771636,1.442348625057931e-05,0.12237409966988817,0.6359573835919243,-0.005239754050865806,12.413235019794275,0.22317299990917122,-1.9225571725571724,-0.7134493578954595,-0.029726226672474296,-0.3290809178966117,-0.34089859521149557,-1.9221638083382424,-1.4178258601279552,0.7042278481838088,0.03984723058851582,-0.01916114987749123,Consumer Electronics,Technology,SONY
2015Q3,2015,Q3,2015-01-23,2014-12-31,89971000000.0,2566749000000.0,182095000000.0,76.96,656113000000.0,0.2556202418,16277347000000.0,2481378000000.0,4786249000000.0,5172297000000.0,13197894000000.0,781504000000.0,920615000000.0,2702737956212.137,2819696956212.137,2263.221548497253,0.9253623680156031,0.06453490240147856,0.42333614628645855,0.03430474183613686,2263.221548497253,0.03625848218207786,1.0529810106917885,7.510025330973694,1.0892084786002523,0.0005112758555534562,2.444819220375072,1.7019777997445446e-05,0.1576884119998179,0.6626025148981197,0.005527374946298067,11.811530168480903,0.2556202417922438,1.7012300683371298,0.04019781560047695,0.04980127332798419,-0.24423569881074525,0.28197898776272623,1.7495522064765523,3.175515519342429,1.6108050029902967,0.288881075488173,0.01963658603330849,Consumer Electronics,Technology,SONY
2015Q2,2015,Q2,2014-10-30,2014-09-30,-120033000000.0,1901511000000.0,-83702000000.0,-109.75,511797000000.0,0.2691527948,15569004000000.0,2286769000000.0,4352481000000.0,4859099000000.0,12725546000000.0,946812000000.0,830729000000.0,2143790891783.4087,2527807891783.4087,2090.8080184689934,0.8957382839905094,0.06387858850829507,0.43490444378072296,-0.03403814713428707,2090.8080184689934,-0.05249021654570269,1.127414404535871,-4.4650031486828805,0.937475928606435,-0.00033324169186806963,1.4677824108693172,1.8658536218858642e-05,0.12213440243190894,0.5918447020733679,-0.0077097417407048004,-332.1132287813181,0.26915279480371135,-4.029257521391113,-6.185594324061858,0.05025195052023486,-0.272124493471845,0.11894855823573267,-3.835581488743474,-2.198928581659839,-5.030776941130655,0.107811939006892,-0.11421081041978298,Consumer Electronics,Technology,SONY
2015Q1,2015,Q1,2014-07-23,2014-06-30,42331000000.0,1809908000000.0,69814000000.0,36.23,457391000000.0,0.2527150551,15166121000000.0,2260999000000.0,3975027000000.0,4531130000000.0,12370025000000.0,792027000000.0,967066000000.0,1778292090652.74,2154032090652.74,2166.3698007341322,0.8772705704757974,0.07009999458661842,0.4702102919992446,0.013002030437394565,2166.3698007341322,0.018722255073973938,0.9825317588809708,10.502303811938885,0.7865072433259547,0.30946587607190945,1.7076652689870422,0.00736661882986361,0.11933888698369213,0.5914288488743425,0.002791155365304022,120.54583044012608,0.252715055129874,1.3030784674585913,2.960997391712709,0.0877737383256351,-0.2678479627147489,0.1541009997022593,1.3406126537870438,1.918399831616612,10.219544061641837,0.164179321651124,-0.13585961171260827,Consumer Electronics,Technology,SONY
2014Q4,2014,Q4,2014-06-26,2014-03-31,-124279000000.0,1870923000000.0,-76017000000.0,-119.54,396318000000.0,0.2118302036,15333720000000.0,2258137000000.0,4204886000000.0,4783614000000.0,12546464000000.0,733943000000.0,940262000000.0,2064114974166.8384,2312050974166.8384,2171.983117655093,0.8790186666399087,0.08441539300313297,0.5732167711702169,-0.02351543941530269,2171.983117655093,-0.05503607619909687,1.1032602486402905,-4.152179720964199,0.9140787180613216,-0.00031381005640534603,2.009154661874287,1.8894296339157175e-05,0.12201364052558675,0.6120387221878688,-0.008104947788273165,5.951665520516355,0.21183020359469631,-4.195402298850575,0.270476595546186,0.1849071191017083,-0.264797664247125,-0.3310332138824137,-3.842677096914385,-1.84152902625869,0.6855254889316678,0.14241056440518357,-0.14453263634383523,Consumer Electronics,Technology,SONY
2014Q3,2014,Q3,2014-01-29,2013-12-31,43719000000.0,2412819000000.0,90332000000.0,37.41,592433000000.0,0.2455356162,15653354000000.0,2424950000000.0,4563746000000.0,5056895000000.0,12708428000000.0,850030000000.0,1100393000000.0,1888842951604.0144,2355074951604.0146,2336.9858525114682,0.902479881429217,0.08403821954068119,0.5424771644776181,0.011761532868858457,2336.9858525114682,0.018028825336604878,0.782836570668589,10.801041604359742,0.7789203701536174,0.29771952697911663,2.1415550039410376,0.006890991116517522,0.15414070364728225,0.6183420854101183,0.0027929477605885614,10.498296186639623,0.24553561622318126,7.764918625678119,19.564810195974495,0.08302606759986322,-0.2661430829186961,0.4228898618740078,8.755721128259713,5.118396098618261,-0.41544518641341527,0.057714144478440976,-0.19691498761867857,Consumer Electronics,Technology,SONY
2014Q2,2014,Q2,2013-10-25,2013-09-30,-5637000000.0,1775486000000.0,14764000000.0,-5.53,416359000000.0,0.2345042428,14977728000000.0,2262688000000.0,4116559000000.0,4812586000000.0,12209212000000.0,965689000000.0,1073431000000.0,2144861907460.0002,2797143907460.0,2218.5934550802795,0.8553735974796087,0.09199993483657869,0.608988070825496,-0.003832983402958791,2218.5934550802795,-0.002491284702088843,1.208042140270326,-95.12426412364734,0.9479264960348047,-0.01614333865531311,1.4074168805899208,4.242697382218164e-05,0.11854174411499528,0.5425116558956037,-0.00037635881757233137,44.2039055986975,0.23450424278197632,-1.3309395571514064,-1.3421045274151424,-0.15386170907463978,-0.34886910518706404,0.01773885241333457,-1.2888843335212423,-0.5939158896498611,-1.1321831726247424,0.008034196143273808,-0.22727255350600414,Consumer Electronics,Technology,SONY
2014Q1,2014,Q1,2013-06-30,2013-06-30,19513000000.0,1712712000000.0,36357000000.0,16.71,409102000000.0,0.2388621087,14726051000000.0,2256243000000.0,3986730000000.0,4650971000000.0,11982184000000.0,841199000000.0,1105778000000.0,2161038560642.9668,2772553560642.967,2231.8798001020855,0.8571822959119719,0.0959324397287501,0.6261320256727666,0.004180521903404381,2231.8798001020855,0.008648447884381247,1.2617641265098667,27.687164462703922,0.9578039956879498,0.6497719469071901,1.5497046477706227,0.005867086423588693,0.11630490754106447,0.5559125180526819,0.0013250667134047003,-11.10531391167793,0.23886210874916508,-0.8214171208720743,-0.44733222527012323,-0.14257911030282136,-0.3772489351758278,0.2756771252346474,-0.7922115261745538,1.4601744149252598,-0.450292648302596,0.023577305790968662,-0.2215209140414655,Consumer Electronics,Technology,SONY
2013Q4,2013,Q4,2013-06-27,2013-03-31,93908000000.0,1733029000000.0,-79007000000.0,93.57,320694000000.0,0.1850482594,14206292000000.0,2197766000000.0,3646533000000.0,4315089000000.0,11522117000000.0,710054000000.0,1102297000000.0,1544733691269.2,1900982691269.2,2189.895515517231,0.8450655363075941,0.08324550839867292,0.5380964124479131,-0.014184070754443117,2189.895515517231,0.042728843744056465,0.8913490145111247,4.112359147434724,0.7028654057207182,0.00015973080035779698,1.9890529452689514,9.710411629382891e-06,0.12199024207020383,0.5674487826322934,0.006610310417384072,9.035062620381234,0.18504825943478154,25.658119658119656,4.396481126972365,-0.17049018151637949,-0.3660361598508038,-0.26185269922524157,25.65569117229634,-2.7016735230136337,3.2580923976465983,0.01039074450377597,-0.25904882039082217,Consumer Electronics,Technology,SONY
2013Q3,2013,Q3,2013-01-18,2012-12-31,3523000000.0,1947980000000.0,46429000000.0,3.51,434458000000.0,0.2230300106,13861045000000.0,2012168000000.0,3720145000000.0,4543098000000.0,11376700000000.0,769582000000.0,1021026000000.0,979295784947.2,1668352784947.2,2004.9621659754841,0.8188564279264942,0.10007080995696933,0.6893490006798637,0.0016350389150693743,2004.9621659754841,0.0017508478417309092,0.5027237368695777,69.49303043905762,0.4866868894382576,3.5719557195571956,1.9666806136318158,0.012850050202838853,0.1405363015559072,0.5395679335994953,0.0002541655409097943,11.39670171477516,0.22303001057505725,2.4936170212765956,-0.9765583468649964,-0.30537703229688473,-0.4459318401247011,-0.22371498562527806,2.4940627650551312,-0.796610243740034,-0.9555026820606375,-0.12960579852784734,-0.33047702232886567,Consumer Electronics,Technology,SONY
2013Q2,2013,Q2,2012-10-19,2012-09-30,-2358000000.0,1604659000000.0,228276000000.0,-2.35,559663000000.0,0.3487737893,13254028000000.0,1875346000000.0,3471637000000.0,4345314000000.0,10923407000000.0,838102000000.0,1031804000000.0,928167202273.2799,1615883202273.2798,1868.6357290968133,0.7989381204672436,0.09631358859359584,0.6806973219875159,-0.008691016720449236,1868.6357290968133,-0.0012573679736965872,0.578420214059984,-98.40619192888889,0.49493117657929786,-0.04749787955894826,1.246860167378195,0.00012066791384751375,0.12106953448415833,0.49843693689339824,-0.00017790818006420387,933.7698212004829,0.34877378932221736,0.7772511848341233,-1.0445207093322815,-0.22889846269314038,-0.4650293813772588,0.10003144839514909,0.7773160827273585,0.36324058978447427,0.8461642702593448,-0.034107503792768744,-0.3494695993997012,Consumer Electronics,Technology,SONY
2013Q1,2013,Q1,2012-06-30,2012-06-30,-10589000000.0,1515183000000.0,167451000000.0,-10.55,508770000000.0,0.3357812225,13130985000000.0,1927594000000.0,3513931000000.0,4354554000000.0,10713371000000.0,792560000000.0,1059820000000.0,1139584450209.9202,1702884450209.9202,1920.7293134337876,0.8069554310269204,0.09301617510034473,0.6336365437950108,-0.059819617180602955,1920.7293134337876,-0.005493376717296277,0.7521101082904971,-26.904911941871756,0.5911952673695395,-1.1899140617622062,1.2698256283435954,0.01105666192415927,0.11538989649291352,0.5085340542337975,-0.0008064132279490076,-11.077800839983281,0.3357812224661971,0.9560526535032908,-1.2392340783475622,-0.23521601938962647,-0.4575947793720132,3.085396445435467,0.9560472857984874,119.59135977337111,0.4898571404912353,-0.05296607901848064,-0.3508652680500354,Consumer Electronics,Technology,SONY
2012Q4,2012,Q4,2012-07-20,2012-03-31,-240918000000.0,1600426000000.0,-1412000000.0,-240.06,-243968000000.0,-0.152439413,13295667000000.0,2028891000000.0,3754962000000.0,4529981000000.0,10785546000000.0,707052000000.0,1084462000000.0,1714929521895.142,1992940521895.142,2021.6514660998962,0.8289134104535979,0.08819316849617248,0.5779447984145033,-0.21863372533823286,2021.6514660998962,-0.11874368805421287,1.0715456521545776,-1.7795780326658261,0.8452546351160029,-0.00012452369685951237,2.6085691009996435,1.749343026461371e-05,0.1203719978847244,0.5623529105309714,-0.018120038656202805,13.630781571818032,-0.15243941300628708,-0.786825455898772,-1.9716352055176016,-0.2350437265220455,-0.3994292208677453,-1.4354091151647543,-0.7868278573017874,-1.0143617075378621,-0.46504896345126634,0.05003893777404604,-0.31568396279271016,Consumer Electronics,Technology,SONY
2012Q3,2012,Q3,2012-01-09,2011-12-31,-134830000000.0,1822876000000.0,98317000000.0,-134.35,560319000000.0,0.3073818515,12916000000000.0,2227584000000.0,3642993000000.0,4295153000000.0,10242039000000.0,659446000000.0,1352284000000.0,1390759335147.4053,2344001335147.4053,2219.635485327044,0.8481637324677375,0.13587410963146485,0.7878266319025455,0.03142695404132331,2219.635485327044,-0.06052745934608975,0.7629478555575943,-2.5787275368007965,0.6243353045934094,-0.09347326262701179,1.9145722318430924,0.009061956070684378,0.14113316816351812,0.5675362437612816,-0.01043899039950449,30.18533956564234,0.30738185153570513,-6.381868131868131,-2.1369239016608934,-0.3027531916004073,-0.3578144185811825,0.4960710442771816,-6.382686305645294,2.016136454274933,-66.57454636270472,-0.15400934201324748,-0.3029932754809542,Consumer Electronics,Technology,SONY
2012Q2,2012,Q2,2011-10-07,2011-09-30,-18263000000.0,1574989000000.0,32597000000.0,-18.2,374527000000.0,0.2377965814,12869832000000.0,2368845000000.0,3621248000000.0,4303980000000.0,10074043000000.0,834354000000.0,1511249000000.0,1463759453301.942,1753047453301.942,2360.390082723684,0.8413719394606852,0.07834663265223664,0.425653852404864,-1.855561742468629,2360.390082723684,-0.0077096644145142465,0.9293775723525319,-20.037226267616795,0.6179211612840612,-0.005968351311394623,1.4387921673534256,7.44657872262538e-05,0.12237836515659256,0.5292417715695705,-0.00141905504283195,19.204905052637724,0.23779658143644178,-3.136363636363636,0.016697290975413705,-0.15270784878470064,-0.269995384598582,-0.28162354800595374,-3.1365798414496036,-0.8375389369284059,-2.126359402616171,-0.23722631028721175,-0.307253474875216,Consumer Electronics,Technology,SONY
2012Q1,2012,Q1,2011-07-28,2011-06-30,-4415000000.0,1494921000000.0,200645000000.0,-4.4,521352000000.0,0.3487488637,12857253000000.0,2515925000000.0,3649333000000.0,4068128000000.0,9922097000000.0,808862000000.0,1550771000000.0,2139800380414.9385,2338168380414.9385,2506.9651067086234,0.8970546157839675,0.07894034596659177,0.4034126613472182,-0.010851928501806654,2506.9651067086234,-0.0017548217852280971,1.4313802404374134,-121.16649945724454,0.8505024515496045,-2.857078142695357,1.2036280601635383,0.0058949424046527,0.11627063728154062,0.525517879476752,-0.0003433859472159411,-19.257529410205088,0.34874886365232677,0.9884247079869516,-1.1368712271129655,-0.14136946525884114,-0.2057827285123079,3.6462016353752684,0.9884264113748846,3.7347753789117872,-1.1259611086757166,-0.2461349120953168,-0.3004931584539498,Consumer Electronics,Technology,SONY
2011Q4,2011,Q4,2011-05-23,2011-03-31,-381472000000.0,1580826000000.0,-73368000000.0,-380.12,-197019000000.0,-0.1246304147,12924988000000.0,2547987000000.0,3844046000000.0,4126979000000.0,9969086000000.0,704043000000.0,1566274000000.0,2683946544966.1196,2645120544966.1196,2538.9432840223126,0.9314430725235093,0.07548061166478452,0.38288499902079565,-0.1165658130109539,2538.9432840223126,-0.1497150495665794,1.6978127541969323,-1.7589407249851365,1.0533595913032994,-3.669994128009395e-05,2.5251937736757557,5.216199266806458e-06,0.12230773444431825,0.582574566044557,-0.029514302063568646,16.02844176415577,-0.12463041473255121,-6.282379099499722,-4.2965938031287045,-0.14557406307904774,-0.20928529498639312,-1.2759918639281203,-6.27375784554981,-1.5335000945303296,-22.922222707963172,-0.24331762404536034,-0.2649885700690036,Consumer Electronics,Technology,SONY
2011Q3,2011,Q3,2011-01-20,2010-12-31,72334000000.0,2206246000000.0,137522000000.0,71.96,713858000000.0,0.3235622863,13086208000000.0,2920376000000.0,4235562000000.0,4192434000000.0,9819416000000.0,731860000000.0,1967670000000.0,2920015001890.9624,3916605001890.9624,2910.010542447801,1.01028710290967,0.14644081769141984,0.6562014617295855,0.018145700971596648,2910.010542447801,0.02476872841031429,1.3235219471858362,10.092124733496567,0.9998763864279675,0.17438548953465866,2.03917142622906,0.004319840819938029,0.1685932242556438,0.6225347852822489,0.00552749887515161,13.696258885594435,0.3235622863452217,0.7227675365094562,-0.5748305964567583,-0.0744519797590027,-0.12009235980913065,0.1789075595557574,0.7237566427567143,1.003204614645089,-0.518682201137657,-0.2132578310689945,-0.19582313629977563,Consumer Electronics,Technology,SONY
2011Q2,2011,Q2,2010-10-15,2010-09-30,41963000000.0,1733152000000.0,68651000000.0,41.77,605525000000.0,0.3493778965,13009766000000.0,2881330000000.0,4225556000000.0,4214101000000.0,9790872000000.0,917284000000.0,1895242000000.0,2584670841809.9204,3809476841809.9204,2871.120296226618,1.0027182547357076,0.15849770088101509,0.7156479820083087,0.009293136936773905,2871.120296226618,0.014563760485609076,1.491312269096952,15.398510841752973,0.8970408949373798,0.0028596620832638275,1.2293106606023871,4.642757524821605e-05,0.13321930617353148,0.5472797163618053,0.0032254999820903775,42.61336172074258,0.3493778964568601,0.19138619509412438,0.4572547207466584,0.006384792368558925,-0.049952757580671255,0.09744670670837577,0.19084511039219024,-0.6599162806826344,-0.20768122060905178,-0.16712349408254237,-0.17802866706661152,Consumer Electronics,Technology,SONY
2011Q1,2011,Q1,2010-07-16,2010-06-30,35238000000.0,1661049000000.0,201865000000.0,35.06,551758000000.0,0.3321744271,12741481000000.0,2877118000000.0,4029494000000.0,3996465000000.0,9536525000000.0,748586000000.0,1876741000000.0,2357405054430.4795,3417855054430.4795,2866.974643710552,1.0082645537994201,0.16129027700939946,0.714283181989755,0.01827656148138541,2866.974643710552,0.012247672844839871,1.4192266780994898,16.7248783588064,0.8193633540336127,0.35807934616039505,1.4818484449348506,0.005352495523111685,0.13036545751628087,0.6060388368220415,0.0027656125688999577,-29.937583237205114,0.33217442712406436,1.8460424710424712,38.41618068435783,0.04845882745078841,-0.019496143993122113,0.04185486185591927,1.8473932281646788,0.15415401679788227,-0.20384995112245716,-0.16156052612115768,-0.19037940261524902,Consumer Electronics,Technology,SONY
2010Q4,2010,Q4,2010-06-28,2010-03-31,-41584000000.0,1715070000000.0,174903000000.0,-41.44,529592000000.0,0.3087873964,12866114000000.0,2965905000000.0,4132872000000.0,4059925000000.0,9580559000000.0,645455000000.0,1851004000000.0,3605085590343.52,3622291590343.52,2955.519305161662,1.0179675732926101,0.09395331022249609,0.40757003342993114,0.03708134925216023,2955.519305161662,-0.014020678342698097,2.1020049271128993,-21.67351379342728,1.2155094618146973,-0.0007454790303963063,1.836654762919181,8.598963664839393e-06,0.13330132159562708,0.6558559579302573,-0.0032320559261327856,11.57579829479702,0.3087873964327987,-1.526155408836973,0.3098783311267056,-0.08764733035267007,-0.04762098873253857,-0.27156187416096306,-1.5252693672868747,0.19712120901008193,0.48704235984643834,-0.180192555582089,-0.12200566635473106,Consumer Electronics,Technology,SONY
2010Q3,2010,Q3,2010-01-05,2009-12-31,79167000000.0,2237865000000.0,146103000000.0,78.76,727024000000.0,0.3248739312,12821850000000.0,3005136000000.0,4212352000000.0,4010098000000.0,9514240000000.0,637790000000.0,1920173000000.0,2703858202867.624,3738390202867.624,2994.612930163406,1.0504361738790424,0.15905013707070353,0.6786105520681925,0.021189723849875615,2994.612930163406,0.026343899244493426,1.2082311501666205,8.538463636577184,0.8997457029790412,0.15957406495130547,2.368869063484846,0.00467221246535852,0.17453526597175914,0.6741939972539325,0.006174382011956153,12.251116672032659,0.3248739311799416,6.157825802226588,-0.49034509637152174,-0.03568193334799301,0.054767618770092605,0.3811508577290602,6.165198669015463,0.02528421052631579,-0.33239736063775344,-0.14396349183128046,-0.13359771980851,Consumer Electronics,Technology,SONY
2010Q2,2010,Q2,2009-10-16,2009-09-30,-15327000000.0,1661210000000.0,142500000000.0,-15.27,526390000000.0,0.3168714371,12473822000000.0,2882600000000.0,3986537000000.0,3835894000000.0,9305444000000.0,869564000000.0,1841006000000.0,2617156763711.0527,3937628763711.0527,2872.4802520719504,1.039271940256952,0.17307902902574687,0.7489617012419344,0.025444546275846348,2872.4802520719504,-0.005317074862970929,1.5754520883639351,-42.6886664662206,0.9079153416051665,-0.00913420760749005,1.305044827062758,5.349316553796496e-05,0.13317570188190916,0.5797686276002413,-0.0012287332623473384,31.442983885517542,0.31687143708501636,0.26160541586073505,-1.2680792134781564,-0.09248474613042205,0.05488277403981366,-0.022359494009423712,0.2615629215648487,-0.04843944068271966,0.1747266772521277,-0.10627125188561405,-0.11161978818251712,Consumer Electronics,Technology,SONY
2010Q1,2010,Q1,2009-07-16,2009-06-30,-20756000000.0,1599853000000.0,149754000000.0,-20.68,538429000000.0,0.3365490454,12366462000000.0,2969349000000.0,3833463000000.0,3649460000000.0,9121923000000.0,834128000000.0,1879858000000.0,2499910943902.353,3725279943902.353,2958.907017136525,1.0504192401067556,0.1644205108947086,0.6847628891046489,0.018860175581745124,2958.907017136525,-0.0069900843585580545,1.5625879027025313,-30.110702253593576,0.8419053953921728,-0.608161495471189,1.2724953484357318,0.0050493798712267475,0.12937030817706793,0.5845177094693461,-0.0016784105267941632,-61.7048660685776,0.33654904544355013,0.8737947027950689,-3.2552332303055427,-0.09165684045371718,0.1240570390886403,0.7362404550613971,0.8737722963152166,2.4993692304611628,-1.6434941292996081,-0.08105897553424414,-0.06260559772159138,Consumer Electronics,Technology,SONY
2009Q4,2009,Q4,2009-04-17,2009-03-31,-164433000000.0,1524060000000.0,-99878000000.0,-163.86,310112000000.0,0.2034775534,12013511000000.0,2964653000000.0,3620635000000.0,3810900000000.0,8796909000000.0,813068000000.0,1916951000000.0,2048929818252.1555,2499442818252.1553,2954.2658014421295,0.9500734734577134,0.09250434781305815,0.3748506148948966,-0.012929544025895367,2954.2658014421295,-0.05546450124179794,1.3443892092517062,-3.1151438857348515,0.6911196076748798,-0.0004561128240681615,1.4930460920857789,3.6604474849206367e-05,0.12686216377543583,0.5198653861292608,-0.013687339196676142,6.688548506702343,0.20347755337716364,-84.17766497461929,-2.5123255462862844,-0.2097078543340315,0.14648827494075617,-0.4748359455042718,-80.977140077821,-1.7103838361693544,-1.2831943929386431,-0.1762179489812759,-0.07993950616402529,Consumer Electronics,Technology,SONY
2009Q3,2009,Q3,2009-01-13,2008-12-31,2056000000.0,2154584000000.0,140597230560.0,1.97,590505000000.0,0.2740691475,12562884000000.0,3195722000000.0,4718003000000.0,4288522000000.0,9106439000000.0,1082772000000.0,2095453000000.0,1989486159360.517,3252277159360.517,3184.5252093638765,1.1001466239417683,0.16314359027751907,0.6413430204504648,0.0008293350312344037,3184.5252093638765,0.0006433600920230233,0.9233736811191938,241.91222754870103,0.6225466919089073,14.6717053307393,1.4445137111044615,0.015162219660626329,0.17150393174051437,0.5905554407788978,0.00016365668902140623,-121.5175033625014,0.27406914745491473,-0.8724093264248705,-0.9795914641133315,-0.14703693043450713,0.2551893008426571,0.06306669815451846,-0.8731864587286773,2.395179865520882,-0.9879145579724539,-0.09608340769447526,-0.03708662864750918,Consumer Electronics,Technology,SONY
2009Q2,2009,Q2,2008-10-17,2008-09-30,16212779640.0,2064639205920.0,-100773551880.0,15.44,555473142960.0,0.2690412646,12924340485960.0,3419201049960.0,5110522460640.0,4494966663720.0,9243509678280.0,1360284001560.0,2077355111520.0,3285824967686.2144,4906149238766.215,3407.2925624542227,1.1369433508569273,0.1794009855124747,0.678123159884712,-0.038943989259710106,3407.2925624542227,0.004741686552824868,1.5914765922610947,50.66720575754113,0.9609920328389738,0.008270583636946292,1.109449248266729,4.080836664115491e-05,0.15974812859216017,0.5120347014309625,0.001254437675764756,-65.68268261144524,0.2690412646273866,-0.5360576923076924,-0.5495604746850273,0.05234855355967401,0.3780932746146614,-0.09321514126986412,-0.5373953586019794,-2.369240628601051,-0.4369424053925857,0.1989414686299128,0.12746543825763085,Consumer Electronics,Technology,SONY
2009Q1,2009,Q1,2008-07-18,2008-06-30,35046729300.0,1982795260700.0,73598131530.0,33.28,612574347280.0,0.3089448313,12817119916060.0,3596325437230.0,4914613469960.0,4124469027560.0,8946474170400.0,1210386587370.0,2098343265180.0,4657777238031.238,5987428907231.238,3583.903627257924,1.191574827479658,0.1653215783106574,0.5891976493517999,0.008975192790114281,3583.903627257924,0.009745149573280572,2.3490964147185176,33.22547732029903,1.2951489845198216,0.3606060606060606,1.1320522944634552,0.0027133249067406865,0.15469897088311818,0.6061128849521062,0.0027343685265896625,-14.161327111008951,0.30894483128012856,0.9192618223760093,28.867646224429777,0.13790216306520556,0.42118900430147077,-0.36512402761736557,1.0149215165938288,-0.912956101561999,38.205043769043534,0.25163577739965975,0.22569320024938655,Consumer Electronics,Technology,SONY
2008Q4,2008,Q4,2008-04-23,2008-03-31,17393595240.0,2088246345410.0,845528898070.0,17.34,964872469470.0,0.4620491599,12552739000000.0,3465089000000.0,5009663000000.0,4023367000000.0,8810801000000.0,1021595000000.0,2059361000000.0,4013496512786.4824,4011227512786.4824,3454.2908866882126,1.2451419420599712,0.08636856067827109,0.31288142959675785,0.2124592115106107,3454.2908866882126,0.0050196676737596065,1.921945905284697,57.68641355348801,1.1582665013182871,0.029249375587976485,1.0996274217669428,0.00012676024468420054,0.1663578240103614,0.647324740696039,0.0013856414317225906,14.248476199725266,0.46204915985645356,-0.8785459130069342,1.1465095844125819,0.1255195295018603,0.3966237491261925,0.4191540097491405,-0.8842109419392497,7.528688754995625,1.2887730832866393,0.11129810955115989,0.11310189500331355,Consumer Electronics,Technology,SONY
2008Q3,2008,Q3,2008-01-16,2007-12-31,150217952640.0,2803062525490.0,99139377970.0,142.77,679892712730.0,0.2425535308,12957863185540.0,3629931880870.0,5446630245610.0,4391304420590.0,9036884021430.0,1079915073220.0,2002906035200.0,6081546668910.464,7492969515590.464,3618.6200745170595,1.240321718547176,0.1863905325443787,0.6653631800966838,0.008711992714282144,3618.6200745170595,0.041383132678510945,2.169607924763418,10.121204826105236,1.6753886487403933,0.08037581978590332,1.9660525771061892,0.001985332308921193,0.21632135525385132,0.6967599073532031,0.011592802801594011,20.11886182075976,0.24255353084253758,1.8366779256904433,0.11109660033436902,0.12661930326624155,0.35398257868861804,0.17651293869764603,1.8379462446658175,1.2485275705829253,-0.03256497502524958,0.20833443841361687,0.2745564679785657,Consumer Electronics,Technology,SONY
2008Q2,2008,Q2,2007-10-11,2007-09-30,52931923190.0,2079730856270.0,44090799360.0,50.33,577888003070.0,0.2778667256,12451287667180.0,3503381432480.0,4986164200540.0,3970353518410.0,8911393541480.0,1260147195250.0,1839757495170.0,5735250230850.809,7633910278290.809,3492.968892212315,1.255848925648515,0.2027627671935228,0.7206345044572627,0.004407693744164333,3492.968892212315,0.01510880964866282,2.7576886757053685,27.087860619876,1.6370613195808645,0.0008877907162246828,1.1917995444191345,8.193621569852376e-06,0.16702937976060936,0.6148529454293068,0.00425112041459951,-56.06663515708839,0.2778667255562303,0.19804808378957392,0.10351726491091935,0.06702670116206606,0.36233949655132713,-0.10880118521373128,0.19716089480222393,-0.5569365662414484,-0.07368588568712735,0.1367662123560236,0.28274953744030384,Consumer Electronics,Technology,SONY
2008Q1,2008,Q1,2007-07-12,2007-06-30,44214544110.0,1979062700010.0,99513514320.0,42.01,648438926850.0,0.3276495115,11880411054270.0,3549972198960.0,4329576834660.0,3390233302830.0,8292505485990.0,1190713683720.0,1785208403550.0,6342520798608.667,8038561152198.667,3541.133529669944,1.2770734188251536,0.18072214216849983,0.6048084929225646,0.009208337622877382,3541.133529669944,0.012454898695531501,3.2048104380809255,35.86218588406851,1.7866395687455725,0.2841225626740947,1.117501034340091,0.0019806556381739815,0.1665820055358013,0.6273113670214698,0.003721634201714647,-31.946711494740935,0.32764951148173505,1.5200544689279523,-0.29533288513844935,0.048539912310775056,0.40046216245093946,0.25183156203386126,1.5465945519404045,-0.8488136659765797,3.809060385183965,0.12480361225049155,0.3452386463398772,Consumer Electronics,Technology,SONY
2007Q4,2007,Q4,2007-04-20,2007-03-31,-80890934520.0,2087493279440.0,658217655470.0,-80.78,517992153670.0,0.2481407527,11716362000000.0,3370704000000.0,4546723000000.0,3551852000000.0,8306688000000.0,940875000000.0,1719506000000.0,5956156021277.171,6252723021277.171,3366.216832961662,1.2800992271074358,0.09358416887426318,0.32529287650295013,0.11264692932127134,3366.216832961662,-0.023998231384304288,2.853257579289067,-18.407983714802217,1.7670362100253154,-0.0008103730089036434,1.6681292687870333,1.1005727480245524e-05,0.17816906642522654,0.7497471741502743,-0.006904099968915266,20.756752171641565,0.2481407527256609,-1.7159443410440487,-12.636852782136334,0.010637321736004596,0.302035308077829,-0.34239183805490014,-1.6836260707061035,2.6788806175199382,-0.7316152707222476,0.0848169417492601,0.30635778541484465,Consumer Electronics,Technology,SONY
2007Q3,2007,Q3,2007-01-17,2006-12-31,118326286820.0,2608535133890.0,178917916590.0,112.83,787691187010.0,0.301966869,11944883901790.0,3460984369220.0,4841854517220.0,3760847464290.0,8441878225480.0,966490063070.0,1780846328800.0,,,,,,,,,,,,,,,,,,,,,,,,,,,,,,,Consumer Electronics,Technology,SONY
2007Q2,2007,Q2,2006-10-11,2006-09-30,-18530758670.0,1854610261030.0,-15107879680.0,-17.66,430220479950.0,0.2319735251,11146546415780.0,3237571403300.0,4218993430950.0,3444006415490.0,7868726676770.0,1152920068080.0,1620674186610.0,,,,,,,,,,,,,,,,,,,,,,,,,,,,,,,Consumer Electronics,Technology,SONY
2007Q1,2007,Q1,2007-06-06,2006-06-30,32180485300.0,1736944557100.0,8932661400.0,30.92,529890055100.0,0.3050702182,10481905546400.0,3160329794800.0,3732363688300.0,3022904234800.0,7282638509600.0,944228118500.0,1623797512700.0,,,,,,,,,,,,,,,,,,,,,,,,,,,,,,,Consumer Electronics,Technology,SONY
