Year,Date,FillingDate,NetIncome,Revenue,OperatingIncome,EPSDiluted,GrossProfit,GrossProfitRatio,TotalAssets,CommonStockEquity,CurrentAssets,CurrentLiability,TotalLiability,Inventory,RetainedEarnings,EnterpriseValue,bookValuePerShare,currentRatio,debtToAssets,debtToEquity,roic,shareholdersEquityPerShare,roe,priceToSalesRatio,peRatio,pbRatio,payoutRatio,inventoryTurnover,dividendYield,assetTurnover,quickRatio,returnOnAssets,priceToFreeCashFlowsRatio,grossProfitMargin,epsdilutedGrowth,fiveYNetIncomeGrowthPerShare,fiveYRevenueGrowthPerShare,fiveYShareholdersEquityGrowthPerShare,grossProfitGrowth,netIncomeGrowth,operatingIncomeGrowth,threeYNetIncomeGrowthPerShare,threeYRevenueGrowthPerShare,threeYShareholdersEquityGrowthPerShare,Industry,Sector,Price,MarketCap,AvgVolume,Symbol
2022,2022-12-31,2023-02-15,2290000000.0,19428000000.0,2968000000.0,4.41,6980000000.0,0.3592752728,17852000000.0,12309000000.0,7266000000.0,3347000000.0,5543000000.0,0.0,12588000000.0,28967420000.0,23.76254826254826,2.1708993128174483,0.08592874747927404,0.12462425867251604,0.1527131923925924,23.76254826254826,0.18604273295962304,1.5248311715050442,12.936427947598252,2.4067284101064264,0.2462882096069869,0.0,0.01903834741743467,1.0882814250504145,1.8813863161039737,0.12827694375980284,13.248846153846154,0.3592752728021412,0.08888888888888898,0.7430609751088474,0.5017511386181204,0.32076025116609974,0.011154570476604375,0.07159569489939167,0.05024769992922859,0.3416149979667894,0.24922465898453516,0.2051591797100778,Information Technology Services,Technology,67.06,34031407084,3611822,CTSH
2021,2021-12-31,2022-02-16,2137000000.0,18507000000.0,2826000000.0,4.05,6903000000.0,0.3729940023,17852000000.0,11991000000.0,7342000000.0,3529000000.0,5861000000.0,0.0,11922000000.0,46605440000.0,22.753320683111955,2.080476055539813,0.09197848980506386,0.13693603535985321,0.1460026785426576,22.753320683111955,0.17821699608039362,2.526365159128978,21.879007955077213,3.899211074972896,0.2381843706130089,0.0,0.010886433749741206,1.0366905668832624,1.7784074808727686,0.1197064754649339,21.099025270758123,0.3729940022694116,0.575875486381323,0.584933855144783,0.5805154418852141,0.2874035845123933,0.1541548236080923,0.5352011494252874,0.336802270577105,0.12328727532836527,0.2675020519835842,0.15917652639803545,Information Technology Services,Technology,67.06,34031407084,3611822,CTSH
2020,2020-12-31,2021-02-12,1392000000.0,16652000000.0,2114000000.0,2.57,5981000000.0,0.3591760749,16923000000.0,10836000000.0,6851000000.0,3540000000.0,6087000000.0,0.0,10689000000.0,43331000000.0,20.066666666666666,1.9353107344632767,0.10388229037404716,0.16223698781838317,0.10284625290991739,20.066666666666666,0.12846068660022147,2.6575186163824167,31.790948275862068,4.083887043189369,0.3448275862068966,0.0,0.010846722256118229,0.9839862908467766,1.6415254237288135,0.08225491934054245,15.254395036194415,0.35917607494595244,-0.21884498480243167,-0.032936410172182455,0.5127931104429172,0.31736095393094127,-0.027321515693608717,-0.24429967426710097,-0.13819812474520995,0.016371158392435088,0.23473078750593948,0.11533726997219348,Information Technology Services,Technology,67.06,34031407084,3611822,CTSH
2019,2019-12-31,2020-02-14,1842000000.0,16783000000.0,2453000000.0,3.29,6149000000.0,0.3663826491,16204000000.0,11022000000.0,7611000000.0,2983000000.0,5182000000.0,0.0,11022000000.0,33709180000.0,19.717352415026834,2.5514582634931275,0.10398666995803506,0.15287606604971873,0.13422854743727933,19.717352415026834,0.16712030484485574,2.06573199070488,18.821487513572205,3.145452730901833,0.24592833876221498,0.0,0.013066360381180055,1.0357319180449271,2.2393563526651024,0.11367563564551962,16.454285714285714,0.36638264910921764,-0.08611111111111112,0.3922910195144764,0.7790597276789836,0.5491339720329077,-0.021950055670431047,-0.12327463112803427,-0.12424134237772225,0.28793828552734796,0.3512357291517585,0.11562573787484036,Information Technology Services,Technology,67.06,34031407084,3611822,CTSH
2018,2018-12-31,2019-02-19,2101000000.0,16125000000.0,2801000000.0,3.6,6287000000.0,0.38989147286821707,15913000000.0,11424000000.0,8677000000.0,2777000000.0,4489000000.0,0.0,11485000000.0,36529360000.0,19.628865979381445,3.124594886568239,0.04681706780619619,0.06521358543417367,0.17273414312019092,19.628865979381445,0.18391106442577032,2.29118511627907,17.584654926225607,3.2340126050420164,0.22275107091861018,0.0,0.012667355251105959,1.013322440771696,2.7972632337054377,0.1320304153836486,16.679620767494356,0.38989147286821707,0.4229249011857709,0.7747914935031841,0.892408266867548,0.9322871094647949,0.1111700247437257,0.39694148936170215,0.12898024989923418,0.35429297162387435,0.3592008399537676,0.28861968162029267,Information Technology Services,Technology,67.06,34031407084,3611822,CTSH
2017,2017-12-31,2018-02-27,1504000000.0,14810000000.0,2481000000.0,2.53,5658000000.0,0.38203916272788657,15221000000.0,10669000000.0,9111000000.0,2839000000.0,4552000000.0,0.0,10544000000.0,41062860000.0,17.991568296795954,3.2092286016202887,0.05735497010708889,0.0818258505951823,0.12160490745173362,17.991568296795954,0.14096916299559473,2.843677245104659,28.00190159574468,3.947404630237135,0.1761968085106383,0.0,0.006292315823915835,0.9729978319427107,2.915815427967594,0.0988108534261875,19.837428167687236,0.38203916272788657,-0.007843137254901968,0.4537774163976427,1.04850813046857,1.2333209405644134,0.051868377021751254,-0.031551835157759174,0.08387942332896461,0.07163119362387717,0.4799025114560228,0.41354422602274726,Information Technology Services,Technology,67.06,34031407084,3611822,CTSH
2016,2016-12-31,2017-03-01,1553000000.0,13487000000.0,2289000000.0,2.55,5379000000.0,0.3988285015199822,14262000000.0,10728000000.0,8600000000.0,2418000000.0,3534000000.0,0.0,10478000000.0,32854210000.0,17.67380560131796,3.5566583953680726,0.061562193240779696,0.08184190902311708,0.12986596914050647,17.67380560131796,0.1447613721103654,2.521703121524431,21.89968448164842,3.1702283743475017,0.0,0.0,0.0,0.9456597952601318,3.3391232423490487,0.10889075865937456,25.74580620741862,0.3988285015199822,-0.03773584905660381,0.7562554361502716,1.2017230530917695,1.7119723368449822,0.08103219582780659,-0.04348361665434836,0.06862745098039216,0.2578447324737329,0.5176260211569115,0.739828820191963,Information Technology Services,Technology,67.06,34031407084,3611822,CTSH
2015,2015-12-31,2016-02-25,1623600000.0,12416000000.0,2142000000.0,2.65,4975800000.0,0.40075708762886597,13065400000.0,9278100000.0,7908600000.0,2713700000.0,3787300000.0,0.0,8925200000.0,35720482000.0,15.232474142176983,2.9143236172016067,0.09854271587551855,0.13876763561505048,0.15213438091306142,15.232474142176983,0.1749927248035697,2.9444412048969073,22.516741808327176,3.9402660027376295,0.0,0.0,0.0,0.9502962021828647,2.789954674429745,0.12426714834601313,19.440671098112205,0.40075708762886597,0.127659574468085,1.1859842913689638,1.6701449073963068,1.556410657623559,0.2072604494945243,0.12807422111394204,0.13641307288853707,0.5279010111547177,0.6719775094726796,0.8908303554831355,Information Technology Services,Technology,67.06,34031407084,3611822,CTSH
2014,2014-12-31,2015-02-27,1439267000.0,10262681000.0,1884878000.0,2.35,4121563000.0,0.4016068510752697,11718916000.0,7740218000.0,6750297000.0,2592094000.0,3978698000.0,0.0,7301634000.0,31651268159.999996,12.727984003315102,2.6041868080401405,0.13973152465637606,0.21155760729219772,0.15035410394797358,12.727984003315102,0.18594657153067265,3.120423908723266,22.250155919645206,4.137340209280927,0.0,0.0,0.0,0.8757363735690229,2.3409606287426303,0.12281571094118261,25.39953788327634,0.4016068510752697,0.16625310173697266,1.5952071670565502,2.019384767712477,1.8141120024094382,0.15200826224522881,0.1714901292388436,0.12334868973902056,0.6246234326586826,0.6722579960348106,0.953056478012973,Information Technology Services,Technology,67.06,34031407084,3611822,CTSH
2013,2013-12-31,2014-02-25,1228578000.0,8843189000.0,1677910000.0,2.015,3577720000.0,0.4045735084933727,8208914000.0,6135791000.0,6147882000.0,1774508000.0,2073123000.0,0.0,5862367000.0,28283660860.0,10.158358912210645,3.4645558092722037,0.0,0.0,0.19904430273976328,10.158358912210645,0.20023139640838483,3.4486051197141663,24.822735601646784,4.970291012193864,0.0,0.0,0.0,1.0772666152916208,3.168621950422314,0.14966388976666098,26.24159261713204,0.4045735084933727,0.17151162790697683,1.7393267178218144,2.0164180540109955,1.9987649902160731,0.16605301230578792,0.16866854440801207,0.23240171105901156,0.668062514790204,0.9178013880370308,0.7048403788348164,Information Technology Services,Technology,67.06,34031407084,3611822,CTSH
2012,2012-12-31,2013-02-26,1051263000.0,7346472000.0,1361496000.0,1.72,3068231000.0,0.4176468650530486,6521571000.0,4854383000.0,4814294000.0,1377330000.0,1667188000.0,0.0,4633789000.0,20690025178.4,8.055970805633093,3.495381644195654,0.0,0.0,0.21248617151216145,8.055970805633093,0.2165595504104229,3.0300397494743057,21.17462726111354,4.585567759775032,0.0,0.0,0.0,1.1264880808627247,3.1891442138049704,0.16119781567968822,26.559627854788946,0.4176468650530486,0.20701754385964907,1.871562910929371,2.2900582996726864,2.1621747127416433,0.1880699344132546,0.18972565067710254,0.1980064550871648,0.9130197805833526,1.1812923435982006,0.7811464980854341,Information Technology Services,Technology,67.06,34031407084,3611822,CTSH
2011,2011-12-31,2012-02-27,883618000.0,6121156000.0,1136468000.0,1.425,2582534000.0,0.4219029869521378,5507933000.0,3952886000.0,4085506000.0,1209705000.0,1555047000.0,0.0,3582526000.0,18192837870.0,6.516956445757509,3.3772746248052212,0.0,0.0,0.21728893619158784,6.516956445757509,0.22353743568623027,3.186284399548059,22.07259683483134,4.934051695394201,0.0,0.0,0.0,1.1113345060660687,3.1007014106745032,0.16042642494017265,33.23004555901801,0.4219029869521378,0.20253164556962025,2.5258427882601517,2.9922163949562006,2.42046131775255,0.3327006636323291,0.20459415982768492,0.31863475399488544,0.9619285507178962,1.0791872633691206,0.9238167307525971,Information Technology Services,Technology,67.06,34031407084,3611822,CTSH
2010,2010-12-31,2011-02-23,733540000.0,4592389000.0,861852000.0,1.185,1937820000.0,0.42196338332837224,4583074000.0,3584431000.0,3518234000.0,930726000.0,998643000.0,0.0,2698908000.0,20503270490.0,5.958539601903046,3.7800963978657522,0.0,0.0,0.20074972419840093,5.958539601903046,0.20464614885877283,4.800168167374323,30.051857417455082,6.1499968865351295,0.0,0.0,0.0,1.0020324786377004,3.4818582482921934,0.16005414706373933,38.06361736845195,0.42196338332837224,0.3314606741573034,3.0041792438128354,3.7052363300853206,3.5554048795253306,0.35585844026811825,0.3711976342289093,0.39347766334136364,1.0070884738406511,1.0601516669260698,1.3388792870044097,Information Technology Services,Technology,67.06,34031407084,3611822,CTSH
2009,2009-12-31,2010-02-25,534963000.0,3278663000.0,618490000.0,0.89,1429220000.0,0.4359154936021177,3338240000.0,2653177000.0,2307568000.0,646608000.0,685063000.0,0.0,1965368000.0,12194540320.0,4.5229130867632215,3.568727884591592,0.0,0.0,0.195787148049447,4.5229130867632215,0.20163110112894841,4.055150016942882,24.85306520264018,5.011150903237892,0.0,0.0,0.0,0.9821531705329755,3.260974191473041,0.16025300757285277,22.319595088687663,0.4359154936021177,0.2361111111111112,3.7667221980919408,3.9917270532127063,4.225301008183506,0.1493637252631308,0.24165999373324512,0.19706969632453983,1.2072098468250143,1.2110516883294085,1.3738764230811351,Information Technology Services,Technology,67.06,34031407084,3611822,CTSH
2008,2008-12-31,2009-03-02,430845000.0,2816304000.0,516670000.0,0.72,1243488000.0,0.4415318800811276,2374560000.0,1965578000.0,1468119000.0,387577000.0,408982000.0,0.0,1430405000.0,4504519260.0,3.387514175120036,3.7879414929162465,0.0,0.0,0.2198162203720966,3.387514175120036,0.2191950662858457,1.860447330969952,12.161183859624689,2.6656715022247908,0.0,0.0,0.0,1.1860319385486153,3.463100235566094,0.18144203557711744,20.129411859620816,0.4415318800811276,0.2521739130434783,5.4724640135205345,5.591052481848025,5.180510775083091,0.3377426732735046,0.23051811740110187,0.35423383186290697,1.438271147304467,1.991531214607628,1.5898122079904458,Information Technology Services,Technology,67.06,34031407084,3611822,CTSH
TTM,,,,,,,,,,,,,,,,33080407084.0,24.87426326129666,2.1764528756398676,0.08304402931614041,0.11902693310165074,0.14949438248587166,24.87426326129666,0.18879659560538484,1.7529312395178738,14.795639358474208,2.6959592449253615,0.24750758560901603,0.0,0.016701461377870565,1.0698187028158925,1.8666064438422163,0.12712845098363365,12.69354982618426,0.3564438034408159,,,,,,,,,,,Information Technology Services,Technology,67.06,34031407084,3611822,CTSH
