Quarters,Year,Quarter,FillingDate,Date,NetIncome,Revenue,OperatingIncome,EPSDiluted,GrossProfit,GrossProfitRatio,TotalAssets,CommonStockEquity,CurrentAssets,CurrentLiability,TotalLiability,Inventory,RetainedEarnings,MarketCap,EnterpriseValue,bookValuePerShare,currentRatio,debtToAssets,debtToEquity,roic,shareholdersEquityPerShare,roe,priceToSalesRatio,peRatio,pbRatio,payoutRatio,inventoryTurnover,dividendYield,assetTurnover,quickRatio,returnOnAssets,priceToFreeCashFlowsRatio,grossProfitMargin,epsdilutedGrowth,fiveYNetIncomeGrowthPerShare,fiveYRevenueGrowthPerShare,fiveYShareholdersEquityGrowthPerShare,grossProfitGrowth,netIncomeGrowth,operatingIncomeGrowth,threeYNetIncomeGrowthPerShare,threeYRevenueGrowthPerShare,threeYShareholdersEquityGrowthPerShare,Industry,Sector,Symbol
2023Q1,2023,Q1,2023-05-26,2023-03-31,492016.0,0.0,958271.0,0.12,-958271.0,0.0,170896949.0,163613224.0,566561.0,1508725.0,7283725.0,0.0,-6082275.0,2290200.0,1764438.0,9.915952969696969,0.3755230409783095,0.0,0.0,0.003411146757554893,9.915952969696969,0.003007189687796874,0.0,1.1636816688888167,0.013997646058242824,0.0,0.0,0.0,0.0,0.34848100217070704,0.0028790215558500113,-4.738740267291271,0.0,1.7334851936218678,2.2444858490686426,0.0,-0.0005772507605483621,-0.01888985172859262,-0.3450981122933865,1.6447376565636993,2.2444858490686426,0.0,-0.0005772507605483621,Shell Companies,Financial Services,RCACW
2022Q4,2022,Q4,2023-03-27,2022-12-31,751282.0,0.0,-1486296.0,0.0439,-940505.0,0.0,169625495.0,163121208.0,865720.0,729287.0,6504287.0,0.0,-5247190.0,1650000.0,873393.0,9.886133818181818,1.187077241195853,0.0,0.0,-0.006565541678249588,9.886133818181818,0.004605667216490942,0.0,0.5490614709256977,0.010115177665923122,0.0,0.0,0.0,0.0,1.0648852920729426,0.004429062977826535,-6.790402897238569,0.0,0.756,4.492168660776789,0.0,38.51637698184945,0.0,0.8170433217885958,-8.376415061565414,4.492168660776789,0.0,38.51637698184945,Shell Companies,Financial Services,RCACW
2022Q3,2022,Q3,2022-11-14,2022-09-30,413464.0,0.0,201493.0,0.025,0.0,0.0,168486500.0,162369926.0,970062.0,341574.0,6116574.0,0.0,-4902477.0,1651650.0,826053.0,9.840601575757576,2.8399761105938977,0.0,0.0,0.0009217579256619124,9.840601575757576,0.002546432151481057,0.0,0.9986661474759592,0.01017214234611402,0.0,0.0,0.0,0.0,2.417037011013719,0.0024539888952527355,-13.429686547139895,0.0,5.097560975609756,408868.9639083637,0.0,6507.017955225017,1.0,5.106485105377424,2.4116876383712134,408868.9639083637,0.0,6507.017955225017,Shell Companies,Financial Services,RCACW
2022Q2,2022,Q2,2022-08-12,2022-06-30,67709.0,0.0,-142732.0,0.0041,-142732.0,0.0,167907513.0,161956462.0,1012005.0,176051.0,5951051.0,0.0,-4750984.0,2235750.0,1424372.0,9.815543151515152,5.748362690356772,0.0,0.0,-0.0006639648117385615,9.815543151515152,0.00041806914749718355,0.0,8.254995643119823,0.013804635964448272,0.0,0.0,0.0,0.0,4.608766777808703,0.0004032517591991253,-83.56381984675761,0.0,1.1708333333333334,203.8990277140496,0.0,6405.277961096132,0.0,1.173184743352329,-1.7081154559796792,203.8990277140496,0.0,6405.277961096132,Shell Companies,Financial Services,RCACW
2022Q1,2022,Q1,2022-05-13,2022-03-31,-390964.0,0.0,201566.0,-0.024,0.0,0.0,167767021.0,161888753.0,1015004.0,103268.0,5878268.0,0.0,-4774563.0,3680224.24185,2842091.24185,9.921680267177114,9.828833714219313,0.0,0.0,0.005140341543333627,9.921680267177114,-0.002415016440332949,0.0,-2.35330122584816,0.02273304459791595,0.0,0.0,0.0,0.0,8.11609598326684,-0.002330398416027188,-4.5059372413223135,0.0,-0.8461538461538463,0.0,0.0,0.0,0.0,-0.8377290909689156,3.062330540122983,0.0,0.0,0.0,Shell Companies,Financial Services,RCACW
2021Q4,2021,Q4,2022-04-05,2021-12-31,-212743.0,0.0,-97737.0,-0.013,0.0,0.0,153656017.0,-4299689.0,2066677.0,1205706.0,5250000.0,0.0,-4300120.0,4895000.1,3240117.0999999996,-0.26351515294146777,1.7140803811211025,0.0012351550151140519,-0.04414016920758687,0.03258962735100222,-0.26351515294146777,0.0494786948544418,0.0,-5.7522457848201825,-1.1384544556594673,0.0,0.0,0.0,0.0,1.5299517461138952,-0.001384540639238358,0.0,0.0,0.0,0.0,0.0,0.0,0.0,-212744.0,-48869.5,0.0,0.0,0.0,Shell Companies,Financial Services,RCACW
2021Q3,2021,Q3,2021-09-30,2021-09-30,1.0,0.0,2.0,0.0,0.0,0.0,115942.0,24672.0,44672.0,91270.0,91270.0,0.0,-328.0,4895000.1,4941598.1,0.0015120735135429313,0.48944888791497754,0.7872039468009867,3.699335278858625,1.725000431250108e-05,0.0015120735135429313,4.053177691309987e-05,0.0,1223750.0250000001,198.40305204280153,0.0,0.0,0.0,0.0,0.48944888791497754,8.62500215625054e-06,2447500.05,0.0,0.0,0.0,0.0,0.0,0.0,1.003030303030303,1.006060606060606,0.0,0.0,0.0,Shell Companies,Financial Services,RCACW
2021Q2,2021,Q2,2021-05-31,2021-05-31,-330.0,0.0,-330.0,0.0,0.0,0.0,77830.0,25000.0,45000.0,52830.0,52830.0,0.0,0.0,4895000.1,4902830.1,0.0015321756581782296,0.8517887563884157,0.6787871000899396,2.1132,-0.004240010278812797,0.0015321756581782296,-0.0132,0.0,-3708.3334090909093,195.800004,0.0,0.0,0.0,0.0,0.8517887563884157,-0.004240010278812797,-14833.333636363635,0.0,0.0,0.0,0.0,0.0,0.0,0.0,0.0,0.0,0.0,0.0,Shell Companies,Financial Services,RCACW
