Quarters,Year,Quarter,FillingDate,Date,NetIncome,Revenue,OperatingIncome,EPSDiluted,GrossProfit,GrossProfitRatio,TotalAssets,CommonStockEquity,CurrentAssets,CurrentLiability,TotalLiability,Inventory,RetainedEarnings,MarketCap,EnterpriseValue,bookValuePerShare,currentRatio,debtToAssets,debtToEquity,roic,shareholdersEquityPerShare,roe,priceToSalesRatio,peRatio,pbRatio,payoutRatio,inventoryTurnover,dividendYield,assetTurnover,quickRatio,returnOnAssets,priceToFreeCashFlowsRatio,grossProfitMargin,epsdilutedGrowth,fiveYNetIncomeGrowthPerShare,fiveYRevenueGrowthPerShare,fiveYShareholdersEquityGrowthPerShare,grossProfitGrowth,netIncomeGrowth,operatingIncomeGrowth,threeYNetIncomeGrowthPerShare,threeYRevenueGrowthPerShare,threeYShareholdersEquityGrowthPerShare,Industry,Sector,Symbol
2023Q1,2023,Q1,2023-05-08,2023-03-31,-9571000.0,12837000.0,-9429000.0,-1.32,5103000.0,0.3975227857,81923000.0,44625000.0,67619000.0,11842000.0,37298000.0,19490000.0,-590895000.0,11678368.450000001,1017368.450000003,6.152079402838159,5.710099645330181,0.33110359728037303,0.6078431372549019,-0.12023533158065682,6.152079402838159,-0.2144761904761905,0.9097428098465374,-0.3050456705150977,0.26170013333333336,0.0,0.39681888147768085,0.0,0.15669592178020825,3.9231548724877556,-0.1168292176800166,-1.0859557792449321,0.3975227856975929,-1.5882352941176472,0.7592519119486956,-0.802852459232338,-0.7765848122221899,-0.28679245283018867,-1.5756189451022604,-0.3866176470588235,0.6203705381202582,-0.7109375725747703,0.740077572328339,Medical Devices,Healthcare,CFMS
2022Q4,2022,Q4,2023-03-01,2022-12-31,-3716000.0,17420000.0,-6800000.0,-0.51,7155000.0,0.4107347876,94048000.0,54179000.0,79269000.0,14073000.0,39869000.0,18910000.0,-581324000.0,24067915.04,2898915.039999999,7.473612886743845,5.632700916648902,0.29238261313371894,0.5075398217021355,-0.07707088662264033,7.473612886743845,-0.06858746008601119,1.3816254328358208,-1.619208493003229,0.4442295915391572,0.0,0.5428344791115812,0.0,0.18522456617897243,4.162154480210332,-0.039511738686628106,-2.060609164383562,0.41073478760045923,0.7571428571428571,0.9242292320787588,-0.7970231306904797,-0.7183601769963641,0.47313156269302037,0.7555584791474806,0.4328134122946034,0.7527302523001416,-0.6833567836233693,0.19826941857911715,Medical Devices,Healthcare,CFMS
2022Q3,2022,Q3,2022-11-02,2022-09-30,-15202000.0,13784000.0,-11989000.0,-2.1,4857000.0,0.3523650609,104593000.0,61165000.0,88808000.0,17515000.0,43428000.0,18017000.0,-577608000.0,34648537.440000005,2899537.440000005,8.438125289019414,5.070396802740508,0.2660981136404922,0.4550314722472002,-0.12465444721202741,8.438125289019414,-0.24854083217526363,2.5136779918746375,-0.5698022865412447,0.5664765378893158,0.0,0.49547649442193487,0.0,0.13178702207604714,3.9505566657151014,-0.14534433470691155,-2.7413986422976504,0.3523650609402205,0.023255813953488292,0.7076232998383096,-0.8205489920158743,-0.742176170504337,-0.11043956043956044,0.020742076784333936,0.05990747275150945,0.37572469209798504,-0.7153583458085487,0.09828822141506924,Medical Devices,Healthcare,CFMS
2022Q2,2022,Q2,2022-08-08,2022-06-30,-15524000.0,15295000.0,-12753000.0,-2.15,5460000.0,0.356979405,117287000.0,73430000.0,100768000.0,17635000.0,43857000.0,16727000.0,-562406000.0,63788813.25000001,19260813.250000007,10.181853477263116,5.714091295718741,0.23969408374329637,0.38285441917472424,-0.11601911384604062,10.181853477263116,-0.21141222933405965,4.1705664105916975,-1.0272612285815512,0.8687023457714831,0.0,0.5879715430142882,0.0,0.13040660942815488,4.6687836688403745,-0.13235908497958002,-6.4057856246234195,0.35697940503432496,0.040178571428571556,0.6923869450617512,-0.8017647188791989,-0.7423861049805602,-0.04894617662428148,0.03162622419063065,0.1345684039087948,0.1936704335942012,-0.7257814178707104,-0.0551579368215736,Medical Devices,Healthcare,CFMS
2022Q1,2022,Q1,2022-05-04,2022-03-31,-16031000.0,15551000.0,-14736000.0,-2.24,5741000.0,0.3691724005,128781000.0,85994000.0,111044000.0,16246000.0,42787000.0,15651000.0,-546882000.0,111772016.15,57479016.150000006,11.998320117982411,6.8351594238581805,0.22071578881977932,0.3305346884666372,-0.12060369857875852,11.998320117982411,-0.18641998278949695,7.187448791074529,-1.7430605724845611,1.2997652876944905,0.0,0.6267970097757332,0.0,0.12075539093499818,5.755755262833929,-0.1244826488379497,-6.281444090704732,0.3691724004887145,-0.00448430493273553,0.7764589858387341,-0.8180832352406222,-0.7420038489519585,-0.034801613987895094,-0.003442663995993991,0.30578979601450984,0.25826799156543423,-0.7357728902248208,-0.007324003752892975,Medical Devices,Healthcare,CFMS
2021Q4,2021,Q4,2022-03-02,2021-12-31,-15976000.0,15424000.0,-21227000.0,-2.23,5948000.0,0.3856327801,145341000.0,100552000.0,126883000.0,17963000.0,44789000.0,15204000.0,-530851000.0,136124005.68,66054005.68000001,14.060762541027804,7.063575126649224,0.2097549899890602,0.30318641101121807,-0.16246914820951677,14.060762541027804,-0.15888296602752805,8.825467173236515,-2.1301327879318976,1.3537672615164293,0.0,0.6232570376216785,0.0,0.10612284214364838,6.118966765016979,-0.10992080692990966,24.68250329646419,0.38563278008298757,-0.22700568898481452,0.7610909024767452,-0.832487450134485,-0.7483608616786936,-0.012288276320159415,-0.2314807677484005,-0.8674232427201548,0.4490887964799211,-0.7619112777330345,-0.054579869870788444,Medical Devices,Healthcare,CFMS
2021Q3,2021,Q3,2021-11-03,2021-09-30,-12973000.0,14253000.0,-11367000.0,-1.8174324862707287,6022000.0,0.4225075422718024,157546000.0,114702000.0,137953000.0,15228000.0,42844000.0,14478000.0,-514875000.0,237341559.0,169655559.0,16.068999951247477,9.059167323351721,0.18677084787934953,0.2565343237258287,-0.0745809696518638,16.068999951247477,-0.11310177677808582,16.652042306882763,-4.573760097895629,2.0692015745148296,0.0,0.5685177510705899,0.0,0.09046881545707286,7.991069083267665,-0.08234420423241466,-21.26335414800215,0.4225075422718024,-1.3440043108631894,0.7625617503437688,-0.8214254806523902,-0.7442785277256115,-0.8733223947158063,-1.3410178224068134,-1.3679236122349894,0.4112906938364849,-0.834038929082111,-0.10916043948648686,Medical Devices,Healthcare,CFMS
2021Q2,2021,Q2,2021-08-04,2021-06-30,38042000.0,56348000.0,30895000.0,5.2831677652828075,47538000.0,0.8436501739192163,168757000.0,125729000.0,148601000.0,15289000.0,43028000.0,13421000.0,-501902000.0,204318918.75,125519918.75,17.691502931370128,9.719471515468637,0.17493200282062374,0.2347986542484232,0.18825847058784873,17.691502931370128,0.30257140357435436,3.6260190024490666,1.3427193545949214,1.6250739189049463,0.0,0.6564339467997914,0.0,0.3339002233981405,8.690300215841456,0.2254247231225964,53.346976174934724,0.8436501739192163,3.4115444360819462,1.629537623577011,-0.32224029479571825,-0.7475111847542951,6.700955775149846,4.306274986963324,4.377979444565931,1.9103201626856876,-0.00764147638388177,-0.1398456617611408,Medical Devices,Healthcare,CFMS
2021Q1,2021,Q1,2021-05-05,2021-03-31,-11506000.0,13835000.0,-9146000.0,-2.190781843467255,6173000.0,0.44618720636067943,146020000.0,87325000.0,128879000.0,29671000.0,58695000.0,13341000.0,-539944000.0,129987148.5,56072148.5,16.626980243358442,4.343601496410637,0.21012190110943707,0.3513541368451188,-0.07419479974723876,16.626980243358442,-0.13176066418551388,9.395529345861945,-2.824334010516252,1.4885445004294302,0.0,0.5743197661344727,0.0,0.0947472948911108,3.8067810319840922,-0.07879742501027256,-14.634896250844404,0.44618720636067943,-0.058305583714428295,0.7610542356829941,-0.7866937166954708,-0.7871636718975759,-0.20848826772663162,-0.7375415282392026,-0.19212721584984357,0.6002753014517235,-0.7065473270259356,-0.3961846605012702,Medical Devices,Healthcare,CFMS
2020Q4,2020,Q4,2021-03-04,2020-12-31,-6622000.0,16697000.0,-7672000.0,-2.0700843661601738,7799000.0,0.4670898963885728,71500000.0,11371000.0,53344000.0,30919000.0,60129000.0,12585000.0,-528438000.0,52781899.5,54937899.5,3.5546560805376095,1.7252821889453087,0.4311748251748252,2.711195145545686,-0.16035218051542882,3.5546560805376095,-0.5823586316067189,3.1611606576031623,-1.992672134551495,4.641799270072992,0.0,0.7070321811680572,0.0,0.23352447552447553,1.2433778582748471,-0.09261538461538461,-12.323581484940462,0.4670898963885728,0.04615030902989482,0.7744887896283212,-0.5530637575765569,-0.9588937700028004,0.014966163456533055,-0.07100113213650332,-0.08499505020506293,0.6940048981320629,-0.5591039976516136,-0.8660443450132201,Medical Devices,Healthcare,CFMS
2020Q3,2020,Q3,2020-11-04,2020-09-30,-6183000.0,16121000.0,-7071000.0,-2.1702416908630657,7684000.0,0.4766453693939582,80011000.0,18804000.0,61328000.0,32270000.0,61207000.0,12909000.0,-521816000.0,59650749.0625,57196749.0625,6.600231450362602,1.900464828013635,0.3803726987539213,1.618485428632206,-0.1293595181696849,6.600231450362602,-0.3288130185067007,3.7001891360647603,-2.41188537370613,3.1722372400818974,0.0,0.6535750251762337,0.0,0.2014847958405719,1.4136659436008676,-0.07727687442976591,-25.372500664610804,0.4766453693939582,-1.7725067534579166,0.8075081462750973,-0.3820524038199895,-0.9354403732202282,-0.3025957524051552,-1.8960187353629976,-2.0797038327526134,0.6974429954429998,-0.4660156253743455,-0.7983323439977089,Medical Devices,Healthcare,CFMS
2020Q2,2020,Q2,2020-08-05,2020-06-30,-2135000.0,19468000.0,-2296000.0,-0.7827723731083086,11018000.0,0.5659543866858434,67635000.0,8442000.0,47955000.0,30095000.0,59193000.0,13181000.0,-515633000.0,55913442.5,68331442.5,3.09515909345056,1.5934540621365676,0.4522214829600059,3.623075100687041,-0.05041776011461855,3.09515909345056,-0.25290215588723053,2.872069164783234,-6.547241510538641,6.62324597251836,0.0,0.6410742735756012,0.0,0.2878391365417314,1.0816082405715235,-0.03156649663635692,-6.233382664437012,0.5659543866858434,0.7747865510852721,0.8876388852215913,-0.41943806533507005,-0.8243111780408917,0.5273080121985029,0.7717309954025446,0.7156656346749226,0.8881378087439715,-0.33282905970422544,-0.9216885224729273,Medical Devices,Healthcare,CFMS
2020Q1,2020,Q1,2020-05-11,2020-03-31,-9353000.0,16475000.0,-8075000.0,-3.475691069429376,7214000.0,0.4378755690440061,63534000.0,9514000.0,43551000.0,15975000.0,54020000.0,11857000.0,-513498000.0,42382872.0,42130872.0,3.535520197876161,2.7261971830985914,0.33471841848459094,2.2352322892579357,-0.21873357010607067,3.535520197876161,-0.9830775698969939,2.572556722306525,-1.1328683844755694,4.454789993693504,0.0,0.7810576031036518,0.0,0.25930997576100984,1.86735524256651,-0.14721251613309408,-7.117190931989924,0.4378755690440061,-0.6766283855875583,0.7070882891739863,-0.49959454055604613,-0.8845075577676462,-0.2528997514498757,-0.7215166574636481,-0.39368312046945114,0.652635511088262,-0.48669238512117086,-0.9239768072500767,Medical Devices,Healthcare,CFMS
2019Q4,2019,Q4,2020-03-03,2019-12-31,-5433000.0,19889000.0,-5794000.0,-2.07302411154834,9656000.0,0.4854944944441651,72396000.0,16346000.0,52514000.0,17855000.0,56050000.0,12074000.0,-504145000.0,98280337.5,92978337.5,6.237005443738937,2.941136936432372,0.2913420630974087,1.2903462620824666,-0.13199063448040046,6.237005443738937,-0.33237489294016886,4.941441877419679,-4.522378865267808,6.01250076471308,0.0,0.8475236044392911,0.0,0.27472512293496876,2.1072528703444413,-0.07504558262887452,-19.03550987797792,0.4854944944441651,0.38292664611246663,0.9703195256395593,-0.9072571918310225,-0.9782610437630284,0.2658626114315679,0.37558901275715434,0.15440747227086982,0.7783075980792517,-0.4106005197736511,-0.8883791209055553,Medical Devices,Healthcare,CFMS
2019Q3,2019,Q3,2019-11-01,2019-09-30,-8701000.0,17303000.0,-6852000.0,-3.3594451915455186,7628000.0,0.44084840779055656,73289000.0,19899000.0,53073000.0,17070000.0,53390000.0,11558000.0,-498712000.0,120435511.5,111891511.5,7.682978952599043,3.109138840070299,0.28502230894131453,1.0497512437810945,-0.14421906982225757,7.682978952599043,-0.43725815367606413,6.960383257238629,-3.4603928140443627,6.052339891451832,0.0,0.837082540231874,0.0,0.23609272878603882,2.3479789103690685,-0.11872177270804622,13.828856527729934,0.44084840779055656,-0.25841323807339045,0.9438785873546651,-0.9033296075370499,0.0,-0.20723342340469758,-0.286559219281384,-0.1629327902240326,0.5611056751753701,-0.4025313185897696,-0.8777333564520148,Medical Devices,Healthcare,CFMS
2019Q2,2019,Q2,2019-08-02,2019-06-30,-6763000.0,19593000.0,-5892000.0,-2.6695882480454296,9622000.0,0.49109375797478694,65038000.0,27300000.0,44245000.0,12722000.0,37738000.0,10638000.0,-490011000.0,260934947.0,261038947.0,10.776249146880275,3.4778336739506366,0.3192441341984686,0.7605494505494506,-0.10711307602960425,10.776249146880275,-0.24772893772893773,13.317763844230083,-9.645680430282418,9.558056666666667,0.0,0.9373002444068433,0.0,0.3012546511270334,2.521301682125452,-0.10398536240351794,-60.47159837775203,0.49109375797478694,0.1147244631923477,0.9570675536390915,-0.8826341915122496,0.0,-0.021259281863493032,0.10790133227806357,0.10605370960400547,0.6860406322623176,-0.33888975542558014,-0.8462040002794935,Medical Devices,Healthcare,CFMS
2019Q1,2019,Q1,2019-05-03,2019-03-31,-7581000.0,20644000.0,-6591000.0,-3.0155450332131597,9831000.0,0.47621584964154234,64190000.0,30386000.0,42794000.0,14242000.0,33804000.0,9561000.0,-483248000.0,171578657.25,169206657.25,12.08684421033957,3.0047746103075412,0.2530612244897959,0.534588297242151,-0.12179579628462447,12.08684421033957,-0.2494898966629369,8.311308721662469,-5.658180228531855,5.646635202066741,0.0,1.1309486455391695,0.0,0.3216077270602898,2.2297430136216825,-0.11810250817884406,-34.35008153153153,0.47621584964154234,0.25636262296713924,0.7136506809537744,-0.08636342872152279,0.0,-0.09541774015458226,0.23191489361702128,0.2125448028673835,0.6710983381687065,-0.3350592637310556,-0.845280411570688,Medical Devices,Healthcare,CFMS
2018Q4,2018,Q4,2019-03-13,2018-12-31,-9870000.0,22049000.0,-8370000.0,-4.055128381584705,10868000.0,0.492902172434124,62983000.0,36199000.0,47956000.0,11375000.0,26784000.0,9534000.0,-475667000.0,21783897.25,27440897.25,14.872501751264917,4.215912087912088,0.23485702491148405,0.4086300726539407,-0.16393069728317639,14.872501751264917,-0.27265946573109756,0.9879766542700349,-0.5517704470618033,0.6017817412083206,0.0,1.1727501573316552,0.0,0.35007859263610813,3.253978021978022,-0.15670895320959624,53.13145670731707,0.492902172434124,-0.31355197292264725,0.9419407913307339,-0.889291996593695,-0.9481621961658553,-0.448856432881992,-0.327148043565954,-0.28492477740251765,0.5582417805239936,-0.22431650548640528,-0.8280136070072951,Medical Devices,Healthcare,CFMS
2018Q3,2018,Q3,2018-11-05,2018-09-30,-7437000.0,28984000.0,-6514000.0,-3.087147265716531,19719000.0,0.6803408777256418,85401000.0,43454000.0,71120000.0,12454000.0,42867000.0,10059000.0,-465797000.0,60225500.0,83537500.0,18.038040364961685,5.710615063433435,0.3483448671561223,0.6846090118286003,-0.08930966248203032,18.038040364961685,-0.17114649974685875,2.0778878001656085,-2.0245226569853436,1.3859598656050076,0.0,0.921065712297445,0.0,0.3393871266144425,4.755982013810824,-0.08708328942284048,-5.765964576352322,0.6803408777256418,0.47500040801832866,0.948427473221083,-0.8259028755437728,0.0,1.1643068817912414,0.47093974532261507,0.426079295154185,0.7261822726504052,0.3139192090923545,-0.8235623761744889,Medical Devices,Healthcare,CFMS
2018Q2,2018,Q2,2018-08-02,2018-06-30,-14057000.0,19100000.0,-11350000.0,-5.880285076153561,9111000.0,0.47701570680628275,94225000.0,49168000.0,69895000.0,14669000.0,45057000.0,9060000.0,-458360000.0,74704062.5,92762062.5,20.567823871693726,4.764810143840752,0.3154258423985142,0.6044785226163358,-0.14401646929267767,20.567823871693726,-0.2858973315977872,3.9112074607329843,-1.328591849256598,1.5193634579401236,0.0,1.1025386313465784,0.0,0.2027062881400902,4.008180516735973,-0.14918546033430619,-5.882209645669291,0.47701570680628275,-0.07290243889597588,0.9054329767938433,-0.8787519260046465,0.0,0.03687265278251963,-0.17131905674527123,0.08893883448386579,0.15592900375555965,-0.35012660243334875,0.167480131773077,Medical Devices,Healthcare,CFMS
2018Q1,2018,Q1,2018-05-04,2018-03-31,-12001000.0,19656000.0,-12458000.0,-5.480726730572461,8787000.0,0.44703907203907206,104072000.0,60296000.0,79781000.0,13413000.0,43776000.0,8179000.0,-444303000.0,79375646.25,90195646.25,27.53653171044261,5.948035487959443,0.28532170036128834,0.49247047897041263,-0.13881932551329232,27.53653171044261,-0.19903476184158153,4.038240041208791,-1.653521503416382,1.3164330345296538,0.0,1.3288910624770753,0.0,0.1888692443692828,5.171922761500038,-0.11531439772465217,-9.556422616181074,0.44703907203907206,0.18985169433592922,0.47956267069756414,-0.0012515595938657963,0.0,0.0034258307639602604,-0.012059369202226345,-0.06551488197057817,0.5381150643428687,-0.26629357769075895,-0.10048278050904552,Medical Devices,Healthcare,CFMS
2017Q4,2017,Q4,2018-03-09,2017-12-31,-11858000.0,20751000.0,-11692000.0,-6.765090653469875,8757000.0,0.4220037588549949,93798000.0,46513000.0,69858000.0,12916000.0,47285000.0,9184000.0,-436821000.0,104292909.0,142491909.0,26.536065841254846,5.408640445958501,0.3162860615364933,0.6378216842603143,-0.15372491578897954,26.536065841254846,-0.2549394792853611,5.025922076044528,-2.1987879279811096,2.2422313976737684,0.0,1.3059668989547037,0.0,0.22123072986630846,4.523691545370084,-0.12642060598307,-11.860901740020472,0.4220037588549949,0.05686740791948736,0.9031409657303884,-0.8553215389796708,-0.9075090796010883,0.19729286300246104,0.049230275817831945,0.0943454686289698,0.9031409657303884,-0.8553215389796708,-0.9075090796010883,Medical Devices,Healthcare,CFMS
2017Q3,2017,Q3,2017-11-09,2017-09-30,-12472000.0,18425000.0,-12910000.0,-7.173000604873973,7314000.0,0.3969606512890095,104285000.0,56906000.0,80190000.0,12954000.0,47379000.0,10577000.0,-424963000.0,153009296.0,184053296.0,32.728259856839024,6.190365910143585,0.28422112480222467,0.5208589603908199,-0.15013223133320086,32.728259856839024,-0.21916845323867432,8.304439402985075,-3.0670561257216167,2.6888077882824306,0.0,1.0504869055497779,0.0,0.17667929232392002,5.179635633781071,-0.11959533969410749,-14.933563927386297,0.3969606512890095,-0.025058333734858117,0.8801709844194585,-0.8466633276062455,0.0,0.1706145966709347,-0.031596360628618696,0.07162375952826118,0.8801709844194585,-0.8466633276062455,0.0,Medical Devices,Healthcare,CFMS
2017Q2,2017,Q2,2017-08-07,2017-06-30,-12090000.0,18484000.0,-13906000.0,-6.9976511275594815,6248000.0,0.3380220731443411,116084000.0,68286000.0,94669000.0,13568000.0,47798000.0,11784000.0,-412491000.0,185298291.75,204921291.75,39.523696796303575,6.977373231132075,0.2550911408979704,0.4336467211434262,-0.1427068103325147,39.523696796303575,-0.17704946841226607,10.024793970460939,-3.83164375,2.7135619563307265,0.0,1.038357094365241,0.0,0.15922952344853727,5.917821344339623,-0.10414871989249165,-16.383580172413794,0.3380220731443411,0.30064686783735906,0.8874634860153096,-0.837648044222984,0.0,-0.0380292532717475,0.29545454545454547,0.197992963838745,0.8874634860153096,-0.837648044222984,0.0,Medical Devices,Healthcare,CFMS
2017Q1,2017,Q1,2017-05-10,2017-03-31,-17160000.0,20455000.0,-17339000.0,-10.005890880791986,6495000.0,0.31752627719384013,113827000.0,79757000.0,91647000.0,14948000.0,34070000.0,11383000.0,-400401000.0,223806195.0,230042195.0,46.505810529507464,6.1310543216483815,0.12930148383072557,0.18453552666223655,-0.18360493151722135,46.505810529507464,-0.21515352884386324,10.941393057932046,-3.2605797639860143,2.8061009691939263,0.0,1.226390231046297,0.0,0.17970253103393746,5.174872892694675,-0.15075509325555447,-17.567205259026686,0.31752627719384013,-0.07004522755054436,0.049863595157520126,0.3270220088463398,0.0,-0.19266625233064014,-0.09021601016518424,-0.2399170480549199,0.049863595157520126,0.3270220088463398,0.0,Medical Devices,Healthcare,CFMS
2016Q4,2016,Q4,2017-03-08,2016-12-31,-15740000.0,21673000.0,-13984000.0,-9.350904637644721,8045000.0,0.3711991879296821,112810000.0,94055000.0,95848000.0,14271000.0,18755000.0,11720000.0,-382930000.0,340860150.0,303603150.0,55.8766916578544,6.716277766099082,0.0,0.0,-0.14901979751769978,55.8766916578544,-0.16734889160597521,15.727409680247312,-5.413915978398984,3.624051352931795,0.0,1.1627986348122867,0.0,0.1921194929527524,5.617966505500665,-0.13952663770942292,-25.893356882406565,0.3711991879296821,-0.22164766878871292,0.866118666660254,-0.8426486427620175,-0.8052429221724923,0.34128042680893633,-0.2333490048581727,-0.08361100348702054,0.866118666660254,-0.8426486427620175,-0.8052429221724923,Medical Devices,Healthcare,CFMS
2016Q3,2016,Q3,2016-11-10,2016-09-30,-12762000.0,18643000.0,-12905000.0,-7.65433837967073,5998000.0,0.3217293354073915,120531000.0,104769000.0,101159000.0,11200000.0,15762000.0,11755000.0,-367190000.0,413487920.0,378758920.0,62.83789862591391,9.032053571428571,0.0021322315420929053,0.0024530156821197108,-0.12300927788550467,62.83789862591391,-0.12181084099304183,22.179258702998446,-8.099982761322677,3.946662848743426,0.0,1.0757124627817949,0.0,0.15467390131999237,7.782321428571429,-0.10588147447544614,-34.63047906197655,0.3217293354073915,0.09980487843874145,0.8721300106403529,-0.8382000672658274,0.0,-0.0004999166805532411,0.09180187873612297,0.08546523988377862,0.8721300106403529,-0.8382000672658274,0.0,Medical Devices,Healthcare,CFMS
2016Q2,2016,Q2,2016-08-11,2016-06-30,-14052000.0,19333000.0,-14111000.0,-8.502976961700686,6001000.0,0.3104019034810945,130133000.0,115795000.0,109442000.0,9672000.0,14338000.0,11977000.0,-354428000.0,290030949.0,252551949.0,70.06846190059531,11.315343258891646,0.002566604934951165,0.0028844077896282225,-0.12158929793963207,70.06846190059531,-0.1213523899995682,15.001859463094192,-5.159958529035013,2.50469319918822,0.0,1.1131335058862821,0.0,0.14856339283655953,9.88833746898263,-0.10798183396986161,-17.448619239562028,0.3104019034810945,0.07259103755534763,0.8632547686973965,-0.8224716536297167,0.0,-0.14697938877043354,0.06531861114806439,0.06821183306920232,0.8632547686973965,-0.8224716536297167,0.0,Medical Devices,Healthcare,CFMS
2016Q1,2016,Q1,2016-05-13,2016-03-31,-15034000.0,20250000.0,-15144000.0,-9.1685300725225,7035000.0,0.3474074074074074,146781000.0,128098000.0,130875000.0,13829000.0,18683000.0,11919000.0,-340376000.0,440679856.25,364502856.25,78.12096925181386,9.463807939836576,0.002766025575517267,0.0031694483910755826,-0.11787983517494675,78.12096925181386,-0.1173632687473653,21.761968209876542,-7.3280540150658515,3.440177491061531,0.0,1.108733954190788,0.0,0.13796063523208044,8.464603369730277,-0.10242470074464678,-30.251929446694582,0.3474074074074074,0.001197313111861347,0.12937709875997735,0.37401203061342353,0.0,-0.0018444948921679909,-0.0029352901934623084,-0.02227622519238558,0.12937709875997735,0.37401203061342353,0.0,Medical Devices,Healthcare,CFMS
2015Q4,2015,Q4,2016-03-24,2015-12-31,-14990000.0,19071000.0,-14814000.0,-9.179520833176667,7048000.0,0.3695663572964186,159369000.0,141212000.0,146023000.0,13129000.0,18157000.0,11520000.0,-325342000.0,705856901.75,589149901.75,86.4748745087977,11.122172290349608,0.002999328602174827,0.0033849814463360055,-0.10463595601165003,86.4748745087977,-0.1061524516330057,37.01205504430811,-11.772129782354902,4.998561749355579,0.0,1.0436631944444446,0.0,0.11966568153154002,10.058039454642394,-0.09405844298452021,-32.18975290724188,0.3695663572964186,0.1858130656413678,0.8685724314577933,-0.857276834959952,-0.6985935751536836,0.9831176139561058,0.12375051148652598,0.08623242042931162,0.8685724314577933,-0.857276834959952,-0.6985935751536836,Medical Devices,Healthcare,CFMS
2015Q3,2015,Q3,2015-11-09,2015-09-30,-17107000.0,13894000.0,-16212000.0,-11.274463450347241,3554000.0,0.2557938678566288,173718000.0,155123000.0,160250000.0,13396000.0,18595000.0,10664000.0,-310352000.0,685071334.5,546416334.5,102.23465933094009,11.96252612720215,0.003148781358293326,0.003526234020744828,-0.10419210512604261,102.23465933094009,-0.11028022923744384,49.30699111127105,-10.011564483837025,4.416310505211992,0.0,0.9696174043510878,0.0,0.07998019779182353,11.007912809793968,-0.09847569048688104,-53.64693300704777,0.2557938678566288,-0.6183652598365411,0.8116538060624828,-0.8674978467081761,0.0,-0.5847160551530731,-0.5706022769004774,-0.4911699779249448,0.8116538060624828,-0.8674978467081761,0.0,Medical Devices,Healthcare,CFMS
2015Q2,2015,Q2,2015-06-30,2015-06-30,-10892000.0,19222000.0,-10872000.0,-6.966575302960958,8558000.0,0.4452190198730621,57878000.0,27544000.0,40797000.0,15090000.0,30334000.0,9379000.0,-293245000.0,586299375.0,582306375.0,17.617279568138716,2.703578528827038,0.1814679152700508,0.38131716526285214,-0.28604071021556354,17.617279568138716,-0.3954400232355504,30.50147617313495,-13.45711014965112,21.2859198010456,0.0,1.1370082098304723,0.0,0.3321123743045717,1.691583830351226,-0.18818894916894158,-62.88741553148128,0.4452190198730621,0.41289620304464253,0.8879631883728767,-0.8134281623938633,0.0,0.6110692771084337,0.23602440906221506,0.22690748773376945,0.8879631883728767,-0.8134281623938633,0.0,Medical Devices,Healthcare,CFMS
2015Q1,2015,Q1,2015-03-31,2015-03-31,-14257000.0,14700000.0,-14063000.0,-11.866002807491103,5312000.0,0.3613605442176871,60705000.0,36781000.0,44484000.0,13419000.0,23924000.0,9038000.0,-282353000.0,450562500.0,438183500.0,30.612567623803578,3.3150011178180194,0.1739560168025698,0.28710475517250755,-0.2972660241651741,30.612567623803578,-0.3876186074331856,30.650510204081634,-7.900724205653364,12.249870857236074,0.0,1.0387253817216198,0.0,0.24215468248085,2.439153439153439,-0.234857095791121,-29.89400875796178,0.3613605442176871,0.8301084216536853,-0.12676835533075165,0.36123715158811,0.0,-0.04011564871702204,-0.17535037098103876,-0.17583612040133778,-0.12676835533075165,0.36123715158811,0.0,Medical Devices,Healthcare,CFMS
2014Q4,2014,Q4,2014-12-31,2014-12-31,-12130000.0,14211000.0,-11960000.0,-69.84456159035088,5534000.0,0.38941664907466045,71278000.0,49827000.0,55868000.0,10832000.0,21451000.0,7691000.0,-268096000.0,65126625.0,37846625.0,286.9045494066367,5.15768094534712,0.14899407951962737,0.2131374555963634,-0.19805521429579157,286.9045494066367,-0.2434423103939631,4.582831961156851,-1.3422634995877987,1.3070549099885604,0.0,1.1282017943050318,0.0,0.19937428098431492,4.340749630723781,-0.1701787367771262,-4.979861217311515,0.38941664907466045,-0.16679492112350897,0.0,0.0,0.0,0.18985164480756828,-0.16679492112350905,-0.15801704105344694,0.0,0.0,0.0,Medical Devices,Healthcare,CFMS
2014Q3,2014,Q3,2014-09-30,2014-09-30,-10396000.0,12002000.0,-10328000.0,-59.860186503980856,4651000.0,0.38751874687552074,,,,,,,,65126625.0,,,0.0,0.0,0.0,0.0,,0.0,5.4263143642726215,-1.566146234128511,0.0,0.0,0.0,0.0,0.0,0.0,0.0,-6.764294245949315,0.38751874687552074,0.03732306409949843,0.0,0.0,0.0,0.14106967615309127,0.013942900502703215,0.018157619545584182,0.0,0.0,0.0,Medical Devices,Healthcare,CFMS
2014Q2,2014,Q2,2014-06-30,2014-06-30,-10543000.0,11173000.0,-10519000.0,-62.180970865357644,4076000.0,0.364808019332319,,,,,,,,63582375.0,,,0.0,0.0,0.0,0.0,,0.0,5.690716459321579,-1.5076917148819122,0.0,0.0,0.0,0.0,0.0,0.0,0.0,-5.135065013729608,0.364808019332319,-4.904562084765118,0.0,0.0,0.0,0.2400365074536051,0.16675887141389395,0.1663496592169916,0.0,0.0,0.0,Medical Devices,Healthcare,CFMS
2014Q1,2014,Q1,2014-03-31,2014-03-31,-12653000.0,10799000.0,-12618000.0,-10.531004666001609,3287000.0,0.30438003518844337,,,,,,,,450562500.0,,,0.0,0.0,0.0,0.0,,0.0,41.72261320492638,-8.9022860191259,0.0,0.0,0.0,0.0,0.0,0.0,0.0,-40.71961138725712,0.30438003518844337,0.0,0.0,0.0,0.0,0.0,0.0,0.0,0.0,0.0,0.0,Medical Devices,Healthcare,CFMS
