Quarters,Year,Quarter,FillingDate,Date,NetIncome,Revenue,OperatingIncome,EPSDiluted,GrossProfit,GrossProfitRatio,TotalAssets,CommonStockEquity,CurrentAssets,CurrentLiability,TotalLiability,Inventory,RetainedEarnings,MarketCap,EnterpriseValue,bookValuePerShare,currentRatio,debtToAssets,debtToEquity,roic,shareholdersEquityPerShare,roe,priceToSalesRatio,peRatio,pbRatio,payoutRatio,inventoryTurnover,dividendYield,assetTurnover,quickRatio,returnOnAssets,priceToFreeCashFlowsRatio,grossProfitMargin,epsdilutedGrowth,fiveYNetIncomeGrowthPerShare,fiveYRevenueGrowthPerShare,fiveYShareholdersEquityGrowthPerShare,grossProfitGrowth,netIncomeGrowth,operatingIncomeGrowth,threeYNetIncomeGrowthPerShare,threeYRevenueGrowthPerShare,threeYShareholdersEquityGrowthPerShare,Industry,Sector,Symbol
2023Q1,2023,Q1,2023-04-26,2023-03-31,10400000.0,73000000.0,16178000.0,0.18,24200000.0,0.3315068493,1466300000.0,652400000.0,80000000.0,40900000.0,813900000.0,4127000.0,362897000.0,2426241359.73,2967641359.73,11.188649427285723,1.9559902200488997,0.4082384232421742,0.9175352544451257,0.009513689174315451,11.188649427285723,0.01594114040465972,33.23618301,58.32310960889423,3.718947516446965,0.5607692307692308,11.824569905500363,0.002403717988159679,0.0497851735661188,2.5380684596577017,0.00709268226147446,-97.60011906070237,0.3315068493150685,-0.625,14.427077881152373,3.1264872059011846,0.29310617560116264,0.09009009009009009,-0.6298932384341637,-0.600296479308215,7.908170397421187,3.0021123458608785,0.3011772774964812,Real Estate—Diversified,Real Estate,JOE
2022Q4,2022,Q4,2023-02-22,2022-12-31,28100000.0,61600000.0,40475000.0,0.48,22200000.0,0.3603896104,1430800000.0,651100000.0,78300000.0,38900000.0,779700000.0,3976000.0,358344000.0,2253510898.9,2779610898.9,11.167026089061174,2.012853470437018,0.39404528934861616,0.865919213638458,0.024565993740242358,11.167026089061174,0.043157733067117184,36.582969137987014,20.049029349644126,3.4610826277069577,0.20750889679715304,9.909456740442655,0.002587517993743128,0.043052837573385516,2.6247043701799484,0.01963936259435281,-27.707555438203904,0.36038961038961037,1.9999999999999996,-0.1722620792045458,2.240357398509438,0.2785977759871095,-0.041864479930945185,1.9331941544885178,1.358820444081823,2.2963015411650525,0.47167010340126364,0.27727677083518015,Real Estate—Diversified,Real Estate,JOE
2022Q3,2022,Q3,2022-10-26,2022-09-30,9580000.0,57576000.0,17159000.0,0.16,23170000.0,0.4024246214,1339540000.0,615253000.0,130033000.0,70329000.0,703075000.0,3692000.0,336049000.0,1883843553.16,2364927553.16,10.460822798657457,1.8489243413101282,0.37321020648879466,0.8125600362777589,0.010715597944465116,10.460822798657457,0.015570830211311445,32.719250263304154,49.16084428914405,3.0619006378839275,0.6147181628392484,9.319068255687974,0.0031260557651518694,0.04298191916628096,1.6654864991681952,0.007151708795556684,-38.07744579294175,0.4024246213700153,-0.44827586206896547,0.924094337954437,1.0420735589694061,0.33348426973200507,-0.21685932535658758,-0.43776043195023184,-0.08752991225737836,0.7107040913700298,0.7889754343935077,0.22508523483646387,Real Estate—Diversified,Real Estate,JOE
2022Q2,2022,Q2,2022-07-27,2022-06-30,17039000.0,68250000.0,18805000.0,0.29,29586000.0,0.4334945055,1319825000.0,627518000.0,179604000.0,73435000.0,672385000.0,3503000.0,329593000.0,2329387427.52,2777879427.52,10.65714178187598,2.4457547490978415,0.3563677002632925,0.7495290971733082,0.012402133787399685,10.65714178187598,0.02715300596954988,34.13021871824176,34.177290737719346,3.7120647176973414,0.345560185456893,11.03739651727091,0.0025277031765680576,0.05171140113272593,2.2573296112208077,0.01291004489231527,-49.69889966972477,0.4334945054945055,0.2083333333333333,0.9351110476297717,1.7460439299601425,0.19759316532820248,-0.042710153368278006,0.221608832807571,-0.07016416139240507,0.6794018391589107,0.963029465920639,0.22697036482645466,Real Estate—Diversified,Real Estate,JOE
2022Q1,2022,Q1,2022-04-27,2022-03-31,13948000.0,64871000.0,20224000.0,0.24,30906000.0,0.4764224384,1256345000.0,616283000.0,190825000.0,54307000.0,619313000.0,3325000.0,318448000.0,3488202202.76,3890717202.76,10.466309805983434,3.5138195812694497,0.3467439278223736,0.7068668128116466,0.014490911029958543,10.466309805983434,0.022632459438277543,53.77136475096731,62.521547941640385,5.660065591230003,0.4222110696874104,10.215037593984963,0.0016882622215364683,0.05163470225137204,3.306995414955715,0.011102046014430749,-104.87679503187012,0.4764224383777034,-0.5471698113207547,3.011443827562211,5.17513963003134,0.20923721274137302,-0.42206930082091365,-0.55416333706249,-0.5599077338207773,6.155104910543917,3.1475238503304777,0.22896897274242325,Real Estate—Diversified,Real Estate,JOE
2021Q4,2021,Q4,2022-02-23,2021-12-31,31285000.0,99456000.0,45954000.0,0.53,53477000.0,0.5376950611,1208151000.0,607409000.0,205869000.0,56254000.0,582051000.0,2797000.0,310925000.0,3064836675.45,3396386675.45,10.31560301508007,3.6596330927578484,0.3325014836721569,0.6613533879148975,0.034636459793813835,10.31560301508007,0.05150565763760497,30.816005826194495,24.491263188828512,5.045754467665115,0.15058334665175005,16.438684304612085,0.0015371129031886502,0.08232083572334915,3.482365698439222,0.025894941940204495,555.9290178577907,0.5376950611325612,1.0384615384615385,13.580741754752578,5.6981007056471205,0.14582265171632297,1.0755676305065012,1.0587654645959463,1.8435121589010581,489.4208288816169,5.286255841360521,0.2078418453781483,Real Estate—Diversified,Real Estate,JOE
2021Q3,2021,Q3,2021-10-27,2021-09-30,15196000.0,53996000.0,16161000.0,0.26,25765000.0,0.47716497518334694,1136550000.0,579692000.0,177059000.0,45478000.0,537932000.0,2639000.0,283699000.0,2478955312.9,2826492312.9,9.844886300693267,3.893289062843573,0.32976727816638074,0.6465450618604363,0.011901918693693947,9.844886300693267,0.026213920495711515,45.9099806078228,40.78302370525138,4.276331763936711,0.3100157936299026,10.697612732095491,0.0019003973066738535,0.04750868857507369,3.658164387176217,0.013370287272887247,-99.1383848390322,0.47716497518334694,-0.3658536585365853,6.07704946462254,1.5071071813726693,0.10004564517651043,-0.3555527763881941,-0.3726882430647292,-0.4744390243902439,1.8742802383980055,1.365218827290654,0.15927655193363005,Real Estate—Diversified,Real Estate,JOE
2021Q2,2021,Q2,2021-07-28,2021-06-30,24224000.0,72239000.0,30750000.0,0.41,39980000.0,0.5534406622461552,1102005000.0,568866000.0,192464000.0,43957000.0,513490000.0,2520000.0,273214000.0,2626750510.89,2955193510.89,9.661028771020087,4.378460768478286,0.32829161392189693,0.6359652361012963,0.025137457949925064,9.661028771020087,0.04258296329891398,36.361944529824605,27.10896745882183,4.617520665481853,0.19447655217965654,12.801190476190476,0.0017934706704991982,0.06555233415456373,4.1486680164706415,0.021981751443958964,-379.6979634128361,0.5534406622461552,7.199999999999999,15.896302948294974,2.0861991573092995,0.08655072511740693,1.4287710345665512,6.579474342928661,4.5515435999277845,0.0013578600551592622,0.5509941773470046,0.15419802579923994,Real Estate—Diversified,Real Estate,JOE
2021Q1,2021,Q1,2021-04-28,2021-03-31,3196000.0,41305000.0,5539000.0,0.05,16461000.0,0.39852318121292823,1053393000.0,549364000.0,104341000.0,35879000.0,485289000.0,2335000.0,253701000.0,2526061352.1,2822128352.1,9.329827076609744,2.9081356782519023,0.33072177240593015,0.6341514915429478,0.004713323851164977,9.329827076609744,0.005817636394084796,61.156309214380826,197.59553755475594,4.598155962349189,1.4740300375469337,10.63982869379015,0.0018649586622603552,0.03921138644361601,2.2954653139719614,0.0030340053522284654,279.8959946925208,0.39852318121292823,-0.8529411764705883,-0.531396520635396,1.590950561270145,0.05902570513549597,-0.5376772925150962,-0.8384716466188213,-0.7892313546423135,3.694688562228376,1.3121177786506384,0.07827643438657125,Real Estate—Diversified,Real Estate,JOE
2020Q4,2020,Q4,2021-02-24,2020-12-31,19786000.0,63860000.0,26280000.0,0.34,35605000.0,0.5575477607265894,1037324000.0,550617000.0,160312000.0,35118000.0,469154000.0,2026000.0,255216000.0,2499564205.05,2730098205.05,9.351106726035248,4.564952446039069,0.3251905865476939,0.6126363697452131,0.022943850252256086,9.351106726035248,0.03593423377774388,39.14131232461635,31.58248515427575,4.539569619263481,0.0,13.9461994076999,0.0,0.06156225056009501,3.903268978871234,0.019074079072690885,187.57047914227826,0.5575477607265894,1.6153846153846154,10.96167000442556,2.871359715166392,0.05885150253652393,0.8314387120004115,1.5527028770481228,1.383673469387755,-0.42287737669297,2.326324987605939,0.07067935254836943,Real Estate—Diversified,Real Estate,JOE
2020Q3,2020,Q3,2020-10-28,2020-09-30,7751000.0,42041000.0,11025000.0,0.13,19441000.0,0.4624295330748555,1003913000.0,534912000.0,102351000.0,35782000.0,451493000.0,0.0,239552000.0,1214746985.87,1433787985.87,9.084389332397958,2.860404672740484,0.3201392949389041,0.600831538645609,0.009820032648296464,9.084389332397958,0.014490233907633406,28.894340902214502,39.18033111437234,2.2709286497031282,0.0,0.0,0.0,0.041877134771638576,3.5408864792353696,0.007720788554386685,134.16688600287165,0.4624295330748555,-0.6060606060606061,3.3701130636647894,1.3609565448906464,0.25018226784343806,0.019401185045356824,-0.5962810563050159,-0.007382731610695957,0.554962363775372,0.4893755585662527,0.15802461317178662,Real Estate—Diversified,Real Estate,JOE
2020Q2,2020,Q2,2020-07-30,2020-06-30,19199000.0,36082000.0,11107000.0,0.33,19071000.0,0.5285460894628901,966316000.0,527144000.0,149444000.0,33511000.0,423666000.0,0.0,231801000.0,1143867906.8000002,1336375906.8000002,8.94957924699422,4.459550595326908,0.3089537997922005,0.5663480946382772,0.010293891443621837,8.94957924699422,0.03642078824761356,31.701898641982158,14.894889145267985,2.169934414125932,0.0,0.0,0.0,0.03733975221356161,3.8094058667303274,0.019868241858770837,150.09420112846087,0.5285460894628901,12.0,135.31299841984483,0.4940257107059586,-0.14958367545617315,1.2011772853185596,13.523809523809524,9.382641509433963,1.1797123884018392,0.451290062633431,0.005706328970009668,Real Estate—Diversified,Real Estate,JOE
2020Q1,2020,Q1,2020-04-29,2020-03-31,-1533000.0,18574000.0,-1325000.0,-0.03,8664000.0,0.46645849036287285,913022000.0,510563000.0,118072000.0,28932000.0,392112000.0,0.0,212602000.0,996322870.0400001,1166225870.04,8.598866288852774,4.08101755841283,0.3016652391727691,0.539457422492425,-0.0012067341971728214,8.598866288852774,-0.0030025677536366716,53.64072736298051,-162.47926778212656,1.951420040308444,0.0,0.0,0.0,0.020343430935946778,4.285669846536707,-0.0016790394974053198,607.143735551493,0.46645849036287285,-1.2,-0.37119223026941583,0.6894444948240855,-0.18196038823981547,-0.6327568667344863,-1.176450276243094,-1.0872054758457286,-1.4372294338283125,0.7533963165319135,-0.006520034604396965,Real Estate—Diversified,Real Estate,JOE
2019Q4,2019,Q4,2020-02-26,2019-12-31,8688000.0,42659000.0,15194000.0,0.15,23592000.0,0.5530368738132633,909233000.0,519521000.0,198089000.0,22334000.0,379563000.0,0.0,214225000.0,1178347282.6499999,1263081282.6499999,8.742839722795027,8.869391958449002,0.2964641626513776,0.5188529433843868,0.015146060451286936,8.742839722795027,0.016723096852677755,27.622477851098242,33.907322820269336,2.268141774153499,0.0,0.0,0.0,0.04691756678431161,8.57423658995254,0.009555306505593176,81.18134913193248,0.5530368738132633,0.4999999999999999,2.215726897744523,3.2268283131432343,-0.16913665256297752,0.5620737601800967,0.5196781528773833,1.047708894878706,3.012354369239139,1.8468682357270592,-0.028874630008622688,Real Estate—Diversified,Real Estate,JOE
2019Q3,2019,Q3,2019-10-30,2019-09-30,5717000.0,32856000.0,7420000.0,0.1,15103000.0,0.459672510348186,898026000.0,512702000.0,180512000.0,25333000.0,375476000.0,0.0,205537000.0,1028543904.51,1126734904.51,8.538853053807205,7.125567441676864,0.29342357570938926,0.5139476733073013,0.00630014801271213,8.538853053807205,0.011150726932994215,31.304598992878013,44.97743154232989,2.006124229103846,0.0,0.0,0.0,0.036586913964629084,6.848774325977973,0.006366185388841749,628.6943181601467,0.459672510348186,-0.411764705882353,176.7567011359961,1.1090034018861097,-0.19235984691859345,-0.178470409051349,-0.44885761110575534,-0.3172616856827383,1.6110324470258532,0.49605352728702695,-0.04588759791148533,Real Estate—Diversified,Real Estate,JOE
2019Q2,2019,Q2,2019-07-31,2019-06-30,10373000.0,35546000.0,10868000.0,0.17,18384000.0,0.5171889945422833,906247000.0,522886000.0,212654000.0,23137000.0,364107000.0,0.0,199820000.0,1054713355.68,1116807355.6799998,8.68573690725069,9.19107922375416,0.2843385964312158,0.4928053151164881,0.010416376049120964,8.68573690725069,0.019837976155414373,29.67178742136949,25.4196798341849,2.017100009715311,0.0,0.0,0.0,0.03922330225644885,8.849418680036305,0.011446106856077868,144.56049282894736,0.5171889945422833,4.666666666666667,0.08858594218170286,-0.2005073019850948,-0.17907268881675376,2.106454883406556,4.194291437155734,6.029153169828783,6.076792575172119,0.48535142767703415,-0.023137808774398732,Real Estate—Diversified,Real Estate,JOE
2019Q1,2019,Q1,2019-05-01,2019-03-31,1997000.0,16023000.0,-2161000.0,0.03,5918000.0,0.3693440679023903,875840000.0,513714000.0,204435000.0,13723000.0,345520000.0,0.0,189447000.0,998916223.68,1063304223.68,8.516333640733047,14.897252787291409,0.29138769638290096,0.49679198931701296,-0.0021054320931861593,8.516333640733047,0.003887377023012805,62.342646425762965,125.05210611917876,1.9444987360282178,0.0,0.0,0.0,0.018294437340153454,14.407053851198718,0.0022800968213372306,-414.8323188039867,0.3693440679023903,28.578197272727273,-0.9924181004476866,-0.9587338327505668,-0.18218058912010412,0.11492087415222306,31.257575757575758,-0.609084139985108,-0.7141786467901186,-0.01888887504244609,-0.03331367612830674,Real Estate—Diversified,Real Estate,JOE
2018Q4,2018,Q4,2019-02-27,2018-12-31,-66000.0,16302000.0,-1343000.0,-0.0010878158460947591,5308000.0,0.32560422034106246,870962000.0,518171000.0,204844000.0,15558000.0,337851000.0,0.0,187450000.0,799050687.78,850044687.78,8.540524617981326,13.166473839825171,0.2826173816997756,0.47503430334773655,-0.00019097185003358636,8.540524617981326,-0.00012737108020325336,49.015500415899886,-3026.7071506818183,1.5420598369650171,0.0,0.0,0.0,0.018717234506212672,12.732549170844582,-7.577827735308774e-05,-146.2926927462468,0.32560422034106246,-1.012086842734386,-1.1792824983535954,-0.2677939301916463,0.41170989530952784,-0.43326927183429426,-1.0120372059091738,-1.6908436213991769,0.9677510091366005,-0.04087867181808728,-0.0329329362671192,Real Estate—Diversified,Real Estate,JOE
2018Q3,2018,Q3,2018-10-31,2018-09-30,5483000.0,23676000.0,1944000.0,0.09,9366000.0,0.39559047136340597,870600000.0,518595000.0,208893000.0,17933000.0,336498000.0,0.0,187516000.0,1016150403.84,1054307403.84,8.492267254325435,11.648525065521664,0.27457041121065934,0.46093965425813976,0.0073681037821003055,8.492267254325435,0.010572797655203,42.919006751140394,46.3318622943644,1.9594296201081771,0.0,0.0,0.0,0.027195037904893176,11.254056766854402,0.006297955433034689,126.90775619333084,0.39559047136340597,-0.7804878048780487,0.9737859519283835,-0.028447594298836792,0.4046501913917507,-0.7442730375426622,-0.790685245275816,-0.9337513631406761,1.980815612223236,0.28205075044166894,0.16869516999693118,Real Estate—Diversified,Real Estate,JOE
2018Q2,2018,Q2,2018-08-01,2018-06-30,26195000.0,50434000.0,29344000.0,0.41,36625000.0,0.726196613395725,883768000.0,533693000.0,226545000.0,16322000.0,334228000.0,339457000.0,182033000.0,1144492394.8999999,1165218394.8999999,8.370339019017276,13.879732875873055,0.266835866426483,0.44186639135233174,0.030478232210601284,8.370339019017276,0.04908252497222186,22.692873753816865,10.922813465355983,2.144477058721025,0.0,0.04067967371419649,0.0,0.057067013062251634,13.358228158313931,0.029640131799295744,29.475955364685277,0.726196613395725,39.99999999999999,13.021425584671222,1.160435895736401,0.393851196261451,3.781331592689295,33.603698811096436,55.240295748613676,170.29184187843106,0.9291636701043716,-0.2046248491369943,Real Estate—Diversified,Real Estate,JOE
2018Q1,2018,Q1,2018-05-02,2018-03-31,757000.0,19865000.0,-541000.0,0.01,7660000.0,0.38560281902844196,905584000.0,566534000.0,210200000.0,11997000.0,324388000.0,0.0,155838000.0,1234223617.9,1263686617.9,8.6525373077614,17.521046928398768,0.25624127634763866,0.4095923633886051,-0.0011260817511805632,8.6525373077614,0.0013361951798126857,62.130562189781024,407.60357262219287,2.1785517160488164,0.0,0.0,0.0,0.021936120779519074,16.964241060265067,0.0008359246629799114,-480.6166736370717,0.38560281902844196,-0.9827586206896551,1.4312621499411697,0.04577123227225692,0.4528145836414373,0.32365647140141696,-0.9803391943484924,0.7131495227995758,1.6140132076401719,0.6385235996159003,-0.17685448032173307,Real Estate—Diversified,Real Estate,JOE
2017Q4,2017,Q4,2018-03-01,2017-12-31,38503000.0,21561000.0,-1886000.0,0.58,5787000.0,0.2684012800890497,920993000.0,577557000.0,312914000.0,15559000.0,328409000.0,332624000.0,154324000.0,1193626554.75,1233710554.75,8.733806908462633,20.111446751076546,0.2520833491676918,0.40198110316384356,-0.00930921859081128,8.733806908462633,0.06666528152199697,55.3604450048699,7.750217871010052,2.066681824910788,0.0,0.04742291596517389,0.0,0.023410601383506716,12.534288836043448,0.041805963780397894,217.8548192644643,0.2684012800890497,6.249999999999999,7.224978885434259,0.3304784638955046,0.46012773524086653,-0.5065234075211051,5.478714453979472,-1.4235346957107569,5.841390428047533,0.9196946804461495,-0.16999507323531615,Real Estate—Diversified,Real Estate,JOE
2017Q3,2017,Q3,2017-11-02,2017-09-30,5943000.0,33654000.0,4453000.0,0.08,11727000.0,0.3484578356213229,919686000.0,550722000.0,320049000.0,17511000.0,352932000.0,337509000.0,115821000.0,1323322911.95,1388766911.95,7.844729057628707,18.277025869453485,0.2524959605778494,0.4216592037361863,0.003976230374695006,7.844729057628707,0.01079128852669768,39.32141534290129,55.66729395717651,2.402887322369544,0.0,0.06496715643138405,0.0,0.03659292410670598,9.577294272171777,0.006461988113334333,513.1147390267546,0.3484578356213229,-0.4666666666666666,-0.4906806219496176,-0.2086286355074825,0.2936073291118295,0.08092911789104987,-0.44788182831661094,-0.04503538494531418,157.26453536508873,0.8476098769579701,-0.2580129746862771,Real Estate—Diversified,Real Estate,JOE
2017Q2,2017,Q2,2017-08-03,2017-06-30,10764000.0,30383000.0,4663000.0,0.15,10849000.0,0.35707467991969194,1020346000.0,640549000.0,425160000.0,25430000.0,362480000.0,334699000.0,109878000.0,1349653218.75,1334395218.75,8.898799768079314,16.71883602044829,0.2272954468386214,0.3620644166176202,0.003433251283203185,8.898799768079314,0.016804335031355914,44.42132833327848,31.346460859113712,2.1070257212953263,0.0,0.05836288725093293,0.0,0.029777154024223155,9.835469917420369,0.010549362667173684,31.825439038624786,0.35707467991969194,1.5,77.416768543215,0.2832749694042119,0.5085310060428522,2.3525957972805935,1.4642857142857142,1.9522156422299366,-0.0552618488630239,-0.42847683284716076,-0.15893517793877143,Real Estate—Diversified,Real Estate,JOE
2017Q1,2017,Q1,2017-05-04,2017-03-31,4368000.0,13197000.0,-4897000.0,0.06,3236000.0,0.2452072440706221,1007444000.0,640236000.0,400491000.0,14461000.0,349882000.0,322097000.0,99114000.0,1261195439.3500001,1276104439.3500001,8.655299138748823,27.694557776087407,0.23017755825633981,0.36219612767791876,-0.0036362537668400844,8.655299138748823,0.00682248420894795,95.56682877547928,72.18380490785256,1.969891476502415,0.0,0.030925466552001415,0.0,0.013099487415677695,15.069289813982435,0.004335724864111554,549.5404964488018,0.2452072440706221,0.4999999999999999,7.23376537784734,-0.4606155728912849,0.46801072392880994,-0.501233045622688,0.6124031007751938,-4.552154195011338,-0.9864763688462328,-0.9722836367867066,-0.16883579938848534,Real Estate—Diversified,Real Estate,JOE
2016Q4,2016,Q4,2017-03-02,2016-12-31,2709000.0,18747000.0,-882000.0,0.04,6488000.0,0.34608203979303354,1027945000.0,669293000.0,425459000.0,12203000.0,341146000.0,314620000.0,94746000.0,1412513694.0,1402752694.0,9.002792011161912,34.86511513562239,0.2250606793165004,0.34566325958884975,-0.0005594181537435253,9.002792011161912,0.004047554658423142,75.34611905904944,130.353792358804,2.11045639802,0.0,0.038964465068972096,0.0,0.01823735705704099,19.999098582315824,0.0026353550044019864,777.8159107929515,0.34608203979303354,0.0,1.0102311654050105,0.17388709178100512,0.5281507247109017,-0.2695338887637919,-0.0007377351530800443,-1.5529780564263322,5.0055453914948025,-0.31281494774604146,0.4881205939986935,Real Estate—Diversified,Real Estate,JOE
2016Q3,2016,Q3,2016-11-03,2016-09-30,2711000.0,27192000.0,1595000.0,0.04,8882000.0,0.3266401882906737,986429000.0,665333000.0,409027000.0,14775000.0,313268000.0,313008000.0,92037000.0,1366421141.8799999,1431623141.8799999,8.949525270938718,27.68372250423012,0.2336589861003681,0.3464250232590297,0.0013172887047100275,8.949525270938718,0.004074651340005681,50.25085105472197,126.00711378458132,2.0537402201303707,0.0,0.0584969074272862,0.0,0.027566099536814104,11.27228426395939,0.002748297140493639,-800.9502590152402,0.3266401882906737,1.0,2.382896282836691,0.2607924511634358,-0.057700895638819874,-0.1090380178553516,0.4977900552486188,-0.25571628558096127,-0.1983645183186615,-0.08343206914441749,0.48028223891405614,Real Estate—Diversified,Real Estate,JOE
2016Q2,2016,Q2,2016-08-03,2016-06-30,1810000.0,29551000.0,2143000.0,0.02,9969000.0,0.3373489898818991,984440000.0,660974000.0,410371000.0,17048000.0,315624000.0,310242000.0,89325000.0,1317269767.56,1364193767.56,8.891465946034105,24.071503988737682,0.2340487993173784,0.3485870851198383,0.0014849620165641212,8.891465946034105,0.002738383052888616,44.57614860952252,181.94333806077347,1.9929222141264253,0.0,0.06311846880822068,0.0,0.03001808134573971,11.017362740497418,0.0018386087521839827,227.86192139076283,0.3373489898818991,-0.8333333333333333,1.168347745678977,0.44970860713811156,-0.0681694048758924,0.21425091352009745,-0.7911136757068667,3.3890746934225193,-0.1690214858626291,0.08574441376622988,0.4806306431842281,Real Estate—Diversified,Real Estate,JOE
2016Q1,2016,Q1,2016-05-06,2016-03-31,8665000.0,20254000.0,-897000.0,0.12,8210000.0,0.4053520292287943,978985000.0,659054000.0,402522000.0,10911000.0,311858000.0,311738000.0,87516000.0,1282974521.5,1312442521.5,8.809821169936615,36.89139400604894,0.23574722799634315,0.3501883001999836,-0.0007308663325560511,8.809821169936615,0.01314763281916201,63.344254048583,37.01599888920946,1.9466910473193395,0.0,0.038635007602538025,0.0,0.02068877459818077,18.58656401796352,0.008851003845819905,314.1465527668952,0.4053520292287943,5.0,-0.24143443180791538,-0.6595803178664706,-0.08475132725609273,0.1609162895927602,4.410074773711138,0.7677970489257054,5.320585680234623,-0.06677252176022322,0.4792235178779454,Real Estate—Diversified,Real Estate,JOE
2015Q4,2015,Q4,2016-03-03,2015-12-31,-2541000.0,21103000.0,-3863000.0,-0.03,7072000.0,0.33511822963559684,984813000.0,665263000.0,415475000.0,15514000.0,311366000.0,313599000.0,78851000.0,1394350100.0700002,1414216100.0700002,8.831367480363651,26.780649735722573,0.23622657296359817,0.349694782364268,-0.0029729770468161585,8.831367480363651,-0.0038195420457773845,66.07354878785007,-137.1851731670602,2.0959381478753514,0.0,0.04474185185539495,0.0,0.021428433621408328,14.076704911692664,-0.002580185273752479,-98.26286822198733,0.33511822963559684,-2.0,-0.14803792405300883,-0.3027770842121126,-0.06498948415311244,-0.2705518308406395,-1.9166666666666667,-0.6210658833403273,0.6393600528027271,0.14316521468916762,0.47643802219724635,Real Estate—Diversified,Real Estate,JOE
2015Q3,2015,Q3,2015-11-05,2015-09-30,2772000.0,27830000.0,-2383000.0,0.03,9695000.0,0.34836507366151637,1012456000.0,668709000.0,418820000.0,22410000.0,335294000.0,315537000.0,81392000.0,1760474482.2199998,1849731482.2199998,7.26645191350259,18.688978134761268,0.24410344745845747,0.3695837800896952,-0.0017931451568257604,7.26645191350259,0.004145300870782358,63.25815602659,158.77295113816737,2.63264661043892,0.0,0.057473450023293626,0.0,0.02748761427657103,7.160597947344935,0.002737896757982569,-551.6999317518018,0.34836507366151637,13.360939431396785,1.2107629473649892,0.023920504420957944,-0.23604958771972745,-0.3816175532593443,13.375,-1.4100843228360007,-0.8187752919724978,-0.5007747302358871,0.19824857976510235,Real Estate—Diversified,Real Estate,JOE
2015Q2,2015,Q2,2015-08-06,2015-06-30,-224000.0,37846000.0,5811000.0,-0.002427,15678000.0,0.4142577815356973,1319460000.0,971371000.0,723411000.0,30594000.0,339622000.0,316853000.0,78621000.0,1433459937.08,1341156937.08,10.52376228995237,23.645518729162582,0.18618904703439285,0.2529095474334729,-0.0008132894420287857,10.52376228995237,-0.00023060190184800658,37.87612791523543,-1599.8436797767856,1.47570798086416,0.0,0.06996304279902668,0.0,0.02868294605368863,11.175426554226318,-0.0001697664195958953,39.46533607951104,0.4142577815356973,0.87865,0.9741818279285058,0.7068384643257439,0.09266288564975507,2.6207852193995382,0.8711162255466053,2.0191160996141706,-2.2725946398560257,0.24656771123605883,0.7839958340858559,Real Estate—Diversified,Real Estate,JOE
2015Q1,2015,Q1,2015-05-08,2015-03-31,-1738000.0,17091000.0,-5702000.0,-0.02,4330000.0,0.2533497162249137,1305492000.0,970244000.0,683710000.0,21827000.0,326734000.0,321122000.0,78844000.0,1713136924.1599998,1667281924.1599998,10.511552454471614,31.324048197186972,0.18679011437833398,0.2513316237977251,-0.0028896323870257067,10.511552454471614,-0.0017913019817695343,100.2362017529694,-246.42360819332563,1.765676390846014,0.0,0.039738790864531234,0.0,0.013091616034414612,13.426215238007972,-0.0013312988513142939,9902.52557317919,0.2533497162249137,0.8333333333333333,0.8491895244628082,0.27250451943202064,0.08042040579101041,0.18112384069830878,0.8434234234234235,0.6423957353402321,-0.9877487974382679,-0.44019784575072723,0.7828467255650727,Real Estate—Diversified,Real Estate,JOE
2014Q4,2014,Q4,2015-02-27,2014-12-31,-11100000.0,15676000.0,-15945000.0,-0.12,3666000.0,0.2338606787445777,1303135000.0,971209000.0,679114000.0,20582000.0,323434000.0,321812000.0,80582000.0,1697350418.13,1903980418.13,10.522596465187934,32.99553007482266,0.18504989889765833,0.24829362166124902,-0.013512961448864878,10.522596465187934,-0.011429053890563205,108.27701059772902,-38.22861302094594,1.7476675135115098,0.0,0.03731992591948094,0.0,0.012029452052166507,1.8196968224662327,-0.00851792024617557,225.5914962958533,0.2338606787445777,-220.40221402214024,0.8145438589997176,-0.526780061928199,0.07473202021236743,-0.49835796387520526,-221.0,-10.9438202247191,0.9662333199245966,-0.20935944724090536,0.7861251703005849,Real Estate—Diversified,Real Estate,JOE
2014Q3,2014,Q3,2014-11-06,2014-09-30,-50000.0,23947000.0,-1335000.0,-0.000542,7308000.0,0.3051739257527039,1318850000.0,975800000.0,657596000.0,18652000.0,334499000.0,0.0,91682000.0,1839443595.09,2015856595.09,10.572596002351714,35.256058331546214,0.18045645827804527,0.2438973150235704,-0.00030033739025030583,10.572596002351714,-5.124000819840131e-05,76.81311208460349,-9197.21797545,1.8850620978581676,0.0,0.0,0.0,0.01815748568828904,3.3016298520265925,-3.7911817113394244e-05,-101.81797825141149,0.3051739257527039,-1.0033874999999999,0.9965649756630248,-0.4504037244502606,0.01721518663646583,-0.7844184194224019,-1.003422547744541,-1.0634566023386254,0.9794557644629203,-0.10563776613491963,0.11319287249117288,Real Estate—Diversified,Real Estate,JOE
2014Q2,2014,Q2,2014-08-08,2014-06-30,14609000.0,68164000.0,21038000.0,0.16,33899000.0,0.49731529839798133,1340870000.0,976520000.0,679425000.0,28299000.0,355694000.0,0.0,91733000.0,2347067266.59,2527738266.59,10.580397056995794,24.008798897487544,0.1726893733173238,0.237121615532708,0.010922348067258064,10.580397056995794,0.014960267070822921,34.43265164294936,40.1647488977685,2.403501481372629,0.0,0.0,0.0,0.05083565148000925,2.7119686207993214,0.010895165079388754,-196.4730676870919,0.49731529839798133,-0.9633867276887872,1.3241088233968015,0.6598662020113859,0.0010296406163578474,-0.9348215229909921,-0.9637489298874676,-0.958707970472607,2.0944125130628324,1.693366374295683,0.10883151845925446,Real Estate—Diversified,Real Estate,JOE
2014Q1,2014,Q1,2014-05-12,2014-03-31,402995000.0,594086000.0,509493000.0,4.37,520095000.0,0.875454058839966,1169084000.0,961089000.0,541780000.0,28861000.0,199338000.0,0.0,77124000.0,1776638575.25,1588634575.25,10.413464791169828,18.77204532067496,0.04226813471059394,0.05141563372382787,0.3984884464316835,10.413464791169828,0.41931080264158677,2.99054105844945,1.102146785475006,1.8485682129854777,0.0,0.0,0.0,0.5081636563326501,8.466685146044835,0.34471004649794196,5.061071602239061,0.875454058839966,805.5706902916206,35.04884496736866,26.175169619819556,-0.03033097130501153,39.641947331405795,718.6339285714286,260.4159877800407,27.59629512408042,7.0935439261155855,0.0818505444023862,Real Estate—Diversified,Real Estate,JOE
2013Q4,2013,Q4,2014-02-28,2013-12-31,560000.0,33868000.0,-1964000.0,0.005418,12797000.0,0.377849297271761,669472000.0,558354000.0,168866000.0,26958000.0,105947000.0,0.0,-325871000.0,1771109923.8200002,1793432923.8200002,6.0497731484050785,6.264040359077083,0.06604757181779074,0.07919169559096917,0.008148417364924632,6.0497731484050785,0.0010029479505833216,52.29449403035314,790.6740731339286,3.1720197649161643,0.0,0.0,0.0,0.0505891209789207,1.0829438385636916,0.0008364800917738158,812.8085928499312,0.377849297271761,-0.89164,1.0198212977919776,-0.2832062674212707,-0.44184950530718164,0.022778132992327366,-0.8666031443544545,-1.5805498078628437,1.2065068529478091,-0.08670332492002639,-0.35948747180725876,Real Estate—Diversified,Real Estate,JOE
2013Q3,2013,Q3,2013-11-07,2013-09-30,4198000.0,36827000.0,3383000.0,0.05,12512000.0,0.33975072636924,667072000.0,557936000.0,168882000.0,28777000.0,105744000.0,0.0,-326431000.0,1810622517.8400002,1825623517.8400002,6.045823583956627,5.868645098516176,0.056713518180945985,0.06780706030799231,0.005472608542035758,6.045823583956627,0.007524160477187348,49.165626248133165,107.82649582181992,3.2452154330245766,0.0,0.0,0.0,0.05520693418401612,1.0678319491260382,0.006293173750359781,526.4968065833092,0.33975072636924,0.6666666666666669,1.2163916502078866,0.10986497648112095,-0.47061907856829616,0.07667154289648051,0.5525147928994083,1.137081490840177,1.3182946374554698,0.3511551650557862,-0.3643790016755041,Real Estate—Diversified,Real Estate,JOE
2013Q2,2013,Q2,2013-08-08,2013-06-30,2704000.0,33788000.0,1583000.0,0.03,11621000.0,0.34393867645317866,662524000.0,554186000.0,168702000.0,33823000.0,106298000.0,0.0,-330628000.0,1943512243.9199998,1927535243.9199998,6.005188388450623,4.987789374094551,0.0576673448810911,0.06894075274366368,0.0026722170454698915,6.005188388450623,0.0048792282735399305,57.52078382621048,179.68863201923074,3.506967415127773,0.0,0.0,0.0,0.05099890720939921,1.7430151080625609,0.004081361580863485,364.97882514929574,0.34393867645317866,2.0,1.1284130189771806,-0.5063484350646084,-0.4922624820691512,0.5676514231755025,2.0929668552950687,1.7114606741573033,1.3117233606186125,0.5241233320610034,-0.3764923330072141,Real Estate—Diversified,Real Estate,JOE
2013Q1,2013,Q1,2013-05-08,2013-03-31,-2474000.0,26773000.0,-2225000.0,-0.03,7413000.0,0.2768834273335076,651321000.0,549618000.0,168652000.0,33517000.0,100687000.0,0.0,-333335000.0,1945352306.1999998,1812452306.1999998,5.9557065335027595,5.0318345914013785,0.05489152046379588,0.06504881572292029,-0.0038010147428122385,5.9557065335027595,-0.004501308181318661,72.66097584133269,-196.57965907437347,3.539462510689242,0.0,0.0,0.0,0.04110569135648935,5.067279291106006,-0.0037984342589905745,1083.1582996659242,0.2768834273335076,0.6666666666666666,-1.0670211763619724,-0.8009532246985217,-0.5644297843194096,0.3470834090496093,0.7133920296570899,0.7596153846153846,0.7852822840053023,0.9937713157177742,-0.3878480940308759,Real Estate—Diversified,Real Estate,JOE
2012Q4,2012,Q4,2013-03-01,2012-12-31,-8632000.0,22616000.0,-9256000.0,-0.09,5503000.0,0.2433233109303148,645521000.0,552025000.0,165980000.0,24817000.0,93187000.0,0.0,-330861000.0,2130010848.1999998,2000092848.1999998,5.981536202393882,6.688157311520329,0.055864952495736,0.06532675150581949,-0.014724232885146977,5.981536202393882,-0.015636972963181017,94.18159038733639,-61.68937813368859,3.8585405519677547,0.0,0.0,0.0,0.03503526608739298,6.7000443244550105,-0.013372144360911574,-309.3248399941911,0.2433233109303148,-1.5294117647058822,-8.405937643867087,-0.7752793684300749,-0.0021661779905905038,-0.7745503707648818,-1.5627118644067797,-1.6026041666666666,0.8557640752866964,-0.3172096937686012,-0.3890720310296177,Real Estate—Diversified,Real Estate,JOE
2012Q3,2012,Q3,2012-11-02,2012-09-30,15340000.0,55907000.0,15360000.0,0.17,24409000.0,0.43660006797002165,652715000.0,559680000.0,176400000.0,62342000.0,92720000.0,0.0,-322229000.0,1814461761.98,1694141761.98,6.064227436787,2.829553110262744,0.04654098649487142,0.05427744425385935,0.02543979326232619,6.064227436787,0.02740851915380217,32.455001376929545,29.57075883279009,3.241962839443968,0.0,0.0,0.0,0.085653003224991,3.1776330563664943,0.02350183464452326,82.95820052944404,0.43660006797002165,88.14666414772728,2.8467943680184136,-0.42068401721726895,-0.03269416839411245,1.6373851971907076,86.1590909090909,7.489226869455006,2.0539015500252416,0.2831390578507769,-0.41654592282300884,Real Estate—Diversified,Real Estate,JOE
2012Q2,2012,Q2,2012-08-03,2012-06-30,176000.0,30357000.0,-2367000.0,0.0019069698414994928,9255000.0,0.3048720229271667,666378000.0,544435000.0,174006000.0,69918000.0,121621000.0,0.0,-337569000.0,1459152598.77,1363256598.77,5.898983668504411,2.488715352269802,0.07758809564541447,0.09496634125285847,-0.004516508761394174,5.898983668504411,0.00032327091388320003,48.06642944856211,2072.6599414346592,2.6801226937467284,0.0,0.0,0.0,0.04555522541260366,2.8076604021854172,0.0002641143615185375,352.622667658289,0.3048720229271667,1.1906969841499493,-0.994391265163199,-0.7840416554651801,-0.10685417892764933,0.03327006810315954,1.2013729977116705,-0.47845096814490945,1.0039047511938002,-0.2607570384826146,-0.441886966068037,Real Estate—Diversified,Real Estate,JOE
2012Q1,2012,Q1,2012-05-03,2012-03-31,-874000.0,30518000.0,-1601000.0,-0.01,8957000.0,0.2934989186709483,662870000.0,543989000.0,169812000.0,65780000.0,118556000.0,0.0,-337747000.0,1753958771.5900002,1641045771.5900002,5.895937269167085,2.5815141380358773,0.07961742121381267,0.09701666761644077,-0.010501583500167532,5.895937269167085,-0.0016066501344696308,57.47292652172489,-501.7044541161328,3.2242541146787898,0.0,0.0,0.0,0.04603919320530421,2.5815141380358773,-0.0013185089082323833,509.5754711185358,0.2934989186709483,0.9971922711351721,-1.0350841052086364,-0.7496368304317289,-0.09421728197579775,1.3942796043838546,0.9973403203179443,0.9958237905687053,0.9261338865612703,0.39640084828397176,-0.45098889949791804,Real Estate—Diversified,Real Estate,JOE
2011Q4,2011,Q4,2012-02-27,2011-12-31,-328611000.0,19820000.0,-383362000.0,-3.561597462371969,3741000.0,0.18874873864783048,661291000.0,543561000.0,166954000.0,63941000.0,117399000.0,0.0,-336873000.0,1352605764.94,1243672764.94,5.891298460016158,2.611063324001814,0.08083884401874515,0.09834774753891468,-0.5503538657939809,5.891298460016158,-0.6045522029726195,68.24448864480323,-1.029032628959469,2.488415771072612,0.0,0.0,0.0,0.029971676614380053,2.611063324001814,-0.49692344217598605,-52.416421815152106,0.18874873864783048,-117.71991541239898,-12.617542395942394,-0.9255136829801421,-0.0685441621081419,-0.441141320585599,-134.1752365281777,-90.32015245354931,-10.634813718265379,-0.5803941094282723,-0.4564703387749432,Real Estate—Diversified,Real Estate,JOE
2011Q3,2011,Q3,2011-11-03,2011-09-30,-2431000.0,26745000.0,-4198000.0,-0.03,6694000.0,0.25028977378949335,1048663000.0,875579000.0,193125000.0,81623000.0,172803000.0,0.0,876830000.0,1381929059.3600001,1246114059.3600001,9.497541947687552,2.366061036717592,0.04999413538953887,0.05987694999537449,-0.002814681194047365,9.497541947687552,-0.0027764484986506073,51.67055746345112,-142.11528788153024,1.5783031106958938,0.0,0.0,0.0,0.02550390354193864,2.366061036717592,-0.002318189923740992,-118.86539302941684,0.25028977378949335,0.7857142857142857,-1.3296179510191033,-0.8781534508546791,0.580535949895276,0.3308151093439364,0.8177114577084583,0.7959758942457231,0.8745623754296374,-0.19315296971863527,-0.16838170386826073,Real Estate—Diversified,Real Estate,JOE
2011Q2,2011,Q2,2011-08-04,2011-06-30,-13336000.0,25284000.0,-20576000.0,-0.14,5030000.0,0.19894004113273217,1066545000.0,879836000.0,204751000.0,92986000.0,186421000.0,0.0,879261000.0,1921600215.36,1774917215.36,9.541933901461862,2.2019551330307787,0.049830058741075156,0.060404439009088054,-0.014497798641770991,9.541933901461862,-0.015157370237180565,76.00064132890365,-36.022799478104375,2.184043634677372,0.0,0.0,0.0,0.023706454017411362,2.2019551330307787,-0.012503926229085504,-160.2401780653769,0.19894004113273217,-1.9333333333333336,-1.578522499692649,-0.8930556706312508,0.6039249250504878,-0.9137945808839911,-1.9458826867153698,-1.9646507266760431,0.3661426277187317,-0.6302847162964407,-0.1932313323082184,Real Estate—Diversified,Real Estate,JOE
2011Q1,2011,Q1,2011-05-05,2011-03-31,14099000.0,73436000.0,21330000.0,0.15,58349000.0,0.7945558036930116,1082249000.0,888781000.0,221800000.0,94871000.0,193164000.0,0.0,892597000.0,2314840706.3,2152552706.3,9.625603873890197,2.3379114797988847,0.04983880788986638,0.06068761595938707,0.014738725317587617,9.625603873890197,0.015863300408087033,31.52187900076257,41.04618601141925,2.6045119172214526,0.0,0.0,0.0,0.06785499455300951,2.3379114797988847,0.013027501064912048,62.297236296356104,0.7945558036930116,6.105146885366753,2.0538769172153293,-0.6477555614159621,0.5440195794446795,1.7516623437868428,6.196830077405086,17.7425431711146,-0.6182653853480838,-0.4543326079086832,-0.29603207750055993,Real Estate—Diversified,Real Estate,JOE
2010Q4,2010,Q4,2011-03-03,2010-12-31,-2713000.0,37100000.0,-1274000.0,-0.029382112477499073,21205000.0,0.5715633423180593,1051695000.0,872124000.0,189558000.0,89982000.0,179258000.0,0.0,878498000.0,2017521716.5000002,1888345716.5000002,9.445206583975821,2.106621324264853,0.05196468557899391,0.06266425416569203,0.0010533971416172535,9.445206583975821,-0.0031107961711866663,54.38063925876011,-185.9124324087726,2.3133427316528383,0.0,0.0,0.0,0.03527638716548048,2.106621324264853,-0.002579645239351713,-151.57939267468072,0.5715633423180593,0.7901277680178638,-1.0585037522318934,-0.8844228598233893,0.43165966323847516,1.3099128540305012,0.7931534004269595,0.9290290234527324,-3.3264710205750996,-0.6315485288612173,0.5756398133284115,Real Estate—Diversified,Real Estate,JOE
2010Q3,2010,Q3,2010-11-02,2010-09-30,-13116000.0,27105000.0,-17951000.0,-0.14,9180000.0,0.338682899833979,1058904000.0,872920000.0,207767000.0,109096000.0,185651000.0,0.0,881211000.0,2282406497.34,2124327497.3400002,9.511680073335345,1.904441959375229,0.036191193913707,0.043902075791596024,-0.011898480774870351,9.511680073335345,-0.01502543188379233,84.20610578638627,-43.504240952653255,2.6146800363607205,0.0,0.0,0.0,0.02559722127784955,1.904441959375229,-0.0123863919675438,39.30710738366687,0.338682899833979,-0.5555555555555558,-1.2977439605048438,-0.9056639539057876,0.3937766180332733,0.6534582132564841,-0.5212247738343772,-0.17796443336176915,-0.5879677823606313,-0.7175472348344826,0.5172095207863097,Real Estate—Diversified,Real Estate,JOE
2010Q2,2010,Q2,2010-08-05,2010-06-30,-8622000.0,22035000.0,-15239000.0,-0.09,5552000.0,0.2519627864760608,1073667000.0,883455000.0,149235000.0,105297000.0,189868000.0,0.0,894327000.0,2124409085.28,2024445085.28,9.631298388701456,1.4172768454941735,0.036229110143089056,0.04402940727031937,-0.009629808858304603,9.631298388701456,-0.009759410496290134,96.4106687215793,-61.598500501043844,2.4046602093824814,0.0,0.0,0.0,0.020523123091237785,1.4172768454941735,-0.008030422840601415,-140.56832430887314,0.2519627864760608,0.30769230769230776,-1.1879915891751904,-0.9368923466132758,0.4450749509157419,3.2220532319391637,0.2444794952681388,0.1083089526038619,-1.2764582198120573,-0.8422775764105809,0.45824338407610854,Real Estate—Diversified,Real Estate,JOE
2010Q1,2010,Q1,2010-05-04,2010-03-31,-11412000.0,13300000.0,-17090000.0,-0.13,1315000.0,0.09887218045112782,1086582000.0,889266000.0,163615000.0,106904000.0,196955000.0,0.0,902950000.0,2956867672.35,2843407672.35,9.729131732546064,1.5304852952181396,0.036055263201488705,0.04405543448192104,-0.011529003346539548,9.729131732546064,-0.01283305557617181,222.32087762030073,-64.77540466942692,3.3250654723670983,0.0,0.0,0.0,0.012240217489338127,1.5304852952181396,-0.010502658796114788,-202.34501282077602,0.09887218045112782,0.7995290840531786,-1.5945451805124549,-0.9497455172951607,0.42800266574588525,-0.6112917528820574,0.8074638952625186,0.8045628680885127,-1.4624240304876308,-0.8898598476243123,0.4946698009841652,Real Estate—Diversified,Real Estate,JOE
2009Q4,2009,Q4,2010-02-23,2009-12-31,-59272000.0,32805000.0,-87445000.0,-0.6484731183374494,3383000.0,0.10312452370065539,1098140000.0,894912000.0,175310000.0,105031000.0,202855000.0,0.0,915981000.0,2640615364.89,2516316364.89,9.790902538763724,1.669126257961935,0.03597719780720127,0.044147357505542446,-0.05684095401481514,9.790902538763724,-0.06623221054137167,80.49429553086419,-11.137701464814752,2.9506983534582174,-0.026471183695505468,0.0,0.0005941796828351635,0.02987324020616679,1.669126257961935,-0.05397490301783015,379.28976801062913,0.10312452370065539,-3.0529569896090583,-2.6944405179616817,-0.9095677358133265,0.45043004250910484,-0.15403850962740684,-3.1075537075537074,-2.1734712393395026,-3.1152485716049965,-0.8755506729037397,0.5480107466727585,Real Estate—Diversified,Real Estate,JOE
2009Q3,2009,Q3,2009-11-03,2009-09-30,-14430000.0,43195000.0,-27555000.0,-0.16,3999000.0,0.09258015974071072,1170007000.0,950986000.0,181822000.0,113768000.0,218635000.0,0.0,975253000.0,2664383234.2400002,2551121234.2400002,10.39366708366906,1.5981822656634554,0.03700148802528532,0.045523277945206345,-0.01521327973960227,10.39366708366906,-0.015173724954941502,61.68267702835977,-46.160485693693694,2.8017060548104813,-0.10873180873180874,0.0,0.000588879249740343,0.03691858253839507,1.5981822656634554,-0.012333259544601015,65.17412084440205,0.09258015974071072,0.673469387755102,-1.4506018471434603,-0.8558645352222572,0.5924934634241662,-0.6673598402927965,0.6766024204392649,0.6303227883763987,-2.971383070010291,-0.8017181761769452,0.7296648509124934,Real Estate—Diversified,Real Estate,JOE
2009Q2,2009,Q2,2009-08-04,2009-06-30,-44620000.0,40652000.0,-74538000.0,-0.49,12022000.0,0.29572960739938997,1189468000.0,965682000.0,152177000.0,113064000.0,221962000.0,0.0,989683000.0,2420254664.58,2352779664.58,10.569514255822826,1.345936814547513,0.04127391405233264,0.05083868188492692,-0.045117387794211095,10.569514255822826,-0.04620568675816677,59.53593094017514,-13.560369030591662,2.5062646550106553,0.0,0.0,0.0,0.03417662349890876,1.345936814547513,-0.03751256864413335,357.70834534141295,0.29572960739938997,-2.769230769230769,-2.627905549635092,-0.8549102076049491,0.6452724876967738,1.5330804888327012,-2.814653329913653,-2.7639751552795033,-2.9534866595621105,-0.826467783792241,0.7766531958467524,Real Estate—Diversified,Real Estate,JOE
2009Q1,2009,Q1,2009-05-05,2009-03-31,-11697000.0,21605000.0,-19803000.0,-0.13,4746000.0,0.21967137236750753,1207340000.0,979529000.0,156565000.0,112656000.0,225141000.0,0.0,1034303000.0,1526866347.9599998,1466428347.9599998,10.73919500675875,1.3897617525919614,0.040761508771348584,0.05024149361580923,-0.012048492607713249,10.73919500675875,-0.011941453494485615,70.6718976144411,-32.633716935111565,1.5587760525313694,0.0,0.0,0.0,0.017894710686302117,1.3897617525919614,-0.009688240263720244,-238.12637990642543,0.21967137236750753,0.5753237699222807,-1.7543623349992237,-0.9018516902658629,0.7253075593779029,-0.8279624460796752,0.581068013323305,0.6093081066151084,-3.5648319548284344,-0.8950915163991986,0.7226480099485547,Real Estate—Diversified,Real Estate,JOE
2008Q4,2008,Q4,2009-02-24,2008-12-31,-27921000.0,46695000.0,-50687000.0,-0.3061155553165971,27587000.0,0.5907913052789378,1218278000.0,988629000.0,165540000.0,115230000.0,226877000.0,0.0,1046000000.0,2218243105.28,2152331105.28,10.838964053475594,1.4366050507680292,0.040680370161818566,0.05013002855469544,-0.027348625476120353,10.838964053475594,-0.028242141389742764,47.504938543312996,-19.861780606711793,2.2437568645872212,0.0,0.0,0.0,0.03832869016759721,1.4366050507680292,-0.02291841435206086,288.7585401301745,0.5907913052789378,-0.45769312055522443,-1.8156360498088493,-0.8294722086939345,0.6957724799333208,4.102089883484372,-0.4543702469007188,-1.1367986172589688,-1.609517393151543,-0.8527383638542673,0.6429188169350613,Real Estate—Diversified,Real Estate,JOE
2008Q3,2008,Q3,2008-11-04,2008-09-30,-19198000.0,32836000.0,-23721000.0,-0.21,5407000.0,0.16466682909002314,1326606000.0,1042966000.0,282976000.0,129929000.0,280587000.0,0.0,1073921000.0,3569839054.92,3514363054.92,11.42055434790845,2.1779279452624127,0.03829019316963741,0.0487034093153564,-0.01351337743140384,11.42055434790845,-0.018407119695177023,108.71723276038495,-46.48712176945516,3.4227760587785228,0.0,0.0,0.0,0.02475188563899153,1.5370625495462906,-0.014471516034150306,53.83641820748315,0.16466682909002314,0.0869565217391305,-1.7007317059401947,-0.8628123207950433,0.8204521251503988,-0.8083303792981212,0.07781727351330579,-8.413095238095238,-1.4379573143067192,-0.8851548263688236,0.6734900135798373,Real Estate—Diversified,Real Estate,JOE
2008Q2,2008,Q2,2008-08-05,2008-06-30,-20818000.0,67668000.0,-2520000.0,-0.23,28210000.0,0.4168883371756222,1388691000.0,1079090000.0,326623000.0,134490000.0,305782000.0,0.0,1093117000.0,3131248726.32,3141214726.32,11.827348140281606,2.4286043572012788,0.0390151588798372,0.050208972374871416,-0.001463200136420633,11.827348140281606,-0.019292181375047495,46.27369992197198,-37.60266027380152,2.9017493687458877,0.0,0.0,0.0,0.04872790275158405,1.5904751282623244,-0.014991095931348298,739.3739613506494,0.4168883371756222,-1.575,-2.755194972516817,-0.6928762551376423,0.8970957745192153,-0.5810437520420589,-1.6495070510420566,-1.0492062562240057,-1.456350691016287,-0.8051584279472237,0.7745691020569854,Real Estate—Diversified,Real Estate,JOE
2008Q1,2008,Q1,2008-05-06,2008-03-31,32052000.0,116791000.0,51213000.0,0.4,67334000.0,0.5765341507479173,1632195000.0,1095646000.0,550058000.0,135981000.0,532245000.0,0.0,1113935000.0,3439980900.0,3419722900.0,13.673355796830151,4.045109243203094,0.17685876993864091,0.26346831001984217,0.02369782951196263,13.673355796830151,0.029253974367633342,29.45416085143547,26.831249999999997,3.1396827990062484,0.0,0.0,0.0,0.07155456302708929,3.2292526161743185,0.019637359506676593,-107.34844437509751,0.5765341507479173,30.67193675889328,1.105263150580224,-0.24650326918147475,1.1636598109411938,0.5422707803660185,30.67193675889328,2.6313550308445013,0.9047618998183236,-0.496621103499989,1.0069199456152973,Real Estate—Diversified,Real Estate,JOE
2007Q4,2007,Q4,2008-02-25,2007-12-31,1012000.0,87382000.0,14103000.0,0.012629477099712967,43659000.0,0.4996337918564464,1263966000.0,480341000.0,198640000.0,152305000.0,777349000.0,0.0,1081883000.0,2845416300.0,3362332300.0,5.994521402720579,1.3042250746856636,0.42816104230651775,1.126660018611778,0.00940748518691709,5.994521402720579,0.002106836601497686,32.562956901879105,702.9190464426877,5.923742299741225,0.0009881422924901185,0.0,3.5144242338107084e-07,0.06913318870918997,0.5867830997012573,0.0008006544479835692,179.70293671845397,0.4996337918564464,1.140327523330144,-0.9826981771707866,-0.6356326035398313,-0.05427142343335682,0.09112038587459076,1.14867048626414,2.147238265679655,-0.9669995607939961,-0.7252309548711625,-0.11196808480665348,Real Estate—Diversified,Real Estate,JOE
2007Q3,2007,Q3,2007-11-06,2007-09-30,-6807000.0,79086000.0,-12293000.0,-0.09,40013000.0,0.5059428976051387,1285421000.0,474160000.0,129001000.0,179838000.0,804551000.0,0.0,1080870000.0,2567751655.3500004,3096468655.3500004,6.269193504932541,0.7173178082496469,0.4205797166842614,1.1401678758225071,-0.0074736589623377765,6.269193504932541,-0.014355913615657162,32.46784077270314,-94.30555513992948,5.415369612261684,-1.7482003819597474,0.0,0.004634404567593573,0.0615253679533787,0.13860252004581902,-0.0052955413051443846,-24.48976304577969,0.5059428976051387,-1.2647058823529411,-1.6000000052023176,-0.4637410539587573,0.011789192266631861,0.48957635321271686,-1.2688600995339285,-2.7964793082149475,-1.2571428597425713,-0.6807513516381621,-0.039448772297795254,Real Estate—Diversified,Real Estate,JOE
2007Q2,2007,Q2,2007-08-09,2007-06-30,25318000.0,113415000.0,-3238000.0,0.34,26862000.0,0.2368469779129745,1334277000.0,491819000.0,136779000.0,243887000.0,835080000.0,0.0,1099576000.0,3450694476.0400004,3859033476.0400004,6.604726271261986,0.5608294005010517,0.3211671939185042,0.871308347176502,-0.0008013782271261802,6.604726271261986,0.05147828774406845,30.42538002944937,34.0735294655976,7.016187817144113,0.47002132869894936,0.0,0.003448581171885255,0.08500109047821404,0.1386625773411457,0.018975070393928695,-66.34675016419921,0.2368469779129745,0.25925925925925924,-0.1707317118963301,-0.15822742089614167,0.04956387476532628,-0.5137483482070127,0.286287659401514,-1.1309499737129454,0.13333333154277593,-0.503345851038571,0.028105375503795316,Real Estate—Diversified,Real Estate,JOE
2007Q1,2007,Q1,2007-05-09,2007-03-31,19683000.0,96311000.0,24727000.0,0.27,55243000.0,0.573589724953536,1558125000.0,474522000.0,151864000.0,176981000.0,1075937000.0,0.0,1086158000.0,3813399000.0,4385549000.0,6.509218106995885,0.858080810934507,0.3880715603690333,1.2742591492069915,0.017159993747829935,6.509218106995885,0.04147963634984258,39.5946361267145,48.43518518518518,8.036295472075057,0.6013819031651679,0.0,0.003104054938914076,0.06181211391897312,0.28261790813703164,0.012632490974729241,-51.60145329562523,0.573589724953536,-0.11928945366683066,-0.7096774191206131,-0.13175159114847562,-0.041299354450078714,-0.5950550135243108,-0.11928945366683073,-0.3253758218972526,0.5882352843144819,-0.4525776966047954,0.04573975969070579,Real Estate—Diversified,Real Estate,JOE
