Quarters,Year,Quarter,FillingDate,Date,NetIncome,Revenue,OperatingIncome,EPSDiluted,GrossProfit,GrossProfitRatio,TotalAssets,CommonStockEquity,CurrentAssets,CurrentLiability,TotalLiability,Inventory,RetainedEarnings,MarketCap,EnterpriseValue,bookValuePerShare,currentRatio,debtToAssets,debtToEquity,roic,shareholdersEquityPerShare,roe,priceToSalesRatio,peRatio,pbRatio,payoutRatio,inventoryTurnover,dividendYield,assetTurnover,quickRatio,returnOnAssets,priceToFreeCashFlowsRatio,grossProfitMargin,epsdilutedGrowth,fiveYNetIncomeGrowthPerShare,fiveYRevenueGrowthPerShare,fiveYShareholdersEquityGrowthPerShare,grossProfitGrowth,netIncomeGrowth,operatingIncomeGrowth,threeYNetIncomeGrowthPerShare,threeYRevenueGrowthPerShare,threeYShareholdersEquityGrowthPerShare,Industry,Sector,Symbol
2023Q1,2023,Q1,2023-05-10,2023-03-31,26005000.0,131725000.0,10350000.0,0.17,30269000.0,0.2297893338,1110301000.0,34838000.0,266930000.0,182347000.0,1075463000.0,4417000.0,-518783000.0,743803440.0,969688440.0,0.23793522654318458,1.463857370836921,0.36321141744445873,11.57569320856536,0.017253065320037512,0.23793522654318458,0.7464550203800447,5.6466383754033025,7.150581042107287,21.350348470061427,0.0,22.969436268960834,0.0,0.1186389996946774,1.3163364354774139,0.023421576671551227,46.74481146304676,0.22978933383943823,-0.4333333333333333,-0.10781566435520266,-0.06930067761482528,1.0606557921328938,-0.6117168659243676,-0.4014821975189302,-0.7442865966646078,-0.618980083434551,0.025891850826454482,1.1847062284466763,Oil & Gas E&P,Energy,WTI
2022Q4,2022,Q4,2023-03-08,2022-12-31,43449000.0,189700000.0,40475000.0,0.3,77956000.0,0.4109435952,1431790000.0,7634000.0,570263000.0,792334000.0,1424156000.0,4417000.0,-544788000.0,800674200.0,1032754200.0,0.05320231375008711,0.7197255197934205,0.4843147388932735,90.83534189153785,0.04901199990314376,0.05320231375008711,5.691511658370448,4.220739061676331,4.606977145619002,104.88265653654703,0.0,25.298618972153044,0.0,0.13249149665802945,0.6834276958959227,0.030345930618316933,858.1717041800644,0.4109435951502372,-0.3478260869565218,0.7861729852396938,0.41141253206536404,1.012785631752163,-0.5353760512090021,-0.34879573147884474,-0.7069492310811202,3.45915648879981,0.22521442617995252,1.0300332304224171,Oil & Gas E&P,Energy,WTI
2022Q3,2022,Q3,2022-11-09,2022-09-30,66721000.0,266485000.0,138116000.0,0.46,167783000.0,0.6296151753,1490304000.0,-55017000.0,610571000.0,380771000.0,1545321000.0,49308000.0,-588237000.0,838659760.0,1105384760.0,-0.38442242656306774,1.603512347316366,0.4789995866615134,-12.975171310685788,0.16516355267090085,-0.38442242656306774,-1.2127342457785775,3.1471180741880405,3.1424130333777973,-15.243647599832778,0.0,2.001744138882129,0.0,0.17881251073606458,1.4526841592453206,0.04477006033668299,10.383821905257163,0.6296151753381991,-0.4588235294117647,50.45086613695922,1.3228619756778595,0.9114523970954324,-0.0536293438471214,-0.4594688745584756,-0.14913383110322564,-0.13658084446015364,0.9795547486808699,0.7904238782396419,Oil & Gas E&P,Energy,WTI
2022Q2,2022,Q2,2022-08-08,2022-06-30,123436000.0,273808000.0,162324000.0,0.85,177291000.0,0.6475011687,1439808000.0,-124369000.0,547739000.0,383531000.0,1564177000.0,4417000.0,-654958000.0,617846400.0,949295400.0,-0.8695916655013285,1.4281479202463425,0.4925469229230564,-5.702168546824369,0.21712038499669553,-0.8695916655013285,-0.9924981305630824,2.2564950622333897,1.2513496872873393,-4.967848901253528,0.0,21.851256508942722,0.0,0.1901698004178335,1.2782513017200696,0.08573087522780815,3.345134813210612,0.6475011687021562,50.41860465116279,2.563462212705311,1.1353653325077482,0.7999620829373371,0.5069230180788944,51.238502238502235,0.6624914224848677,2.333944157435016,0.9978455728167234,0.6351025811612832,Oil & Gas E&P,Energy,WTI
2022Q1,2022,Q1,2022-05-04,2022-03-31,-2457000.0,191004000.0,97639000.0,-0.0172,117651000.0,0.6159609223,1350147000.0,-249385000.0,429867000.0,426468000.0,1599532000.0,98378000.0,-778394000.0,546038440.0,1063225440.0,-1.7446586727483875,1.0079701173358846,0.5426535036555279,-2.9378751729253967,0.15385768199578648,-1.7446586727483875,0.009852236501794414,2.8587801302590523,-55.55946682946683,-2.189540028470036,0.0,0.7456240216308524,0.0,0.14146904003786254,0.7559512085314725,-0.0018198018437992308,-27.227047619047617,0.6159609222843501,-1.0505882352941176,-1.0972748697418184,0.4771698094831545,0.6208763324447323,0.11484776984961764,-1.05024128905611,0.2317580864913963,0.9494488850495149,0.6169033338511188,0.3423638507075717,Oil & Gas E&P,Energy,WTI
2021Q4,2021,Q4,2022-03-09,2021-12-31,48904000.0,165589000.0,79268000.0,0.34,105531000.0,0.6373068259,1193207000.0,-247180000.0,358259000.0,324376000.0,1440387000.0,0.0,-775937000.0,459916470.0,957357470.0,-1.735948703902689,1.1044559400202234,0.622892758758539,-3.0068775790921594,0.12773550440644585,-1.735948703902689,-0.19784772230763006,2.7774578625391784,2.351118875756584,-1.8606540577716644,0.0,0.0,0.0,0.13877642353757563,0.9571084173921622,0.04098534453787147,80.9854675118859,0.6373068259365054,2.2592592592592595,1.855291886336496,0.38315988628827446,0.6390509381954437,0.7139446501656597,2.288167737856917,4.176310306138804,-0.655507563729573,0.12921888869683168,0.255670758567519,Oil & Gas E&P,Energy,WTI
2021Q3,2021,Q3,2021-11-03,2021-09-30,-37964000.0,133946000.0,-24956000.0,-0.27,61572000.0,0.4596777805981515,1243346000.0,-296889000.0,382584000.0,379773000.0,1540235000.0,0.0,-824841000.0,529344840.0,1026167840.0,-2.0864037892576794,1.0074017900166679,0.6067554807752629,-2.5410405909279223,-0.04599750632223823,-2.0864037892576794,0.1278727066344661,3.9519271945410837,-3.485834211358129,-1.7829722219415338,0.0,0.0,0.0,0.10773026977205058,0.8134912171218069,-0.03053373718980879,9.63706743373143,0.4596777805981515,0.24999999999999992,-1.5358362684066107,-0.19155400954910645,0.7161401234334427,0.2950530035335689,0.26528874438767613,0.47880205505200285,-1.8014896156207219,-0.1475499341977033,0.36936310855564836,Oil & Gas E&P,Energy,WTI
2021Q2,2021,Q2,2021-08-04,2021-06-30,-51672000.0,132828000.0,-47882000.0,-0.36,47544000.0,0.35793657963682357,1139032000.0,-259783000.0,301823000.0,244397000.0,1398815000.0,0.0,-786877000.0,689883400.0,1247157400.0,-1.8263195635668288,1.234970151024767,0.6728713504098217,-2.9502392381333653,-0.07409988927297126,-1.8263195635668288,0.19890447026941716,5.193810040051797,-3.337800936677504,-2.6556141086984137,0.0,0.0,0.0,0.11661480976829448,1.1093344026317835,-0.04536483610644828,-226.11714192068175,0.35793657963682357,-67.59833780160858,0.7703146757938463,-0.2835698787486494,0.8323313978556405,-0.055504787635583454,-68.26541554959786,-4.1819510898458265,-2.3986581697618825,-0.13287410022603735,0.4999522069045367,Oil & Gas E&P,Energy,WTI
2021Q1,2021,Q1,2021-05-06,2021-03-31,-746000.0,125647000.0,15048000.0,-0.00524794057023869,50338000.0,0.4006303373737535,949690000.0,-208578000.0,133874000.0,160027000.0,1158268000.0,0.0,-735205000.0,510322090.0,1062542090.0,-1.467298858256361,0.8365713285883007,0.637659657361876,-2.9033694828793064,0.02894024023821344,-1.467298858256361,0.003576599641381162,4.061554115896121,-171.01946715817692,-2.446672659628532,0.0,0.0,0.0,0.13230317261422148,0.7406500153099165,-0.0007855194853057313,11.761554541473645,0.4006303373737535,0.9125343238293552,0.9978946422378879,-0.13073969471863758,0.8430393733780608,0.1963305368728759,0.916620096121605,42.117478510028654,-1.0263621674556727,-0.085596530486642,0.6259478857491624,Oil & Gas E&P,Energy,WTI
2020Q4,2020,Q4,2021-03-04,2020-12-31,-8947000.0,94748000.0,349000.0,-0.06,42077000.0,0.44409380672942966,940582000.0,-208286000.0,107228000.0,115000000.0,1148868000.0,0.0,-734459000.0,307534570.0,889488570.0,-1.4696904481340098,0.9324173913043479,0.6652051602093172,-3.0039464966440375,0.0004603347854331163,-1.4696904481340098,0.04295535945766878,3.245815953898763,-8.593231530121828,-1.476501397117425,0.0,0.0,0.0,0.10073337571843816,0.8121391304347826,-0.009512195640571475,21.3580505590666,0.44409380672942966,0.3333333333333333,0.9069976874921659,-0.5115883165556135,0.7877803293333789,5.86747184592786,0.32926006447259915,1.0178882624295233,-1.3723990771492476,-0.2862532935412961,0.6468025629903714,Oil & Gas E&P,Energy,WTI
2020Q3,2020,Q3,2020-11-05,2020-09-30,-13339000.0,72517000.0,-19510000.0,-0.09,6127000.0,0.08449053325427142,949480000.0,-199486000.0,111907000.0,128743000.0,1148966000.0,0.0,-725512000.0,254923200.0,824917200.0,-1.4085606959272439,0.8692278415137134,0.6598622403842103,-3.1407016031200183,-0.01723840682736266,-1.4085606959272439,0.06686684779884303,3.515357778176152,-4.777779443736413,-1.2779002035230544,0.0,0.0,0.0,0.07637548974175339,0.6858625323318549,-0.014048742469562286,12.729611505043444,0.08449053325427142,-1.2499999999999998,0.985024682579255,-0.6919848268991017,0.7751873758265405,1.8754107729675669,-1.2593157181571815,0.30423308726507614,-8.990470956553718,-0.3612339894170907,0.6755530776779878,Oil & Gas E&P,Energy,WTI
2020Q2,2020,Q2,2020-08-06,2020-06-30,-5904000.0,55241000.0,-28041000.0,-0.04,-6999000.0,-0.1266993718433772,942746000.0,-187222000.0,106112000.0,114447000.0,1129968000.0,0.0,-712173000.0,322841160.0,912687160.0,-1.32221727861466,0.9271715291794455,0.6643910448837756,-3.3455042676608517,-0.025068694562370663,-1.32221727861466,0.0315347555308671,5.84423091544324,-13.670442073170731,-1.7243761951052758,0.0,0.0,0.0,0.05859584660131149,0.6426206016758849,-0.006262556404376152,74.62809986130374,-0.1266993718433772,-1.0869565217391304,0.9878474170576683,-0.8013320212688771,-126.37247921273965,-1.2933115413628362,-1.0894816611094271,-1.3904833521326816,-1.1721549000300764,-0.5648586967734944,0.6958416222102866,Oil & Gas E&P,Energy,WTI
2020Q1,2020,Q1,2020-06-23,2020-03-31,65980000.0,124128000.0,71811000.0,0.46,23862000.0,0.1922370456303171,1008903000.0,-182337000.0,175783000.0,145421000.0,1191240000.0,0.0,-706269000.0,240628200.0,863584200.0,-1.2881819337883091,1.2087869014791537,0.6646129508981538,-3.6774214778130605,0.130679501267545,-1.2881819337883091,-0.3618574397955434,1.938548917246713,0.911746741436799,-1.3196893663929976,0.0,0.0,0.0,0.12303264040249658,0.6678884067638099,0.06539776370969261,4.943365449801754,0.1922370456303171,5.571428571428571,1.1386144247944798,-0.47991598322397244,-1.380286338434218,-0.6710051013373777,5.9023956480803434,3.262539324508815,1.6379712981047683,-0.0305621502960941,0.7200711710291687,Oil & Gas E&P,Energy,WTI
2019Q4,2019,Q4,2020-03-05,2019-12-31,9559000.0,151894000.0,16847000.0,0.07,72530000.0,0.47750404887618997,1003719000.0,-249365000.0,141752000.0,189960000.0,1253084000.0,0.0,-772249000.0,782675640.0,1472491640.0,-1.7714482592047964,0.7462202568961886,0.7195729083538321,-2.896352735949311,0.24170583983788393,-1.7714482592047964,-0.038333366751548935,5.152775224827841,20.46960037660843,-3.138674793976701,0.0,0.0,0.0,0.15133119926991517,0.5846546641398189,0.009523581799288446,-112.40494614390349,0.47750404887618997,-0.8679245283018868,1.1539540335617502,-0.5849170687147363,-1.26314967052337,0.8291637244023,-0.8740563116773608,-0.5240826012034239,-0.4354687279224638,0.28336719963416557,0.6316696537416071,Oil & Gas E&P,Energy,WTI
2019Q3,2019,Q3,2019-10-31,2019-09-30,75899000.0,132221000.0,35399000.0,0.53,39652000.0,0.299891847739769,1027070000.0,-257840000.0,200982000.0,228294000.0,1284910000.0,0.0,-781808000.0,614277790.0,1293362790.0,-1.834285429723904,0.8803647927672212,0.7018275287955057,-2.7956329506670805,0.27860589843172223,-1.834285429723904,-0.2943647223084083,4.645841356516741,2.02333953675279,-2.382399123487434,0.0,0.0,0.0,0.12873611340999153,0.7041840784251886,0.07389856582316687,-5.698785520126912,0.299891847739769,1.12,58.68882715686516,-0.6967283645513339,-1.2520853084506802,-0.18915381783976115,1.085767677045261,-0.052970919500254156,0.08444757738425397,-0.19214378963732173,0.750441387065102,Oil & Gas E&P,Energy,WTI
2019Q2,2019,Q2,2019-08-01,2019-06-30,36389000.0,134701000.0,37379000.0,0.25,48902000.0,0.36304110585667515,867803000.0,-334987000.0,253494000.0,209994000.0,1202790000.0,0.0,-857707000.0,695806650.0,1264512650.0,-2.383112679362866,1.2071487756793051,0.7310587771648634,-1.8938496120744983,0.18395599518714756,-2.383112679362866,-0.10862809601566628,5.165564101231617,4.780336434087224,-2.077115380596859,0.0,0.0,0.0,0.1552207125349878,0.9542796460851263,0.04193232795922577,-34.62241379310345,0.36304110585667515,1.7352941176470589,0.9896404017468055,-0.7245187017977013,-1.3255863150439555,0.5272806770979731,1.7618977827097422,2.2067084194214877,1.1636811533217835,-0.2647998220222998,0.781213989231491,Oil & Gas E&P,Energy,WTI
2019Q1,2019,Q1,2019-05-02,2019-03-31,-47761000.0,116080000.0,-30976000.0,-0.34,32019000.0,0.2758356305995865,842515000.0,-372635000.0,233247000.0,218640000.0,1215150000.0,0.0,-894096000.0,991661720.0,1539550720.0,-2.652923922484373,1.0668084522502743,0.7525147920215071,-1.7014102271659934,-0.11894232680188378,-2.652923922484373,0.12817099843009916,8.542916264645072,-5.190750403048512,-2.6612146470406697,0.0,0.0,0.0,0.1377779624101648,0.9107208196121478,-0.0566886049506537,18.61786046860919,0.2758356305995865,-1.3541666666666667,-3.2961076601651937,-0.7546690049951501,-1.3662260742946213,-0.5802163225172075,-1.3439903776900695,-1.3016927362331263,0.863588318949338,-0.18727017947234545,0.7162100965932005,Oil & Gas E&P,Energy,WTI
2018Q4,2018,Q4,2019-02-28,2018-12-31,138844000.0,143422000.0,102674000.0,0.96,76275000.0,0.5318221751195772,848866000.0,-324796000.0,226213000.0,186294000.0,1173662000.0,0.0,-846335000.0,573767680.0,1174009680.0,-2.332232306985294,1.2142795795892514,0.7463309874585624,-1.9505628148129903,0.33214775192325036,-2.332232306985294,-0.42748063399795566,4.000555563302701,1.0331157270029674,-1.7665478638899497,0.0,0.0,0.0,0.16895717345258263,0.8041429138887994,0.16356409609997338,-28.518697748397038,0.5318221751195772,1.9999999999999996,7.315323344927083,-0.6834214113954009,-1.3248110516365397,0.04702878557015196,2.001383484651967,0.796664741806219,2.4687191926568617,-0.24763755282206149,0.6632314153399583,Oil & Gas E&P,Energy,WTI
2018Q3,2018,Q3,2018-11-01,2018-09-30,46260000.0,153459000.0,57147000.0,0.32,72849000.0,0.4747131155552949,1102349000.0,-459776000.0,489977000.0,446818000.0,1562125000.0,0.0,-985179000.0,1367484480.0,2012358480.0,-3.308407448982529,1.0965919009529608,0.8925821132871713,-2.1400355825445434,0.10869202022308919,-3.308407448982529,-0.10061421213808464,8.911073837311594,7.3902101167315175,-2.9742406737193763,0.0,0.0,0.0,0.13921090326203409,1.0525045991880362,0.04196493125135506,8.988506937825775,0.4747131155552949,0.28,0.7643384551791155,-0.6602989495814293,-1.4197099273046019,0.05722288334832961,0.2820441759277222,0.17909092784781397,1.0529258621311337,-0.33574597588999344,0.47196328664334625,Oil & Gas E&P,Energy,WTI
2018Q2,2018,Q2,2018-08-02,2018-06-30,36083000.0,149612000.0,48467000.0,0.25,68906000.0,0.4605646605887228,958152000.0,-507409000.0,286589000.0,342287000.0,1465561000.0,0.0,-1031439000.0,993342350.0,1849618350.0,-3.652290018642616,0.8372769050533616,1.0287678781654686,-1.9426458734472585,0.10101676566767089,-3.652290018642616,-0.07111225855276512,6.639456393872149,6.88234313942854,-1.9576758591195662,0.0,0.0,0.0,0.15614641518255976,0.7774732899584267,0.03765895181557832,76.95555856832972,0.4605646605887228,0.3157894736842105,-0.12765169911160423,-0.655848969048962,-1.4719110170297633,0.281328448965171,0.3054630969609262,0.25111644595885285,1.0756982824563726,-0.451604462096845,-350.8341818720317,Oil & Gas E&P,Energy,WTI
2018Q1,2018,Q1,2018-05-03,2018-03-31,27640000.0,134213000.0,38739000.0,0.19,53777000.0,0.4006839873931735,942176000.0,-544649000.0,278788000.0,171616000.0,1486825000.0,0.0,-1067522000.0,615083350.0,1474711350.0,-3.922712377111167,1.624487227298154,1.0511188992290188,-1.818306836145848,0.08657773456082705,-3.922712377111167,-0.050748280084972154,4.58288951144822,5.563344337916063,-1.1293206266788336,0.0,0.0,0.0,0.14245003056753727,1.5068000652619802,0.029336344801820468,11.419191853557107,0.4006839873931735,0.1875,-0.4375487795025338,-0.7195567621899015,-1.5230719027957944,-0.1760713355498016,0.18296597474855553,0.16803352831212687,1.0591972470933266,-0.42672145372552095,-2.1580304671990045,Oil & Gas E&P,Energy,WTI
2017Q4,2017,Q4,2018-03-02,2017-12-31,23365000.0,129099000.0,33166000.0,0.16,65269000.0,0.5055732422404511,907580000.0,-573508000.0,190680000.0,168262000.0,1481088000.0,0.0,-1095162000.0,456204060.0,1349198060.0,-4.161101678928504,1.1332326966278778,1.093073888803191,-1.72979627136849,0.08463883940517605,-4.161101678928504,-0.04074049533746696,3.5337536309343993,4.881276053926814,-0.7954624172635779,0.0,0.0,0.0,0.1422453117080588,1.0534820696295064,0.025744287005002312,-20.831235616438356,0.5055732422404511,17.0,-0.24263289134906607,-0.7058578407470782,-1.5725881110037856,0.907892429114294,19.014649190439474,1.112484076433121,1.3843441443840092,-0.639676151431384,-1.6181340776590447,Oil & Gas E&P,Energy,WTI
2017Q3,2017,Q3,2017-11-02,2017-09-30,-1297000.0,110281000.0,15700000.0,-0.01,34210000.0,0.31020756068588423,887371000.0,-597271000.0,193902000.0,159434000.0,1484642000.0,0.0,-1118527000.0,419603750.0,1307203750.0,-4.341421043067418,1.2161897713160306,1.119896863882187,-1.663841036983212,-0.012265948679010262,-4.341421043067418,0.002171543570673949,3.8048598579991113,-80.87967424826523,-0.7025349464480948,0.0,0.0,0.0,0.12427834581026426,1.121649083633353,-0.0014616209003900284,14.274664058513352,0.31020756068588423,-1.0434782608695652,0.5236409878648479,-0.6795790249132939,-1.5460164504180716,-0.2509797911238587,-1.0389314122767521,-0.5226222330333252,-2.0421754109666925,-0.7415503751929006,-1.5966402202304217,Oil & Gas E&P,Energy,WTI
2017Q2,2017,Q2,2017-08-04,2017-06-30,33315000.0,123323000.0,32888000.0,0.23,45673000.0,0.3703526511680708,874971000.0,-597957000.0,165608000.0,156254000.0,1472928000.0,0.0,-1117230000.0,269601920.0,1192765920.0,-4.347134174712109,1.0598640674798725,1.1377337077457423,-1.6648086735333811,0.11323744878512555,-4.347134174712109,-0.055714708582724176,2.18614467698645,2.0231271199159537,-0.45087175164769366,0.0,0.0,0.0,0.14094524275661707,0.919426062692795,0.038075547646722004,-7.476481419855796,0.3703526511680708,0.3529411764705882,-0.6639765415908401,-0.6908297388327381,-1.5428229683370458,0.21745968279354924,0.3710440758878966,0.16640658249397078,0.8614902016217846,-0.7422599853857704,-1.5939154322004474,Oil & Gas E&P,Energy,WTI
2017Q1,2017,Q1,2017-05-04,2017-03-31,24299000.0,124393000.0,28196000.0,0.17,37515000.0,0.30158449430434187,854500000.0,-632810000.0,216970000.0,198700000.0,1487310000.0,0.0,-1150545000.0,380911010.0,1273800010.0,-4.6018194643415535,1.0919476597886262,1.192491515506144,-1.6102526824797332,0.10616721697954647,-4.6018194643415535,-0.038398571451146474,3.0621579188539547,3.918998827112227,-0.6019358259193123,0.0,0.0,0.0,0.14557401989467525,1.0057121288374433,0.028436512580456406,6.683587345592364,0.30158449430434187,0.4166666666666668,3.0798802695944443,-0.7150695704100851,-1.628040296759422,-0.29648382559774966,0.47418552447976703,0.3225761058210985,0.1932249570291766,-0.731461812193991,-1.635263703853276,Oil & Gas E&P,Energy,WTI
2016Q4,2016,Q4,2017-03-02,2016-12-31,16483000.0,115213000.0,21319000.0,0.12,53325000.0,0.4628383949727895,829726000.0,-659037000.0,191741000.0,203029000.0,1488763000.0,0.0,-1174844000.0,379575870.0,1330066870.0,-4.809400792521401,0.9444020312369169,1.2301976797159544,-1.5488159238403914,0.055517325728820656,-4.809400792521401,-0.0250107353608371,3.2945576454045984,5.757081083540617,-0.5759553257252628,0.0,0.0,0.0,0.1388566828085416,0.8729639608134798,0.01986559418410415,-317.3711287625418,0.4628383949727895,-0.75,-0.8059850617687982,-0.7614729528917811,-1.6561798376057983,3.18563579277865,-0.6411121755791674,1.365828128217448,1.761947013312474,-0.741543602042555,-1.669807430624163,Oil & Gas E&P,Energy,WTI
2016Q3,2016,Q3,2016-11-03,2016-09-30,45928000.0,107403000.0,-58276000.0,0.48,12740000.0,0.11861866055882983,832597000.0,-677997000.0,142956000.0,223034000.0,1510594000.0,0.0,-1191327000.0,162347680.0,1111980680.0,-7.3501187081946595,0.6409605710340127,1.2286664496749329,-1.508832634952662,-0.18411124435509924,-7.3501187081946595,-0.06774071271701793,1.511574909453181,0.8837075422400279,-0.23945191497897483,0.0,0.0,0.0,0.12899758226368818,0.5685725046405481,0.05516234144490072,-37.97606549707602,0.11861866055882983,1.3037974683544304,-0.3035971909981051,-0.6487133517757063,-1.996565801366935,11.374592833876221,1.3798150874117199,0.5411230186539839,1.6390504593341577,-0.6418088701003838,-1.9324479636404255,Oil & Gas E&P,Energy,WTI
2016Q2,2016,Q2,2016-08-05,2016-06-30,-120922000.0,99655000.0,-126997000.0,-1.58,-1228000.0,-0.01232251266870704,998354000.0,-832803000.0,250667000.0,216818000.0,1831157000.0,0.0,-1237255000.0,177380240.0,1350607240.0,-10.89243627136822,1.1561171120478928,1.3472686041223854,-1.615089042666753,-0.19138361231502726,-10.89243627136822,0.145198804519196,1.7799432040539862,-0.3667245000909677,-0.2129918360044332,0.0,0.0,0.0,0.09981930257203357,1.0719082364010368,-0.12112136576805421,-3.868116972327017,-0.01232251266870704,0.3654618473895583,-3.1217529137726956,-0.6185441201607507,-2.634510235340087,0.9659880902922033,0.3652688324436116,0.23777713757547386,-6.312124673757288,-0.5834593444363877,-2.407407586066687,Oil & Gas E&P,Energy,WTI
2016Q1,2016,Q1,2016-05-05,2016-03-31,-190509000.0,77715000.0,-166614000.0,-2.49,-36105000.0,-0.46458212700250917,1298795000.0,-714464000.0,438567000.0,374962000.0,2013259000.0,0.0,-1116333000.0,167377320.0,1281707320.0,-9.34819699586539,1.1696305225596193,1.1433313186453598,-2.078415427509294,-0.2108414478346199,-9.34819699586539,0.26664604514713125,2.153732484076433,-0.21964489866620476,-0.23426977426434362,0.0,0.0,0.0,0.05983623281580234,1.1081976306932435,-0.14668134694081822,9.959378793288112,-0.46458212700250917,-2.661764705882353,-10.891511220232397,-0.6431188193443349,-2.575002209457295,-12.5536,-2.691605627252645,-1.7396408839779005,-8.042714320214701,-0.7049925458495314,-2.2465301353392255,Oil & Gas E&P,Energy,WTI
2015Q4,2015,Q4,2016-03-09,2015-12-31,-51606000.0,104064000.0,-60816000.0,-0.68,3125000.0,0.03002959717097171,1208022000.0,-526491000.0,169310000.0,227493000.0,1734513000.0,0.0,-925824000.0,175615440.0,1287056440.0,-6.925326212774913,0.7442426799945493,0.990755963053653,-2.273267729172958,-0.052983644660268836,-6.925326212774913,0.09801876955161627,1.6875714944649447,-0.8507510754563422,-0.33355829444377966,0.0,0.0,0.0,0.08614412651425223,0.6260895939655287,-0.042719420672802315,-4.42556927574215,0.03002959717097171,0.8918918918918919,-3.4482089698658855,-0.4581668328854035,-2.2151994011760587,1.1516916654531333,0.8919399959796301,0.8702101913682606,-4.032643003377402,-0.5701515657511296,-1.9529590383090278,Oil & Gas E&P,Energy,WTI
2015Q3,2015,Q3,2015-11-06,2015-09-30,-477568000.0,126228000.0,-468573000.0,-6.29,-20601000.0,-0.16320467725068924,1599971000.0,-475751000.0,123694000.0,260098000.0,2075722000.0,0.0,-874218000.0,227796000.0,1693681000.0,-6.265487541484486,0.47556690170627997,0.9208591905728292,-3.096888918783145,-0.45216674905093907,-6.265487541484486,1.0038192247625333,1.8046392242608613,-0.11924793956043957,-0.4788134969763595,0.0,0.0,0.0,0.07889392995248039,0.3608370691047221,-0.2984854100480571,3.648296737615913,-0.16320467725068924,-0.8338192419825072,-18.04328329325827,-0.2777472886364515,-2.020274192028657,-2.9624927870744373,-0.8336334560700943,-0.680641736547994,-316.792988416807,-0.33550667032829984,-1.7880044883006487,Oil & Gas E&P,Energy,WTI
2015Q2,2015,Q2,2015-08-06,2015-06-30,-260449000.0,149066000.0,-278806000.0,-3.43,-5199000.0,-0.0348771685025425,2084977000.0,-788000.0,124346000.0,219472000.0,2085765000.0,0.0,-396650000.0,415986800.00000006,1879185800.0,-0.010380714003425108,0.5665688561638842,0.7045017762785872,-1864.048223350254,-0.16239357257213397,-0.010380714003425108,330.5190355329949,2.790621603853327,-0.39929775119121214,-527.9020304568528,0.0,0.0,0.0,0.07149527308934343,0.41115039731719766,-0.12491696551089053,-10.559916736476024,-0.0348771685025425,-0.02083333333333342,-10.069252822245216,-0.19481427839793983,-1.0017926362225844,0.9077406303236797,-0.020988259275956017,0.17392772912049492,-5.760147300758955,-0.3228261986533927,-1.0012962309793831,Oil & Gas E&P,Energy,WTI
2015Q1,2015,Q1,2015-05-07,2015-03-31,-255095000.0,127907000.0,-337508000.0,-3.36,-56352000.0,-0.440570101714527,2339061000.0,256958000.0,105826000.0,202168000.0,2082103000.0,0.0,-136201000.0,387629270.0,1805699270.0,3.3873999762711415,0.5234557397807764,0.6098331766465261,5.55124572887398,-0.14259560589630838,3.3873999762711415,-0.9927497879030814,3.030555559898989,-0.3798871694858778,1.5085316277368288,0.0,0.0,0.0,0.054683054439366906,0.41444739028926436,-0.10905872057205862,-4.712875171734611,-0.440570101714527,-6.636363636363636,-6.853877801825702,-0.267609118654311,-0.37619625878549195,-28.395235780262517,-6.644212040394354,-10.050257014700586,-78.64420670396696,-0.46888899857153,-0.5376994463113762,Oil & Gas E&P,Energy,WTI
2014Q4,2014,Q4,2015-03-06,2014-12-31,-33371000.0,196677000.0,-30543000.0,-0.44,2057000.0,0.010458772505173457,2709107000.0,509308000.0,182562000.0,284498000.0,2199799000.0,0.0,118894000.0,555329720.0,1891720720.0,6.731713764572153,0.6416987114144915,0.5020314812224101,2.6704018000895333,-0.010763771910749906,6.731713764572153,-0.06552223801707414,2.8235620840260935,-4.1602717928740525,1.090361274513654,-0.22669383596535914,0.0,0.013622537616031067,0.07259846141182316,0.4729488432256114,-0.012318081197974092,-6.470489018351296,0.010458772505173457,-45.0,-1.6483164036160127,0.08735430210627296,0.381412552997311,-0.9270800099259102,-49.788011695906434,-2.455606919887528,-1.7114298816846139,-0.2625141497955175,-0.08154569864203762,Oil & Gas E&P,Energy,WTI
2014Q3,2014,Q3,2014-11-06,2014-09-30,684000.0,234521000.0,20983000.0,0.01,28209000.0,0.1202834714162058,2652024000.0,550194000.0,180368000.0,352194000.0,2101830000.0,0.0,159930000.0,831743000.0,2075188000.0,7.27644717178263,0.5121268391852217,0.47535957442315757,2.291309974299974,0.004991011245073093,7.27644717178263,0.0012431978538479155,3.546560862353478,303.999634502924,1.5117267727383432,11.06140350877193,0.0,0.009096559874865193,0.08843094934284154,0.41969198793846574,0.0002579162179527787,-23.106539615512833,0.1202834714162058,-0.9230769230769231,1.5108699360164537,0.3862506264461595,0.6652839765500774,-0.5800107197093768,-0.9304666056724611,-0.390117715448336,-0.9873475091557595,-0.0642412042074367,-0.0134229534596411,Oil & Gas E&P,Energy,WTI
2014Q2,2014,Q2,2014-08-07,2014-06-30,9837000.0,262994000.0,34405000.0,0.13,67166000.0,0.2553898568028168,2549772000.0,553387000.0,183612000.0,280919000.0,1996385000.0,0.0,166911000.0,1237653850.0,2438068850.0,7.319449771840487,0.6536118952438247,0.4801456757702257,2.2123071196106885,0.012600093166800061,7.319449771840487,0.017775986786823687,4.706015536476118,31.454047219680795,2.2365069110766966,0.7691369319914608,0.0,0.006113179383718637,0.10314412425895335,0.5160491102417423,0.0038579920086972484,-62.284427054501535,0.2553898568028168,-0.13333333333333328,2.625661808493286,0.7259903406852593,0.6655794360344667,-0.01667520679306054,-0.12083296094378407,-0.07575554063129618,-0.8254503860671177,0.018023483185821868,0.09835075194138905,Oil & Gas E&P,Energy,WTI
2014Q1,2014,Q1,2014-05-08,2014-03-31,11189000.0,254516000.0,37225000.0,0.15,68305000.0,0.2683721259174276,2494604000.0,547324000.0,172030000.0,266033000.0,1947280000.0,0.0,164738000.0,1307874360.0,2481386360.0,7.243951506167611,0.6466490999236937,0.47857174926361057,2.181243650927056,0.013411048798878436,7.243951506167611,0.020443101343993686,5.138672460670449,29.222324604522296,2.389579773589318,0.6759317186522478,0.0,0.005782665545947395,0.10202661424418465,0.5451015475523713,0.004485281030576396,56.46394508483357,0.2683721259174276,1.9375,1.0487134325244243,1.1774105177991085,0.6515523792561569,0.5274951360780017,1.9413595827023389,59.04032258064516,-0.41234564167330473,0.18227204800698873,0.22047488221115533,Oil & Gas E&P,Energy,WTI
2013Q4,2013,Q4,2014-03-07,2013-12-31,-11886000.0,244928000.0,620000.0,-0.16,44717000.0,0.18257202116540372,2507302000.0,540610000.0,173602000.0,293104000.0,1966692000.0,0.0,161212000.0,1204656000.0,2394277000.0,7.180273870714959,0.5922880615754135,0.48076418397145615,2.229742328110838,0.00022851176766687032,7.180273870714959,-0.021986274763692866,4.9184086752025085,-25.33770822816759,2.228327259947097,-3.304391721352852,0.0,0.03260349842610671,0.09768587908437038,0.4901195480102626,-0.00474055379048874,-9.570712407344143,0.18257202116540372,-1.8421052631578947,0.9859267464668424,1.2797462637893648,-0.04760672058926106,-0.33897528382213815,-1.8373960828519094,-0.9806037853902706,-1.5693661757738908,0.2876895097970899,0.2599355235970481,Oil & Gas E&P,Energy,WTI
2013Q3,2013,Q3,2013-11-08,2013-09-30,14194000.0,244555000.0,31965000.0,0.19,67648000.0,0.27661671198707855,2423700000.0,593032000.0,181249000.0,317328000.0,1830668000.0,0.0,212594000.0,1333128760.0,2370885760.0,7.882604708040355,0.5711724146624313,0.4344531088831126,1.7755938971252816,0.012401225588096601,7.882604708040355,0.02393462747372823,5.4512431150456955,23.480498097787795,2.247987899472541,0.47731435817951245,0.0,0.0050820297358223675,0.10090151421380533,0.4157842988957798,0.005856335355035689,24.575614054492497,0.27661671198707855,-0.3448275862068965,-0.8168279553603254,-0.14857917356179756,-0.5855448480294866,0.11169906821580582,-0.3662261118056796,-0.4061089125466808,-0.4887429567762454,0.41229845876677007,0.28360611944839426,Oil & Gas E&P,Energy,WTI
2013Q2,2013,Q2,2013-08-08,2013-06-30,22396000.0,235383000.0,53823000.0,0.29,60851000.0,0.2585190944120858,2420014000.0,582178000.0,189637000.0,259569000.0,1837836000.0,0.0,205247000.0,1095246880.0,2185507880.0,7.739361631415924,0.7305841606663354,0.4543515037516312,1.8886611998392244,0.020585890948721583,7.739361631415924,0.038469334121179435,4.6530415535531455,12.225920700125021,1.8812921134086138,0.30250937667440614,0.0,0.006185819949562422,0.0972651397884475,0.5872157306920318,0.009254491916162469,-30.486190502699994,0.2585190944120858,-0.17142857142857143,-0.8317920414169314,-0.48380541657083176,-0.5691572825997014,-0.2822143059356422,-0.15861447141032384,-0.10772367832098274,-0.2130128973628804,0.2830420867538297,0.3365034424008957,Oil & Gas E&P,Energy,WTI
2013Q1,2013,Q1,2013-05-08,2013-03-31,26618000.0,259222000.0,60321000.0,0.35,84776000.0,0.3270401431977224,2362057000.0,563998000.0,214700000.0,262509000.0,1798059000.0,0.0,189699000.0,1023553660.0,2071355660.0,7.499375049863043,0.8178767204172047,0.4487948428001526,1.879579360210497,0.023811129256766886,7.499375049863043,0.04719520281986816,3.9485601530734273,9.613359944398526,1.8148178894251397,0.22616274701329928,0.0,0.00588146985864913,0.10974417636830949,0.7272322091813995,0.011268991391825007,30.928677705928568,0.3270401431977224,0.6666666666666666,-0.662919499838034,-0.26512721062388045,-0.537391373156448,1.2437247545531647,0.5968564400983862,0.2906752824375214,-0.38388710334325515,0.49714424580581634,0.38104098885452864,Oil & Gas E&P,Energy,WTI
2012Q4,2012,Q4,2013-02-27,2012-12-31,16669000.0,237146000.0,46736000.0,0.21,-347835000.0,-1.466754657468395,2348987000.0,541187000.0,240123000.0,274609000.0,1807800000.0,0.0,169167000.0,1193754100.0,2269120100.0,7.267181415335034,0.8744178085933091,0.46301277955135556,2.0096768769390247,0.015807674824245364,7.267181415335034,0.030800813766775625,5.033836117834583,17.903804967304577,2.2058070500584828,3.8984942108104867,0.0,0.054436671673002,0.1009567102755358,0.7803859305412423,0.0070962504262475695,-3.8595846697015155,-1.466754657468395,11.499999999999998,-0.6556821149790435,-0.2869874015407409,-0.5202569942501174,-2.8843347255854774,12.331747110808973,5.182010582010582,-0.6709962571760449,0.33200792394972556,0.4912956764272979,Oil & Gas E&P,Energy,WTI
2012Q3,2012,Q3,2012-11-01,2012-09-30,-1471000.0,185946000.0,7560000.0,-0.02,184593000.0,0.9927236939756704,1926652000.0,590980000.0,189893000.0,258105000.0,1335672000.0,0.0,218545000.0,1415929350.0,2105136350.0,7.9510810338100555,0.7357199589314426,0.37318623186750904,1.216623235980913,0.002328376132201254,7.9510810338100555,-0.0024890859250736065,7.614734116356361,-240.64061012916386,2.3959006226945077,-4.044867437117607,0.0,0.004202187065336275,0.09651249940310964,0.5168904128164894,-0.0007635006218040414,-86.43729625785971,0.9927236939756704,-1.0285714285714287,-1.041231091256749,-0.25780407375961856,-0.46967762825851017,-0.13813276807141722,-1.027460936770773,-0.9237134207870837,-0.11767820478941363,0.11814138945387992,0.819680337019652,Oil & Gas E&P,Energy,WTI
2012Q2,2012,Q2,2012-07-31,2012-06-30,53567000.0,215513000.0,99100000.0,0.7,214178000.0,0.9938054780918089,1872818000.0,595167000.0,199298000.0,250098000.0,1277651000.0,0.0,226100000.0,1137065400.0,1808512400.0,8.00838289512635,0.7968796231877104,0.363089205678288,1.1425364645553264,0.047457547481712124,8.00838289512635,0.09000330999534585,5.276087289397855,5.306743890828309,1.910498061888512,0.11107584893684544,0.0,0.005232768493351394,0.11507418232844836,0.45752065190445346,0.02860235217730714,109.94637400889576,0.9938054780918089,16.499999999999996,0.20130160850779266,-0.19281496835362147,-0.4483772601843849,-0.0862752292012406,15.64605344934742,5.227612643750393,10.005780554690318,0.43887311138107593,0.8223498052174764,Oil & Gas E&P,Energy,WTI
2012Q1,2012,Q1,2012-05-09,2012-03-31,3218000.0,235886000.0,15913000.0,0.04,234401000.0,0.9937045861136311,1842341000.0,544416000.0,158296000.0,260871000.0,1297925000.0,0.0,178954000.0,1566243999.9999998,2241736000.0,7.327267833109017,0.6067979959443557,0.37126677417481346,1.2563921706929995,0.008018124966341685,7.327267833109017,0.005910921060365603,6.639834496324495,121.67837165941579,2.8769249985305354,1.848353014294593,0.0,0.0037976202941559555,0.1280360150482457,0.47975052803876245,0.001746690759202558,36.398038623318065,0.9937045861136311,-0.9354838709677419,-0.7452299912721874,-0.013061974418752249,-0.46805014043377907,-0.09778797338023995,-0.9301421903831543,-0.8033878620144311,1.0142470071643739,1.0521426068850195,0.6705477132080487,Oil & Gas E&P,Energy,WTI
2011Q4,2011,Q4,2012-02-27,2011-12-31,46065000.0,261899000.0,80936000.0,0.62,259807000.0,0.9920121879044975,1868925000.0,544574000.0,161188000.0,287885000.0,1324351000.0,0.0,181820000.0,1575903000.0,2288391000.0,7.329394347240915,0.559904128384598,0.38364300333079177,1.316625472387591,0.042991662213242535,7.329394347240915,0.0845890549310103,6.017216560582515,8.552605014653208,2.8938271015509374,1.081515250189949,0.0,0.031613620889102946,0.1401334992040879,0.4476301300866666,0.024647859063365304,68.92809342605958,0.9920121879044975,-0.11428571428571424,0.24692307476917114,0.02181439711535056,-0.46138244736609335,0.06338382701446048,-0.12966671704957677,-0.15101801055248446,1.0552693189242999,1.4702230406961692,-0.027827344172285284,Oil & Gas E&P,Energy,WTI
2011Q3,2011,Q3,2011-11-03,2011-09-30,52928000.0,245371000.0,95333000.0,0.7,244321000.0,0.9957207656976579,1841199000.0,545997000.0,155898000.0,281531000.0,1295202000.0,0.0,186197000.0,1018639040.0,1704973040.0,7.375447459779275,0.5537507414813999,0.37692829509466386,1.2710692549592764,0.049776040560066556,7.375447459779275,0.09693826156553974,4.151423925402757,4.811437424425635,1.8656495182207962,0.0562840084643289,0.0,0.002924490308166473,0.13326696353843337,0.39197459604803736,0.028746485306585547,35.07830985915493,0.9957207656976579,-0.04109589041095894,-0.22286624407854774,0.125922164867225,-0.46994973563761183,-0.03076837632945489,-0.040724966017217944,-0.17562671324680265,-0.30586111616015205,-0.13184463632889618,-0.6122103909795971,Oil & Gas E&P,Energy,WTI
2011Q2,2011,Q2,2011-08-04,2011-06-30,55175000.0,252922000.0,115643000.0,0.73,252077000.0,0.9966590490348803,1772464000.0,493272000.0,162613000.0,279304000.0,1279192000.0,0.0,136247000.0,1933402400.0,2643542400.0,6.664036746825182,0.5822079168218143,0.4055653598606234,1.4573095574044341,0.06192059546333599,6.664036746825182,0.11185512252874681,7.644263448810305,8.760318985047576,3.9195462138536143,0.05397371998187585,0.0,0.0015402898020608641,0.1426951407757788,0.4241256838426947,0.03112898202727954,-6.764239907356548,0.9966590490348803,1.92,0.2851838832384038,0.36678821174938664,-0.30449667092283816,0.1971344037764702,1.9586036784814198,2.079871098327474,-0.5788663037475681,-0.4363279174761124,-0.6290195706577512,Oil & Gas E&P,Energy,WTI
2011Q1,2011,Q1,2011-04-27,2011-03-31,18649000.0,210855000.0,37548000.0,0.25,210567000.0,0.9986341324606958,1427153000.0,439240000.0,196330000.0,225560000.0,987913000.0,0.0,84051000.0,1686551160.0,2078158160.0,5.935354845684017,0.8704114204646214,0.3153130743515236,1.0244968582096348,0.02731263884281716,5.935354845684017,0.042457426463892174,7.998630148680372,22.60913668293206,3.8397030325107,0.1597404686578369,0.0,0.0017663264955449084,0.14774519620531226,0.7426715729739315,0.01306727449684792,51.549688541125406,0.9986341324606958,-0.10714285714285723,-0.7035295408023902,0.1543082640806742,-0.3487872045371719,0.0493511541681617,-0.09113504556752279,0.1026341291516166,-0.7600001038567252,-0.3925346516731179,-0.633869977600167,Oil & Gas E&P,Energy,WTI
2010Q4,2010,Q4,2011-03-04,2010-12-31,20519000.0,186956000.0,34053000.0,0.28,200664000.0,1.0733220650848327,1424094000.0,421743000.0,164205000.0,241636000.0,1002351000.0,0.0,68380000.0,1322451480.0,2042537480.0,5.698921679909194,0.6795551987286662,0.3159903770397179,1.067000519273586,0.024213562813268714,5.698921679909194,0.04865285256661047,7.073597423992811,16.11252351479117,3.1356809241647166,2.541156976460841,0.0,0.039428289648857286,0.13128065984408333,0.5586708934099224,0.01440845899217327,-13.211699451532015,1.0733220650848327,-0.22222222222222213,-0.6418980077209295,0.0855425122802963,-0.31112072436744564,0.2184198382435091,-0.24529204060614976,-0.07582706868944554,-0.5734868886606074,-0.43435107400391076,-0.6237856659965103,Oil & Gas E&P,Energy,WTI
2010Q3,2010,Q3,2010-11-05,2010-09-30,27188000.0,169575000.0,36847000.0,0.36,164692000.0,0.9712044817927171,1423403000.0,452437000.0,297753000.0,222090000.0,970966000.0,0.0,99977000.0,780955000.0,1050444000.0,6.140984051577876,1.3406862082939348,0.3161437765692499,0.9946136147132086,0.03984998463619201,6.140984051577876,0.060092344348494926,4.605366357069143,7.18106333676622,1.7261077232852309,0.10982786523466236,0.0,0.0038235237625727472,0.119133513137179,1.1995857535233463,0.01910070443858837,7.061139793307354,0.9712044817927171,-0.027027027027027053,-0.5387173396674585,-0.004213026628328601,-0.17564453433720525,-0.0624281273838937,-0.02447075708647291,-0.08290606799741151,-0.23119556949737038,-0.3171583373288348,-0.5904077428954496,Oil & Gas E&P,Energy,WTI
2010Q2,2010,Q2,2010-08-04,2010-06-30,27870000.0,179667000.0,40178000.0,0.37,175658000.0,0.9776864977987054,1341450000.0,426599000.0,223567000.0,204600000.0,914851000.0,0.0,75772000.0,696908740.0000001,1074010740.0,5.7907532340604595,1.092702834799609,0.3354579000335458,1.0548547933773873,0.04127677493322428,5.7907532340604595,0.06533067353650618,3.8788911708883664,6.251423932543954,1.633638944301323,0.08040904198062433,0.0,0.0032156290650049817,0.1339349211673935,0.8936656891495601,0.020776025942077603,-76.650763308403,0.9776864977987054,-0.35087719298245607,-0.4517191143033118,0.08038435734242377,-0.13207343461759483,0.06608646043855337,-0.34136830911024457,-0.27881387876720937,-0.36947698766213233,-0.32114474759625306,-0.6011290660799294,Oil & Gas E&P,Energy,WTI
2010Q1,2010,Q1,2010-05-05,2010-03-31,42315000.0,169585000.0,55711000.0,0.57,164769000.0,0.9716012619040599,1289943000.0,399991000.0,295741000.0,203681000.0,889952000.0,0.0,50142000.0,618744000.0,984513000.0,5.430233505294597,1.4519812844595226,0.348852623720583,1.125025313069544,0.04705163372480481,5.430233505294597,0.10578988027230612,3.6485774095586283,3.6555831265508685,1.5468948051331155,0.05293631100082713,0.0,0.0036202371255317223,0.13146704931923348,1.3172559050672374,0.03280377505052549,13.17906664678694,0.9716012619040599,-0.16176470588235306,-0.08815277331031196,0.11218420699963313,-0.14974853550894046,-0.04648121249298326,-0.15562517460190764,1.6409575728845698,2.3791985226381627,-0.284297966474977,-0.6057722992599293,Oil & Gas E&P,Energy,WTI
2009Q4,2009,Q4,2010-03-01,2009-12-31,50114000.0,176100000.0,21095000.0,0.68,172801000.0,0.9812663259511641,1326833000.0,358950000.0,289254000.0,283946000.0,967883000.0,0.0,10066000.0,861822000.0,1273635000.0,4.873065435786044,1.0186936952800885,0.3391534578956055,1.2536564981195153,0.11821107644969976,4.873065435786044,0.13961275943724752,4.893935264054514,4.2993075787205175,2.4009527789385707,0.04561599553019116,0.0,0.0026525198938992045,0.13272205318981364,0.9173469603375289,0.03776963641995639,13.430294530154278,0.9812663259511641,35.0,0.0968287983046608,0.07354229888948721,-0.1556937831985771,0.06131385964696778,38.907715582450834,1.881043430756624,0.36831079794528865,-0.3069658546914507,-0.6418914777268039,Oil & Gas E&P,Energy,WTI
2009Q3,2009,Q3,2009-11-06,2009-09-30,-1322000.0,167042000.0,7322000.0,-0.02,162818000.0,0.9747129464446067,1564770000.0,326222000.0,354031000.0,319090000.0,1238548000.0,0.0,-40048000.0,874256890.0000001,1359410890.0,4.369493296186662,1.1095020213732802,0.3786498974290151,1.8162478312314927,0.005661489293012143,4.369493296186662,-0.004052455076604276,5.233754923911352,-165.32845877458396,2.679944608272894,-1.732980332829047,0.0,0.002620511232116226,0.10675179099803805,0.9790309943902974,-0.0008448525981454144,97.0641600977018,0.9747129464446067,0.75,-1.0252176831581459,-0.04540264125196465,-0.2877250905755643,0.11445135765963708,0.7787077335118848,2.9426903687980897,-1.0192469296749336,-0.23997035669276162,-0.6859782285205601,Oil & Gas E&P,Energy,WTI
2009Q2,2009,Q2,2009-08-04,2009-06-30,-5974000.0,150432000.0,-3769000.0,-0.08,146097000.0,0.9711829929802169,1682065000.0,328017000.0,377582000.0,355454000.0,1354048000.0,0.0,-38726000.0,727013080.0,1218780080.0,4.394536587979958,1.062252780950559,0.35224560287503753,1.8063088193599721,-0.0014828841473724817,4.394536587979958,-0.01821247069511641,4.832835300999787,-30.42404921325745,2.2163884188929233,-0.38366253766320724,0.0,0.003152625534605237,0.08943292916742218,0.9070906502669825,-0.0035515868887349773,-7.30556277948048,0.9711829929802169,0.9736842105263158,-1.113982413312025,-0.14012825653595803,0.0,0.28023870238439497,0.9741090505640622,0.9845853083960786,-1.137992016223805,-0.19384108745938675,-0.5413568467869627,Oil & Gas E&P,Energy,WTI
2009Q1,2009,Q1,2009-05-06,2009-03-31,-230737000.0,117422000.0,-244507000.0,-3.04,114117000.0,0.9718536560440122,1782324000.0,332910000.0,434717000.0,333767000.0,1449414000.0,0.0,-32752000.0,466787023.35,868517023.35,4.386146995489308,1.3024565040881813,0.36624541890251155,1.9607942086449792,-0.2246958672917636,4.386146995489308,-0.6930912258568381,3.9752944367324696,-0.5057565792980754,1.402141790123457,-0.009920385547181424,0.0,0.004903735291466516,0.06588139979038604,1.2422048914362414,-0.1294585047387568,-4.953435807820874,0.9718536560440122,0.7289960820321728,-5.329417622556264,-0.3399413441558954,0.0,-0.5524753329463992,0.7289961663863493,0.8069511391135797,-4.576470563334658,-0.37324340805266526,-0.5187625473950409,Oil & Gas E&P,Energy,WTI
2008Q4,2008,Q4,2009-03-02,2008-12-31,-851416000.0,108306000.0,-1266555000.0,-11.21755,254996000.0,2.3544032648237403,2056186000.0,572227000.0,543814000.0,346876000.0,1483959000.0,0.0,200274000.0,1086892711.28,1382512711.28,7.539189981640264,1.5677475524394884,0.3176619235808434,1.1414561004636272,-0.6918367345642914,7.539189981640264,-1.4878990330760344,10.035387801968497,-0.3191426727005365,1.8994082964977186,-0.02447687147058547,0.0,0.01917392561723721,0.0526732503771546,1.4800591565862153,-0.41407538034010544,-2.5362216397696407,2.3544032648237403,-11.890825242718446,-24.293771694937874,-0.24445346829825768,0.8491941536651489,0.09040683503382452,-11.890318619613462,-11.396255376432347,-15.487848271941104,-0.3868432958066826,-0.08867115129553607,Oil & Gas E&P,Energy,WTI
2008Q3,2008,Q3,2008-11-06,2008-09-30,78181000.0,289793000.0,121828000.0,1.03,233854000.0,0.806969112435428,3455080000.0,1443631000.0,834354000.0,552287000.0,2011449000.0,0.0,1072529000.0,2071416967.07,2039673967.07,19.019198266839656,1.5107254018291214,0.18916146659411648,0.45272510773182345,0.03875017525342972,19.019198266839656,0.0541558057426032,7.147919263301736,6.623786364557885,1.4348659505580026,0.05860759007943107,0.0,0.002212012391923774,0.08387446889797052,1.4238774405336356,0.02262784074464267,5.38241483561085,0.806969112435428,-0.4180790960451977,0.7414541324107979,0.822241235468366,0.0,-0.41817376614394014,-0.41920362528786864,-0.4201345092980861,0.2875000083987797,0.6517665108523316,1.5531054814847043,Oil & Gas E&P,Energy,WTI
2008Q2,2008,Q2,2008-08-06,2008-06-30,134610000.0,461015000.0,210097000.0,1.77,401931000.0,0.8718393110853226,3182450000.0,1366125000.0,728838000.0,392071000.0,1816325000.0,0.0,996638000.0,4449735057.97,4679303057.97,17.963310783376286,1.858943915770358,0.20549105249100535,0.4787007045475341,0.06826279857197311,17.963310783376286,0.09853417513038705,9.652039647234906,8.264124244056905,3.2571946622527217,0.017019537924374117,0.0,0.0005148621142952206,0.14486166318402488,1.7136411517301713,0.04229760090496316,29.544555563471462,0.8718393110853226,0.6857142857142856,1.9925959347646744,1.8932967138516217,0.0,0.3106174981168867,0.6867152845650702,0.6480134917833471,1.5652174207480283,1.6853799804178473,1.6923672967808807,Oil & Gas E&P,Energy,WTI
2008Q1,2008,Q1,2008-05-07,2008-03-31,79806000.0,356495000.0,127485000.0,1.05,306673000.0,0.860244884219975,2934803000.0,1232133000.0,495987000.0,298984000.0,1702670000.0,0.0,864318000.0,2592554904.54,2970093904.54,16.211057500229522,1.65890816899901,0.22296760634359444,0.5310839008451198,0.044490140078627165,16.211057500229522,0.0647706051213627,7.272345767935034,8.121428540899181,2.104119364175783,0.4045560484174122,0.0,0.012453352460718105,0.12147152636820938,1.5413165921922243,0.02719296661479493,-631.252715982469,0.860244884219975,0.6153846153846154,0.7752687708513678,1.2386653264634953,0.0,0.13964584997863208,0.6151791135397693,0.6683024497487438,0.6666666742047072,1.2658345904999633,1.5382841027148715,Oil & Gas E&P,Energy,WTI
2007Q4,2007,Q4,2008-02-29,2007-12-31,49410000.0,339456000.0,76416000.0,0.65,269095000.0,0.7927242411387632,2822334000.0,1151340000.0,529823000.0,319066000.0,1670994000.0,0.0,786803000.0,2277131191.44,2617845191.44,15.148071630509254,1.6605435865933693,0.23199380370997905,0.5686973439644241,0.029083206696551653,15.148071630509254,0.042915211840116735,6.708177765130091,11.521610966605952,1.977809501485226,0.046286176887269784,0.0,0.0010043338779061558,0.12027492139484554,1.5237537061297663,0.017506786935918995,17.539600020334596,0.7927242411387632,0.35416666666666674,0.3499269772260085,1.364773796146556,2.7154821097032813,0.35193726010329374,0.3596587782058338,0.2343676805530877,0.04804541262029125,1.0055281658500859,1.6245514694446568,Oil & Gas E&P,Energy,WTI
2007Q3,2007,Q3,2007-11-08,2007-09-30,36340000.0,255191000.0,61907000.0,0.48,199044000.0,0.7799804852051992,2569698000.0,1135089000.0,365894000.0,252685000.0,1434609000.0,0.0,769670000.0,1859396658.48,2326749658.48,14.99292026414054,1.448024219878505,0.2549560298525352,0.5771882204831515,0.02277926708944668,14.99292026414054,0.0320151107093805,7.286294024789275,12.791666610346725,1.6381064907509455,0.06293340671436434,0.0,0.0012299688662824385,0.0993077785794284,1.2794586144804796,0.01414173961298176,20.96535825728106,0.7799804852051992,-0.2,-0.18844856137408458,0.6088058726378025,0.0,-0.08708394677821044,-0.20168713341095318,-0.22965792715553177,-0.31640774032311986,0.43813079450106296,1.4440089958413076,Oil & Gas E&P,Energy,WTI
2007Q2,2007,Q2,2007-08-07,2007-06-30,45521000.0,272563000.0,80363000.0,0.6,218031000.0,0.7999288237948657,2516262000.0,1101446000.0,277287000.0,238002000.0,1414816000.0,0.0,735613000.0,2123554640.6699998,2677009640.67,14.517862149416146,1.1650616381374947,0.26052334772770086,0.5951676251037272,0.030321475016593737,14.517862149416146,0.04132839921339766,7.791059830828101,11.662499948759912,1.9279698148343178,0.05021858043540344,0.0,0.0010764969058101312,0.10832059618592976,1.0610667137250946,0.018090723462024224,21.663619528584835,0.7999288237948657,2.529411764705882,0.014439298272974955,0.714700726297893,0.0,0.17933642008697723,2.493821475170773,1.6294211955632627,-0.145509675411834,0.5327914696128859,0.0,Oil & Gas E&P,Energy,WTI
2007Q1,2007,Q1,2007-05-10,2007-03-31,13029000.0,246539000.0,30563000.0,0.17,184876000.0,0.7498854136668032,2494459000.0,1055683000.0,199384000.0,428154000.0,1438776000.0,0.0,692378000.0,2217229221.68,2856629221.68,13.774358055257398,0.46568290848619887,0.25805314899944237,0.6097502754141157,0.011689850816797744,13.774358055257398,0.012341773051190556,8.993421818373562,42.544117385831605,2.1002793657565766,0.17476398802670964,0.0,0.0010269574195286455,0.09883465713407195,0.4008908009734815,0.005223176648724233,185.24765825716432,0.7498854136668032,-0.6599999999999999,-0.7125755316539829,0.53534310465733,0.0,-0.13880581719258037,-0.6580943133807436,-0.5645924153061516,-0.7578944076104981,0.372461548336029,0.0,Oil & Gas E&P,Energy,WTI
