Quarters,Year,Quarter,FillingDate,Date,NetIncome,Revenue,OperatingIncome,EPSDiluted,GrossProfit,GrossProfitRatio,TotalAssets,CommonStockEquity,CurrentAssets,CurrentLiability,TotalLiability,Inventory,RetainedEarnings,MarketCap,EnterpriseValue,bookValuePerShare,currentRatio,debtToAssets,debtToEquity,roic,shareholdersEquityPerShare,roe,priceToSalesRatio,peRatio,pbRatio,payoutRatio,inventoryTurnover,dividendYield,assetTurnover,quickRatio,returnOnAssets,priceToFreeCashFlowsRatio,grossProfitMargin,epsdilutedGrowth,fiveYNetIncomeGrowthPerShare,fiveYRevenueGrowthPerShare,fiveYShareholdersEquityGrowthPerShare,grossProfitGrowth,netIncomeGrowth,operatingIncomeGrowth,threeYNetIncomeGrowthPerShare,threeYRevenueGrowthPerShare,threeYShareholdersEquityGrowthPerShare,Industry,Sector,Symbol
2023Q1,2023,Q1,2023-05-03,2023-03-31,5391000.0,206750000.0,30798000.0,0.02,152253000.0,0.7364111245,7196940000.0,3706004000.0,178896000.0,161081000.0,3428408000.0,-85735000.0,-1255025000.0,4586366263.4800005,7515200263.4800005,16.90436376556913,1.1105965321794624,0.43040055912651765,0.8358239764447097,0.004505458251292303,16.90436376556913,0.0014546665357080026,22.18315000474003,212.6862485383046,1.237550273415787,9.757929883138564,-0.6356447191928617,0.011469864589507264,0.028727486959735666,1.054959926993252,0.0007490683540504714,187.3362578008333,0.7364111245465538,5.166666666666667,1.114777658837008,-0.1213791940246606,-0.07297154246551618,0.009059819996553689,6.1245247148288975,0.21644679674539852,28.92088674712136,0.1334056854333899,0.13371785824836216,REIT—Retail,Real Estate,KRG
2022Q4,2022,Q4,2023-02-21,2022-12-31,-1052000.0,204689000.0,25318000.0,-0.0048,150886000.0,0.7371475751,7341982000.0,3766515000.0,223271000.0,207792000.0,3516130000.0,0.0,-1207757000.0,4612836797.0,7507336797.0,17.187935372342633,1.074492761992762,0.4100117652154418,0.7992266060270569,0.005188897319654551,17.187935372342633,-0.00027930328168081106,22.53583141741862,-1096.2064631653993,1.2246962502472447,-45.81939163498099,0.0,0.01044953509548584,0.02787925658221445,1.0447947947947949,-0.00014328555967584773,71.13086811102545,0.7371475751017397,0.968,-1.1738039478156972,-0.12185190334824411,-0.0821342805926178,0.011971750692483619,0.9689318094563066,0.3832705021034803,-1.0263749847901584,0.04242014955786261,0.11951690122322171,REIT—Retail,Real Estate,KRG
2022Q3,2022,Q3,2022-11-04,2022-09-30,-33861000.0,200311000.0,18303000.0,-0.15,149101000.0,0.7443475396,7399945000.0,3872812000.0,325857000.0,452024000.0,3464894000.0,0.0,-1105845000.0,3772965180.18,6697388180.18,17.675705832201285,0.7208842893297701,0.4071476206917754,0.7779541067317495,0.011544156987410363,17.675705832201285,-0.00874325941977044,18.835536641422586,-27.856274033401256,0.9742185213689691,-1.3589084787808985,0.0,0.01219571286841422,0.027069255244464654,0.38723607596056847,-0.00457584482046826,62.56782826738748,0.7443475395759593,-3.5,-19.769961842140095,-0.1229516922965359,-0.06772448743467524,0.00337821923431517,-3.578706876856294,0.2217475468927308,0.3425090505603357,0.024237930401451828,0.1396903215487911,REIT—Retail,Real Estate,KRG
2022Q2,2022,Q2,2022-08-05,2022-06-30,13131000.0,202605000.0,14981000.0,0.06,148599000.0,0.733441919,7384887000.0,3891140000.0,282020000.0,430190000.0,3431360000.0,6617826000.0,-1051994000.0,3787785621.62,6698164621.62,17.76177886520038,0.6555707943001929,0.40639348983945184,0.7712829659174432,0.002182885802063732,17.76177886520038,0.0033745894519343947,18.695420259223614,72.11533054641687,0.9734385351388024,3.3362272484959257,0.00816068600171718,0.011565596466165298,0.027435084653292596,15.77322345940166,0.0017780908495959383,54.29738563102064,0.7334419190049604,1.7812499999999998,-0.5078564514256075,-0.1656443795486377,-0.07768425789690948,0.04939832208129714,1.7803993819089505,1.3503294634452463,3.801332503281948,-0.04726453927106681,0.10220007751870126,REIT—Retail,Real Estate,KRG
2022Q1,2022,Q1,2022-05-06,2022-03-31,-16826000.0,194391000.0,6374000.0,-0.0768,141604000.0,0.7284493624,7573694000.0,3898581000.0,372606000.0,430461000.0,3609579000.0,0.0,-1021317000.0,4986201195.36,8225974195.36,17.803270644715898,0.8655975802685958,0.43758277004589835,0.8500831456368355,0.0008715036559350174,17.803270644715898,-0.0043159293086381945,25.650370620862073,-74.08476755259717,1.278978478415608,-2.4723641982645903,0.0,0.008343024753736699,0.025666603377427183,0.6237034249328046,-0.0022216371561882484,193.03167493941388,0.7284493623675993,0.8550943396226416,-1285.1927653340492,-0.17678577984217708,-0.08135007604989287,0.2269541031617437,0.8320003993809595,1.0848486462021778,-2.127270699856422,-0.10879987751325576,0.07633826981089452,REIT—Retail,Real Estate,KRG
2021Q4,2021,Q4,2022-02-28,2021-12-31,-100155000.0,162950000.0,-75122000.0,-0.53,115411000.0,0.7082602025,7639575000.0,3922047000.0,378633000.0,280903000.0,3712382000.0,0.0,-962913000.0,4100985690.1200004,7228789690.120001,20.829671233868762,1.3479136926269923,0.42162620302830983,0.821266292831269,-0.01041412361963987,20.829671233868762,-0.025536409941033344,25.16714139380178,-10.236597499176277,1.0456238005612886,-0.15201437771454246,0.0,0.003712522098450555,0.021329720566916354,1.0205836178324903,-0.013110022481617106,-171.89142803755556,0.7082602025161092,-5.625,-14.233001433936815,-0.18628845250323833,0.059056815392184374,1.2042246796157299,-13.390086206896552,-13.54751962585602,-0.42707214360299367,-0.16620396203605278,0.23504111105504302,REIT—Retail,Real Estate,KRG
2021Q3,2021,Q3,2021-11-05,2021-09-30,-6960000.0,71465000.0,5987000.0,-0.08,52359000.0,0.7326523473028755,2708884000.0,1198846000.0,333703000.0,96486000.0,1509340000.0,0.0,-849507000.0,1721574188.04,2937279188.04,14.178014940958722,3.458563936736936,0.48552060553349646,1.0970708498005581,0.0023258202176635067,14.178014940958722,-0.005805583035685985,24.08975285860211,-61.83815330603448,1.436026135166652,-2.186925287356322,0.0,0.008841326795988385,0.02638171291203315,2.8023443815683104,-0.0025693237510354817,83.20401082789618,0.7326523473028755,-26.932960893854748,-3.0849647645547447,-0.20838586431443784,-0.28028776731152627,0.03160279775391587,-27.760330578512395,-0.5047154202514891,-2.749628323541608,-0.17493771287262258,-0.19711988863920496,REIT—Retail,Real Estate,KRG
2021Q2,2021,Q2,2021-08-06,2021-06-30,-242000.0,69532000.0,12088000.0,-0.002864,50755000.0,0.729951676925732,2719205000.0,1213475000.0,305247000.0,86800000.0,1505032000.0,0.0,-827326000.0,1860062260.71,3085789260.71,14.358973521566492,3.516670506912442,0.4838256034392405,1.0841764354436638,0.002304588510459492,14.358973521566492,-0.00019942726467376748,26.75116868075131,-1921.5519222210744,1.5328393751086757,-59.35123966942149,0.0,0.007721784535598035,0.02557070908592769,3.0135023041474653,-8.89966001092231e-05,81.71069498813917,0.729951676925732,-1.0098758620689654,0.8740092838207745,-0.21668405241205047,-0.2792390637405636,0.021104092061320565,-1.0098466045489685,-0.6819198484330184,0.8245949759744885,-0.2495490982063429,-0.19872531856277129,REIT—Retail,Real Estate,KRG
2021Q1,2021,Q1,2021-05-06,2021-03-31,24577000.0,69375000.0,38003000.0,0.29,49706000.0,0.7164828828828829,2755323000.0,1231871000.0,324469000.0,83055000.0,1522754000.0,0.0,-812721000.0,1626852570.33,2739636570.33,14.606604202112685,3.906676298838119,0.4869214970440852,1.0890961797136227,0.014685586677053395,14.606604202112685,0.019950952656568748,23.45012713989189,16.548526776355942,1.3206354970041505,0.5286243235545429,0.0,0.007985972568715695,0.025178536236949354,3.346240443079887,0.008919825370746006,69.40201230024316,0.7164828828828829,4.625,16.324579828830604,-0.2257231308791976,-0.2796169839158512,0.025225336715962297,4.617456579334707,5.725004423995753,2.36021632708168,-0.23360961946920694,-0.19897974563934456,REIT—Retail,Real Estate,KRG
2020Q4,2020,Q4,2021-02-22,2020-12-31,-6794000.0,68361000.0,5651000.0,-0.08,48483000.0,0.7092201693948303,2608539000.0,1230654000.0,143715000.0,79412000.0,1377187000.0,0.0,-824306000.0,1259519231.52,2411665231.52,14.617151830053384,1.8097390822545711,0.45841522783443145,0.9716735979406071,0.0022383194428482497,14.617151830053384,-0.005520641870095088,18.424529066573047,-46.34674828966736,1.023455196602782,-0.9914630556373271,0.0,0.005348072368748931,0.02620662370775365,1.2693547574673854,-0.0026045230682769168,597.4948916129032,0.7092201693948303,-0.6,-1.6293134495410047,-0.24230004248483408,-0.29430472015157016,0.06849586776859504,-0.48114235884020057,-0.3079843252510409,-3.9215425732288933,-0.23664870473469649,-0.21941860441436678,REIT—Retail,Real Estate,KRG
2020Q3,2020,Q3,2020-11-06,2020-09-30,-4587000.0,65067000.0,8166000.0,-0.05,45375000.0,0.6973581077965789,2658116000.0,1242067000.0,233770000.0,100727000.0,1415351000.0,0.0,-810776000.0,974976027.18,2089954027.1799998,14.752296937599048,2.320827583468186,0.4680984577046299,1.0017656052370765,0.0031213688904598563,14.752296937599048,-0.003693037493146505,14.984185949559684,-53.138000173315895,0.7849625078035243,-0.9553084804883366,0.0,0.00449446948216194,0.02447861568118171,1.8508542893166677,-0.001725658323414027,35.20658748347958,0.6973581077965789,0.1666666666666666,-2.797155779920536,-0.2610778720448809,-0.33271182653873516,-0.007806350039359748,0.03816313692598029,-0.0241395793499044,-6.321986624152185,-0.25861504011303926,-0.2219147953933087,REIT—Retail,Real Estate,KRG
2020Q2,2020,Q2,2020-08-06,2020-06-30,-4769000.0,63305000.0,8368000.0,-0.06,45732000.0,0.722407392780981,2811786000.0,1248215000.0,351586000.0,88416000.0,1562873000.0,0.0,-801809000.0,971178023.14,2285293023.14,14.831885356536262,3.9764974665218964,0.5491491884517528,1.2370384909650982,0.002848139721989746,14.831885356536262,-0.003820655896620374,15.341253031198168,-50.9109888414762,0.7780534788798403,-5.601174250366953,0.0,0.027504741008898777,0.022514160039206397,3.2977402280130295,-0.0016960750213565329,51.78787517410547,0.722407392780981,-67.1044267877412,-1.7034462911764099,-0.2498363122968165,-0.33627184665075344,-0.08858640412938198,-63.445945945945944,-0.34757523779822236,-1.4652845994958743,-0.3213647557521471,-0.22982481353804562,REIT—Retail,Real Estate,KRG
2020Q1,2020,Q1,2020-05-07,2020-03-31,-74000.0,69912000.0,12826000.0,-0.000881,50177000.0,0.7177165579585765,2937405000.0,1252831000.0,451827000.0,111933000.0,1683876000.0,0.0,-797040000.0,795698662.3000001,2195964662.3,14.91055613403411,4.036584385301921,0.5937754582701398,1.3921742038630909,0.021207824109655,14.91055613403411,-5.906622680952179e-05,11.381431832875617,-2688.171156418919,0.6351205089114175,-4.027027027027027,0.0,0.00037451363703266586,0.02380059950875007,3.5176668185432356,-2.5192304091536577e-05,91.51220958021852,0.7177165579585765,-1.0048944444444443,-1.0102476073281514,-0.19952709174160282,-0.33651536349702266,-0.08092316146167232,-1.0048422981285172,-0.5745231381655332,-15.719368330776696,-0.2283922959376828,-0.2306143330663936,REIT—Retail,Real Estate,KRG
2019Q4,2019,Q4,2020-02-20,2019-12-31,15282000.0,75233000.0,30145000.0,0.18,54595000.0,0.7256788909122327,2648887000.0,1289038000.0,142647000.0,72071000.0,1359151000.0,0.0,-769955000.0,1639739678.8500001,2781998678.8500004,15.352993200515792,1.979256566441426,0.4328534965817719,0.8894850268184491,0.012313330502750476,15.352993200515792,0.011855352596277223,21.79548441309,26.824690466725563,1.2720646550761112,1.7449286742572963,0.0,0.01626233745755405,0.02840174005157638,1.2018981282346575,0.0057692155233499956,101.70189659802767,0.7256788909122327,1.75,1.102446973623783,-0.144625216501351,-0.32501663884463233,0.006136891378865504,1.7743602736255384,21.906534954407295,3.528179512015552,-0.15747613709882263,-0.2193975649870999,REIT—Retail,Real Estate,KRG
2019Q3,2019,Q3,2019-11-06,2019-09-30,-19735000.0,74943000.0,1316000.0,-0.24,54262000.0,0.7240436064742538,2713880000.0,1302167000.0,137128000.0,79725000.0,1411015000.0,0.0,-758558000.0,1355967582.1499999,2511227582.1499996,15.509218160404087,1.7200125431169646,0.44058764573230946,0.9182401335619779,0.0005201311475394892,15.509218160404087,-0.015155506167795683,18.09331868419999,-17.177192578540662,1.0413161922779488,-1.3511527742589309,0.0,0.01966492440602482,0.0276147066193052,1.1346378174976481,-0.007271876427845004,56.16633179314058,0.7240436064742538,-11.0,-0.3733067482464121,-0.15900139597954582,-0.33017391301926907,-0.09688264567348501,-9.988307349665924,-0.9240097008892482,-10.665071221939119,-0.16396895338556916,-0.2127124935359774,REIT—Retail,Real Estate,KRG
2019Q2,2019,Q2,2019-08-06,2019-06-30,-1796000.0,81480000.0,17318000.0,-0.02,60083000.0,0.7373956799214532,2936318000.0,1352663000.0,148795000.0,68566000.0,1582957000.0,0.0,-712153000.0,1251529908.51,2636799908.51,16.114840878242465,2.1700988828282237,0.48397755283998534,1.0506031435767815,0.005951350822174864,16.114840878242465,-0.0013277512580738883,15.359964512886599,-174.2107333672049,0.9252340815931241,-14.846325167037861,0.0,0.021305124087481565,0.027749038081025284,1.2806201324271504,-0.0006116503730181813,52.90091759700736,0.7373956799214532,-1.2857142857142858,0.7635710735948268,-0.21844311976546574,-0.27739628619001816,-0.02900869452794208,-1.3142607174103238,-0.24625696378830084,0.05860180651960775,-0.07584010711110115,-0.19110180253283562,REIT—Retail,Real Estate,KRG
2019Q1,2019,Q1,2019-05-07,2019-03-31,5715000.0,83515000.0,22976000.0,0.07,61878000.0,0.7409207926719751,3203177000.0,1386824000.0,184705000.0,64910000.0,1815655000.0,0.0,-683692000.0,1353237011.3400002,3029898011.34,16.54059057831681,2.84555538437837,0.5322896611707689,1.2294407942175791,0.007468365025469399,16.54059057831681,0.004120926664090036,16.20352046147399,59.19671965616798,0.9757813618310615,9.319860017497813,0.0,0.03935969793440545,0.026072552344125848,1.290848867662918,0.0017841661575367207,65.1816873628438,0.7409207926719751,1.1891891891891893,-0.48459697888360037,-0.2351737107357309,-0.27796041477403166,-0.029212425478506433,1.1830498702796195,5.099928622412563,3.0522451299152693,-0.06243063621222647,-0.1842347226128395,REIT—Retail,Real Estate,KRG
2018Q4,2018,Q4,2019-02-27,2018-12-31,-31221000.0,86939000.0,-5604000.0,-0.37,63740000.0,0.7331577312828534,3172013000.0,1412705000.0,122060000.0,88423000.0,1758610000.0,0.0,-662735000.0,1180215935.76,2733740935.76,16.86556912755306,1.380410074301935,0.5009125120231223,1.124722429665075,-0.0018131937600874399,16.86556912755306,-0.02210015537567999,13.575218667801561,-9.450497547804362,0.8354298567358366,-0.8517984689792127,0.0,0.02253316464742937,0.02740814744454074,1.0566820849778904,-0.009842645663810332,50.58140555265075,0.7331577312828534,-8.399999999999999,-24.24406394711572,-0.17342844755998846,-0.365075343715201,0.02065652522017614,-8.928136109700356,-1.2703719785786656,-3.9067722705919596,-0.03144067965378799,-0.18575433411037323,REIT—Retail,Real Estate,KRG
2018Q3,2018,Q3,2018-11-02,2018-09-30,3938000.0,85747000.0,20727000.0,0.05,62450000.0,0.7283053634529488,3285884000.0,1478172000.0,121051000.0,101691000.0,1807014000.0,0.0,-604917000.0,1385345951.2,2951986951.2,17.658944019585338,1.1903806629888585,0.48612489059260766,1.0806252587655565,0.006626126603196004,17.658944019585338,0.0026641013359744335,16.156203146465767,87.94730518029456,0.9372021329046958,6.757237176231589,0.0,0.019208198484248762,0.02609556515080873,0.86381292346422,0.001198459836074554,56.98901440618701,0.7283053634529488,3.5000000000000004,-0.12178615279349761,-0.2647265760914694,-0.24401779743060728,-0.09127948430656403,3.882869692532943,1.609796021153362,0.5518789129384963,-0.02055070146887443,-0.20123594651548413,REIT—Retail,Real Estate,KRG
2018Q2,2018,Q2,2018-08-08,2018-06-30,-1366000.0,91736000.0,7942000.0,-0.02,68723000.0,0.7491388331734543,3302197000.0,1499432000.0,110673000.0,105231000.0,1802067000.0,0.0,-582245000.0,1429133063.6799998,2967030063.68,17.920163776810117,1.0517147988710551,0.47552614214112604,1.0472505588782952,0.002518659029841105,17.920163776810117,-0.0009110116364063192,15.578759305834131,-261.5543674377745,0.9531162891548265,-19.448023426061493,0.0,0.01858889187798432,0.027780292938307437,0.8124316978837035,-0.00041366399400156925,48.86259107221006,0.7491388331734543,0.9047619047619048,0.9436237875312584,-0.19442192046179335,-0.26414437460066587,0.032822855768797246,0.9237595579617124,4.908464566929134,-1.202657442612835,0.09336724968600563,-0.19807112006454247,REIT—Retail,Real Estate,KRG
2018Q1,2018,Q1,2018-05-08,2018-03-31,-17917000.0,89763000.0,-2032000.0,-0.21,66539000.0,0.7412742443991399,3418857000.0,1524987000.0,116062000.0,107136000.0,1893172000.0,0.0,-554313000.0,1273679858.8700001,2940344858.87,18.23499983002444,1.0833146654719235,0.49590199297601506,1.1117589854864336,-0.000615551525667498,18.23499983002444,-0.011748952614022283,14.189363756447536,-17.771946459647264,0.8352070272533471,-1.4816096444717308,0.0,0.020841972034912625,0.02625526601434339,0.802017995818399,-0.005240640366063863,70.02473246852495,0.7412742443991399,-8.0,-3.0516371754440588,-0.34882636820593993,-0.23062801742320013,0.016949411584899893,-8.759636206149848,-1.1052195526097763,-3.492839517179951,0.032596245257743336,-0.1885854474441871,REIT—Retail,Real Estate,KRG
2017Q4,2017,Q4,2018-02-20,2017-12-31,2309000.0,88919000.0,19312000.0,0.03,65430000.0,0.7358382347979622,3512498000.0,1565411000.0,106869000.0,82436000.0,1946389000.0,0.0,-509833000.0,1638475269.2,3371837269.2,18.725980292019166,1.296387500606531,0.5003402137168477,1.1226725760838527,0.005744024599084821,18.725980292019166,0.0014750119936553403,18.426604766135473,177.40096028583804,1.0466741764303433,10.951494153313122,0.0,0.015433250946989635,0.02531503220784752,0.9996846038138677,0.0006573669223441551,79.00835515478832,0.7358382347979622,5.0318728135048225,1.118925455529951,-0.24191187226644673,-0.2581557256294945,0.015158332428281074,4.712218649517685,0.18996857477355353,-0.6809508204598221,0.015386713405687086,-0.17672567470350783,REIT—Retail,Real Estate,KRG
2017Q3,2017,Q3,2017-11-03,2017-09-30,-622000.0,87138000.0,16229000.0,-0.007440710902267183,64453000.0,0.7396658174390048,3543392000.0,1584924000.0,107424000.0,107857000.0,1957770000.0,0.0,-485598000.0,1692781800.75,3380983800.75,18.95974483290179,0.9959854251462584,0.48559882733832443,1.0856463779966736,0.004119812272608713,18.95974483290179,-0.00039244783977023505,19.426447712249534,-680.3785372789389,1.0680523487246076,-40.655948553054664,0.0,0.014938723932875434,0.024591690673795054,0.7949043641117406,-0.00017553801555120067,104.22249727558183,0.7396658174390048,-1.06200592418556,0.8695988434567056,-0.3361684981442556,-0.28248289575165747,-0.06970064374585029,-1.0611001964636542,-0.23026939859609183,0.9565267974664995,-0.01786177330649461,-0.18114945832673413,REIT—Retail,Real Estate,KRG
2017Q2,2017,Q2,2017-08-04,2017-06-30,10180000.0,92649000.0,21084000.0,0.12,69282000.0,0.7477900463037918,3550275000.0,1609678000.0,98810000.0,93512000.0,1939899000.0,0.0,-459689000.0,1582277982.48,3260486982.48,19.2578073368882,1.056655830267773,0.48048221616635334,1.0597423832592605,0.006192849893387464,19.2578073368882,0.006324246215702768,17.078198172457338,38.85751430451866,0.9829779511678732,2.4833988212180746,0.0,0.015977597034103678,0.026096288315693855,0.8544892634100436,0.002867383512544803,46.06474664415267,0.7477900463037918,1998.9999999999998,4.228910278964302,-0.2941398783302522,-0.2818786030560039,0.03670562181089048,2035.0,1.5971914264597191,2.3457781539012728,-0.10755445744669354,-0.136462891156377,REIT—Retail,Real Estate,KRG
2017Q1,2017,Q1,2017-05-09,2017-03-31,5000.0,90112000.0,8118000.0,6e-05,66829000.0,0.7416215376420454,3623465000.0,1619481000.0,97400000.0,94739000.0,2003291000.0,0.0,-444582000.0,1796654487.5,3581792487.5,19.379820517660885,1.0280876935580912,0.4989089172932538,1.1162705829830668,0.002296901474134036,19.379820517660885,3.0874088674087565e-06,19.938015885786577,89832.724375,1.1094013992754468,5054.4,0.0,0.014066143588445521,0.024869013499509447,0.7913847517917647,1.379894658841744e-06,152.22015483351692,0.7416215376420454,-0.9985073178029176,-0.9993838293534247,-0.3493315631999834,-0.29477297044642814,0.014174064800060702,-0.9985114617445668,-0.5382515215289233,-0.9995475767034313,-0.1720098292972601,-0.15402068009173095,REIT—Retail,Real Estate,KRG
2016Q4,2016,Q4,2017-02-27,2016-12-31,3359000.0,88875000.0,17581000.0,0.040196098082547996,65895000.0,0.7414345991561181,3656371000.0,1643574000.0,91725000.0,86101000.0,2012105000.0,0.0,-419305000.0,1962113831.0,3752913831.0,19.668133882085662,1.0653186374141996,0.4952106884120895,1.1016686805705127,0.007313688996633604,19.668133882085662,0.0020437169242151555,22.07723016596343,146.03407494790116,1.1938092419325201,7.150640071449836,0.0,0.0122413896790884,0.024306887895128804,0.8473885320727982,0.0009186704522052057,237.54404733656173,0.7414345991561181,3.0098049041274,-0.8577609232567711,-0.36486605068258116,-0.2347212428895755,-0.00933609958506224,2.9970273483947683,0.10627988925245406,1.5066842415649264,-0.15302653914846473,-0.2595694191875493,REIT—Retail,Real Estate,KRG
2016Q3,2016,Q3,2016-11-08,2016-09-30,-1682000.0,89122000.0,15892000.0,-0.02,66516000.0,0.7463477031484931,3690918000.0,1644408000.0,99542000.0,100029000.0,2045812000.0,0.0,-397391000.0,2313908926.56,4058168926.56,19.699560875875306,0.9951314118905518,0.4803826581896428,1.0782318013534353,0.004571115263726118,19.699560875875306,-0.0010228605066382552,25.963386442853615,-343.9222542449465,1.407137964884627,-14.253269916765754,0.0,0.010360822642938342,0.02414629639563924,0.7912005518399664,-0.00045571318571694085,148.0238566120778,0.7463477031484931,0.0,-1.4003791627898061,-0.33330037732905005,-0.23606430709817897,0.012019596506709673,0.11240105540897098,0.1146023285173236,-1.3761471419610691,-0.23365899439305035,-0.1566586652023516,REIT—Retail,Real Estate,KRG
2016Q2,2016,Q2,2016-08-01,2016-06-30,-1895000.0,87575000.0,14258000.0,-0.02,65726000.0,0.7505109905795033,3717184000.0,1661009000.0,106751000.0,97977000.0,2055477000.0,0.0,-371690000.0,2337022692.9500003,4038209692.9500003,19.921964134302097,1.089551629464058,0.46785120133950864,1.0470075719035838,0.005084814912451884,19.921964134302097,-0.0011408728068300652,26.685957099057955,-308.314339439314,1.4069897832883507,-12.64749340369393,0.0,0.010255356129959824,0.02355950095556206,0.8839217367341314,-0.0005097945111137894,90.64903195958264,0.7505109905795033,-2.0,-1.9342674962937074,-0.34102007035390114,-0.23484451216180438,0.007712003434371311,-2.3516405135520686,-0.1940990278091793,0.921512701868604,-0.2282210031390022,-0.18194445319743194,REIT—Retail,Real Estate,KRG
2016Q1,2016,Q1,2016-05-06,2016-03-31,1402000.0,88550000.0,17692000.0,0.02,65223000.0,0.73656691134952,3729750000.0,1689988000.0,99851000.0,87752000.0,2039064000.0,0.0,-345822000.0,2309587128.9700003,4083610128.9700003,20.27616403494786,1.1378771993800711,0.48189020711843955,1.0635164273355786,0.004072927102761392,20.27616403494786,0.0008295916894084456,26.082293946583853,411.8379331258916,1.3666293068175632,16.197574893009985,0.0,0.009832493312398856,0.023741537636570817,0.8628065457197557,0.0003758965078088344,211.09470148706703,0.73656691134952,-0.6666666666666666,1.3774865450951166,-0.31062015453121833,-0.2311412293458349,0.007180580005559159,-0.8687880205896116,-0.12864460204885736,-0.8389184377999938,-0.35545897421816675,-0.14450711993237594,REIT—Retail,Real Estate,KRG
2015Q4,2015,Q4,2016-02-26,2015-12-31,10685000.0,89295000.0,20304000.0,0.06,64758000.0,0.7252141777255166,3766038000.0,1725976000.0,107309000.0,86992000.0,2039289000.0,0.0,-323257000.0,2160686327.52,3880865327.52,20.71312115505842,1.2335502115137025,0.46575711663026237,1.0162707940318985,0.005624158460468284,20.71312115505842,0.006190700218311263,24.1971703625063,50.55419577725784,1.2518634833392817,2.286195601310248,0.0,0.011305666948907875,0.023710594529317015,0.9768829317638403,0.0028371991997956474,243.10152199819981,0.7252141777255166,0.9801980198019801,3.5889249076671503,-0.3437975807546425,-0.22340104317230663,-0.005375683479756712,3.2300079176563736,0.2006386375731772,1.552102901383729,-0.2362576393320256,-0.1794335947383494,REIT—Retail,Real Estate,KRG
2015Q3,2015,Q3,2015-11-06,2015-09-30,2526000.0,87147000.0,16911000.0,0.0303,65108000.0,0.7471054654778707,3837647000.0,1842137000.0,116106000.0,95294000.0,1994502000.0,0.0,-305902000.0,1983970011.9399998,3620862011.9399996,22.107835151757563,1.2183978004911118,0.4377273365684754,0.9118990607104683,0.004634257874492394,22.107835151757563,0.0013712335184625248,22.76578668158399,196.3549101286619,1.0769937371324716,9.826603325415677,0.0,0.012511277817011016,0.022708446086886054,0.9476357378218986,0.0006582158286053928,66.40237003614699,0.7471054654778707,-0.495,1.2006923006265307,-0.3421903373322102,-0.02382520102197656,0.047105936087746665,-0.6244982904712353,0.05043791539847196,1.5312814474136434,-0.3339559437244047,-0.16334581508916823,REIT—Retail,Real Estate,KRG
2015Q2,2015,Q2,2015-08-07,2015-06-30,6727000.0,83735000.0,16099000.0,0.06,62179000.0,0.7425688182958142,3795875000.0,1866054000.0,146910000.0,84948000.0,1928810000.0,0.0,-283607000.0,2043393728.6599998,3758487728.66,22.346325497408703,1.7294109337477044,0.4703036849211315,0.9566786384531208,0.004231011408502033,22.346325497408703,0.0036049331905721915,24.403101793276406,75.94000775457113,1.0950346177870522,3.6998662107923295,0.0,0.01218022726159657,0.022059472453650343,1.3478363233978434,0.0017721869134257582,131.89141732782545,0.7425688182958142,0.0,1.3166194432068437,-0.3610925361540875,-0.027750732120517294,-0.029711467940015293,-0.0629614152388912,-0.12898339014229293,3.1357170331277726,-0.3614439569305007,-0.16670811987895734,REIT—Retail,Real Estate,KRG
2015Q1,2015,Q1,2015-05-11,2015-03-31,7179000.0,86828000.0,18483000.0,0.06,64083000.0,0.7380453309992169,3758324000.0,1877225000.0,198606000.0,85815000.0,1877736000.0,0.0,-265512000.0,2353099031.6400003,4002375031.6400003,22.47309932091728,2.3143506380003496,0.4725563841754995,0.9460879756022853,0.004850147036783702,22.47309932091728,0.0038242618759072567,27.10069368913254,81.9438303259507,1.2534986651253848,3.3182894553558993,0.0,0.010123670818646837,0.023102851164508435,1.9712754180504575,0.0019101599542774917,104.51714629297328,0.7380453309992169,0.0,2.2619690981679232,-0.3581447886234342,-0.0425905489278624,-0.012649451497596451,-0.006641760066417601,-0.12489938923346433,-0.11495021119347244,-0.3727947898731262,-0.1822092952558575,REIT—Retail,Real Estate,KRG
2014Q4,2014,Q4,2015-02-27,2014-12-31,7227000.0,87449000.0,21121000.0,0.06,64904000.0,0.7421925922537708,3874216000.0,1898784000.0,296583000.0,78002000.0,1972068000.0,0.0,-247801000.0,2399177263.2,3909614263.2,22.745735797451516,3.8022486602907617,0.4011812970675874,0.8185570343967508,0.0059156756955781814,22.745735797451516,0.003806120127407857,27.435159500966275,82.9935403071814,1.2635335368319935,3.2955583229555834,0.0,0.00992715309757192,0.022572050706517136,1.1784697828260813,0.0018654096725634296,255.15019283207485,0.7421925922537708,1.3,1.123741969606034,-0.42594207824979335,-0.043035397998868755,-0.018004660029654736,1.5059507140856903,17.049392097264437,-0.6936502650497043,-0.37440813224600106,-0.11497305616317476,REIT—Retail,Real Estate,KRG
2014Q3,2014,Q3,2014-11-10,2014-09-30,-14284000.0,88576000.0,-1316000.0,-0.2,66094000.0,0.7461840679190751,4008084000.0,1932346000.0,448708000.0,92084000.0,2072374000.0,0.0,-231203000.0,2022971015.9999998,3661254016.0,23.154096954199762,4.872811780548195,0.4165321884471483,0.8639736361914481,-0.0003519149536731693,23.154096954199762,-0.007392050905997166,22.838816564306356,-35.40624152898347,1.0468989590891071,-0.746569588350602,0.0,0.0052714546652704,0.022099337239439094,0.811509056948004,-0.0035637975651208907,-44.32548951554591,0.7461840679190751,-1.209977553763441,0.20349404142264882,-0.3554761230880651,-0.03213222081821024,1.2292151505952984,-3.799731182795699,-1.3047001620745542,-4.400879996903231,-0.3372383965271313,-0.10209972640130736,REIT—Retail,Real Estate,KRG
2014Q2,2014,Q2,2014-08-08,2014-06-30,-2976000.0,40843000.0,4319000.0,-0.09049865672138328,29649000.0,0.7259261072888867,1747479000.0,733359000.0,67674000.0,54996000.0,1010757000.0,0.0,-193105000.0,807642484.9599999,1804531484.96,22.301076745476117,1.2305258564259218,0.5834216033497398,1.3902017974825427,0.002523969984332269,22.301076745476117,-0.004058039786789281,19.77431836446882,-67.84631090053763,1.101292116085028,-3.5843413978494625,0.0,0.013207576617924332,0.023372526937376643,0.982689650156375,-0.0017030247573790586,-353.76368154183086,0.7259261072888867,-2.131233209017291,-5.223182994410129,-0.5057723197482211,-0.30313996419366923,-0.019284202169886213,-1.6869806094182827,-0.17038033038801384,-4.720008996408069,-0.220782470733391,-0.14346842803913154,REIT—Retail,Real Estate,KRG
2014Q1,2014,Q1,2014-05-12,2014-03-31,4332000.0,42660000.0,5206000.0,0.08,30232000.0,0.7086732301922175,1759890000.0,750377000.0,80064000.0,52838000.0,1005958000.0,0.0,-179461000.0,786141552.0,1770599552.0,22.908149243839993,1.5152730989060903,0.5774985936621039,1.354431172597241,0.0028779184712521273,22.908149243839993,0.005773098056043828,18.428072011251757,45.36827977839336,1.047662111178781,2.3000923361034165,0.0,0.012674562201490146,0.024240151373097183,1.174590257011999,0.002461517481206212,-56.74063890292313,0.7086732301922175,3.9889105881215023,0.6117503337966861,-0.634103319117012,-0.3029827243372229,0.21427084746642258,8.522846478173513,-0.28241908847927016,3.9679065727182925,-0.15491735548730592,-0.1313380856841026,REIT—Retail,Real Estate,KRG
2013Q4,2013,Q4,2014-03-07,2013-12-31,454906.0,35622230.0,7254931.0,0.01603556499699121,24897246.0,0.6989244075960432,1763927030.0,753557171.0,63061440.0,64362469.0,1006822203.0,0.0,-173130113.0,745525940.76,1729535694.76,26.563103134536192,0.9797859059757326,0.5681323869729464,1.3298845961085015,0.001268179713868372,26.563103134536192,0.0006036781514484453,20.92867124713978,409.7142820494784,0.9893422416386242,17.02644722206346,0.0,0.010389219980869066,0.02019484332070131,0.737519174412032,0.0002578938880481921,-33.2435531827733,0.6989244075960432,-0.7006570206409942,1.068714421967985,-0.7306568097938473,-0.20335578002861532,0.05951277703100107,-0.6378857711442786,0.24291970182663822,1.3237564287111474,-0.23107567963397807,-0.004067130686898368,REIT—Retail,Real Estate,KRG
2013Q3,2013,Q3,2013-11-06,2013-09-30,1256250.0,32671623.0,5837007.0,0.0535692035648498,23498769.0,0.7192409449631566,1404286678.0,547789929.0,55849120.0,50637642.0,852953616.0,0.0,-163621202.0,556257103.28,1323811580.28,23.358941466567657,1.1029170750091404,0.5552174902851282,1.4233276000954007,0.004471387105746833,23.358941466567657,0.0022933061261153635,17.02569545688012,110.69793100099501,1.0154569732515109,6.160404378109453,0.0,0.01391264570711371,0.023265636220754633,0.7986429936844216,0.0008945822955389455,-57.43667134449038,0.7192409449631566,1.1849886938966607,-0.8661665635992593,-0.7095354038219098,-0.3256650195686976,0.05648716878572378,1.1905486648776453,8.083662344008479,1.3546404447186908,-0.12373928974330226,0.03141758720112936,REIT—Retail,Real Estate,KRG
2013Q2,2013,Q2,2013-08-08,2013-06-30,-6592804.0,30984716.0,642583.0,-0.28958095998437017,22242361.0,0.7178494390589218,1413086709.0,554433574.0,57445741.0,47971675.0,855111481.0,0.0,-157132020.0,546400896.0,1388391559.0,24.352825687899312,1.1974929163928505,0.6051214094322077,1.5422749651160195,0.0004625721301232205,24.352825687899312,-0.011891061994019864,17.63452974685971,-20.719594272785905,0.9855119199545445,-1.0296012136869228,0.0,0.012423037827522158,0.021926974334028643,0.847479017566095,-0.004665533939290628,-65.97990393563927,0.7178494390589218,-3.773100745117614,-1.8580244625387696,-0.7151972975153441,-0.30151094356514435,-0.040645940780149825,-4.244627479312609,-0.9294845619669433,-0.13816242404322102,-0.13284569889300793,0.059548557484422705,REIT—Retail,Real Estate,KRG
2013Q1,2013,Q1,2013-05-07,2013-03-31,2031914.0,32073115.0,9112657.0,0.10442496923136065,23184726.0,0.7228710401219214,1328571435.0,461179892.0,56114577.0,50002807.0,863853185.0,0.0,-142800208.0,520699398.24,1365192311.24,23.70114878494967,1.1222285380898716,0.6466659190215089,1.8629213521737846,0.007000386267942504,23.70114878494967,0.0044059032825308,16.234762299826507,64.06513738278294,1.1290591963623602,3.335607215659718,0.0,0.013016467894737316,0.024141054184263717,0.8312921912563829,0.001529397627008291,-25.916260480867386,0.7228710401219214,1.4496132133699662,-0.7200764101583678,-0.6379011383758302,-0.3227999628771413,0.2712461825152757,1.4668006171585894,0.33613713244765403,2.5333541792992924,0.017819593586011057,0.009727386683018494,REIT—Retail,Real Estate,KRG
2012Q4,2012,Q4,2013-03-08,2012-12-31,-4352852.0,26296604.0,6820151.0,-0.2322551164559172,18237794.0,0.6935417972602089,1288656905.0,473086357.0,53769302.0,59885669.0,812035244.0,0.0,-138044264.0,419064054.24,1201114321.24,25.242467912701976,0.8978659318308693,0.6165589653205638,1.679467091459583,0.005264926441403457,25.242467912701976,-0.009200967086861057,15.936052208110219,-24.068361056153527,0.8858087916494282,-1.3902395486912948,0.0,0.01444052988742927,0.020406210449010087,0.6452240518512034,-0.0033778207241282735,-28.17881426611797,0.6935417972602089,-3.0703551309487,-1.3224593196582792,-0.7357499268680483,-0.29439725107309034,0.020117026721852872,-3.7103842994837124,0.39797756890114017,-6.697502943658685,-0.23110418809340436,0.06200777476328913,REIT—Retail,Real Estate,KRG
2012Q3,2012,Q3,2012-11-07,2012-09-30,-924097.0,25430702.0,4878584.0,-0.05706016035062381,17878139.0,0.7030139789298777,1221088408.0,427941892.0,34050544.0,57679100.0,753979782.0,0.0,-126913745.0,334915391.8,1005345797.8,26.424101558894076,0.5903445788855929,0.5571783578834859,1.5898514417934106,0.004361973144345482,26.424101558894076,-0.00215939831382528,13.1697265690896,-90.60612462760943,0.7826188509724119,-6.449289414422945,0.0,0.017794849522947485,0.020826257815068867,0.5903445788855929,-0.0007567814041520243,-9.64372887687799,0.7030139789298777,-0.512771584476406,-1.105996840253951,-0.6656169826057615,-0.26833913494957806,0.01355889520558282,-0.530881970455754,-0.08107081801654101,0.7344604467148521,-0.046427390441213114,0.10455771793950266,REIT—Retail,Real Estate,KRG
2012Q2,2012,Q2,2012-08-06,2012-06-30,-603637.0,25130790.0,5308988.0,-0.03771895303703317,17638974.0,0.7018869681374919,1178103762.0,429165886.0,31312373.0,38287686.0,704305625.0,0.0,-119938104.0,319430778.16,963799436.1600001,26.816924574091267,0.8178183711598555,0.5539965562048684,1.5207765768223247,0.00476521173845543,26.816924574091267,-0.001406535374062793,12.71073365222502,-132.2942340181268,0.7443060797241466,-9.71461822254103,0.0,0.018357977380196983,0.021331559078749465,0.8178183711598555,-0.0005123801650333751,-9.662334204694705,0.7018869681374919,-1.3884335528092657,-1.0984960824812775,-0.6833474853050945,0.033629994798431775,-0.011816261307560779,-1.390264291519125,0.060030529107977,-2.7601812756554907,-0.3751293256179647,-0.16202956331658774,REIT—Retail,Real Estate,KRG
2012Q1,2012,Q1,2012-05-07,2012-03-31,1546739.0,26397994.0,5008335.0,0.09710529063269278,17849893.0,0.6761836903213176,1177712358.0,437718543.0,37990781.0,35712817.0,694143832.0,0.0,-113374751.0,335772210.84,966609853.8399999,27.480257712085773,1.063785615119636,0.5488650370432812,1.4767597748309238,0.004730247279898203,27.480257712085773,0.003533638281346468,12.719610847703049,54.27098735468621,0.7670961539319571,3.4014064428452375,0.0,0.01566862244745733,0.022414636155155297,1.063785615119636,0.0013133419119645512,-40.84228317283955,0.6761836903213176,-0.6563804064237271,-0.5722997607465364,-0.6073630112553179,0.04950695404355377,-0.040729525001344864,-0.6563804064237271,-0.3567828605399966,0.1834276808135859,-0.534388271922608,-0.1638689725168602,REIT—Retail,Real Estate,KRG
2011Q4,2011,Q4,2012-03-02,2011-12-31,4501312.0,26672414.0,7786383.0,0.2825953247370291,18607779.0,0.6976413533473198,1193266118.0,409371535.0,33434346.0,36048324.0,737807485.0,0.0,-109504068.0,287349652.91999996,966430135.92,25.70061392576677,0.9274868368360204,0.5775098468018347,1.6833679776978143,0.007188369168722829,25.70061392576677,0.010995664366356102,10.773290071157412,15.959216608402173,0.701928757503865,1.1687470230901569,0.0,0.01830833949698442,0.022352443933214904,0.9274868368360204,0.003772261637282154,-131.3896329956415,0.6976413533473198,4.6151774302939526,-0.44248778723270815,-0.6940342929572673,-0.3130237461420805,0.07259721363510441,4.625472714411759,0.08916075381435801,2.2109566699897063,-0.6408213823070439,-0.22922237548901236,REIT—Retail,Real Estate,KRG
2011Q3,2011,Q3,2011-11-07,2011-09-30,800166.0,25461283.0,7148975.0,0.05032705168182643,17348338.0,0.6813615009110107,1187628582.0,409994800.0,31857293.0,42554356.0,731453593.0,0.0,-108744484.0,232766074.08,899287326.08,25.786936071865203,0.7486258986036588,0.5690016931572972,1.648222548188416,0.005670846689515877,25.786936071865203,0.001951649142867178,9.14196170240125,72.72430785611985,0.5677293323720204,6.572203767718198,0.0,0.022592871494634438,0.02143875904125049,0.7486258986036588,0.0006737510465203674,-15.761871802770202,0.6813615009110107,1.0687277778660327,-0.8870078817472686,-0.6510262329363322,-0.316388713179097,0.01838367438561954,1.0696820851859612,0.2480693614048956,-0.8742665221381773,-0.666124108730453,-0.25557272977063555,REIT—Retail,Real Estate,KRG
2011Q2,2011,Q2,2011-08-05,2011-06-30,386613.0,25330656.0,5728027.0,0.024327537059390482,17035169.0,0.6725119554740312,1164642447.0,413771684.0,29337259.0,35736196.0,703447582.0,0.0,-104284327.0,316568460.72,963318718.72,26.03649121120192,0.8209396153972291,0.561840111259486,1.581410394433854,0.007612951659996971,26.03649121120192,0.0009343631160608854,12.497444232000941,204.70629590831143,0.7650800500886862,13.599356462405558,0.0,0.016608375919830956,0.02174972762262717,0.8209396153972291,0.0003319585345664462,-15.324642278210343,0.6725119554740312,1.5459456758489065,-0.8867198907017996,-0.6304965436744154,-0.31877251639980997,0.053364323228947935,1.546977506200332,0.11292372700234009,-0.9279178371692595,-0.6664469824673512,-0.2532199584533883,REIT—Retail,Real Estate,KRG
2011Q1,2011,Q1,2011-05-10,2011-03-31,-706817.0,24445022.0,5146828.0,-0.04456036220373557,16172153.0,0.6615724461201139,1140495088.0,418309278.0,67757799.0,32703307.0,674291583.0,0.0,-99412067.0,336909134.88,956073141.88,26.371766582953033,2.0718944111676536,0.5500249940576684,1.499610066023924,0.004822600296406382,26.371766582953033,-0.0016896995528748468,13.782320788257012,-119.16420193628618,0.805406794921723,-7.306247586008825,0.0,0.015328109170561294,0.021433693364578524,0.9239242685762635,-0.0006197457643061765,-33.39391468953422,0.6615724461201139,0.10033081267398208,-1.1795655792317916,-0.6128486968379357,-0.31629665712797905,1.1936992918699332,0.10033081267398214,-0.1827413077814615,-1.1194493677568356,-0.661452864861502,-0.24649385263925797,REIT—Retail,Real Estate,KRG
2010Q4,2010,Q4,2011-03-15,2010-12-31,-785641.0,25903496.0,6297673.0,-0.049529719180643667,7372092.0,0.28459834147483415,1132782745.0,423064921.0,73740780.0,32362917.0,658688532.0,0.0,-93447581.0,343253939.68,929992056.6800001,26.671579935760988,2.278557893900602,0.5393149001400087,1.4440493235788745,,26.671579935760988,-0.0018570223173856573,13.25125919991649,-109.2273505583339,0.8113505106229311,-5.316760454202365,0.0,0.012169022747106958,0.022867135039208248,1.4793780177479057,-0.0006935495826253956,-209.15821543932472,0.28459834147483415,0.690439255120977,-1.0448508937559142,-0.6414319073066368,-0.3168682408145423,-0.6221846005963997,0.6712735893661551,0.4434404624383446,-1.0687662764703285,-0.6924440252863187,-0.2544492802375003,REIT—Retail,Real Estate,KRG
2010Q3,2010,Q3,2010-11-09,2010-09-30,-2389954.0,25155856.0,4362960.0,-0.16,19512418.0,0.7756610627759993,1133219159.0,358328409.0,37089571.0,198373656.0,723427910.0,0.0,-88484324.0,280999519.20000005,937278700.2,22.64741435130541,0.18696822828127946,0.5903564819627268,1.8670115435921242,,22.64741435130541,-0.006669730727378638,11.170342174005132,-29.393820885255533,0.7841954814138111,-1.033974712484006,0.0,0.008794150278389515,0.022198579860049826,0.18696822828127946,-0.0021089954057156917,-272.9854843363382,0.7756610627759993,0.3333333333333333,-1.3648568694874457,-0.6882422367324631,-0.3064733318416264,0.19952435624077416,0.4055661469622975,0.532684094155372,-1.2805994775862735,-0.6614312104329675,-0.37291238687908795,REIT—Retail,Real Estate,KRG
2010Q2,2010,Q2,2010-08-09,2010-06-30,-4020555.0,24801116.0,2846614.0,-0.24,16266796.0,0.6558896785128541,1131314360.0,363202428.0,47816388.0,258787647.0,761050859.0,0.0,-82294258.0,264214422.55999997,915470727.56,22.984152558064658,0.18477075144162503,0.5848394145726216,1.8216762251380103,,22.984152558064658,-0.011069736020597307,10.653327961532053,-16.42897700441854,0.7274577541095071,-1.1200662595089483,0.0,0.017044065787049745,0.02192239122643153,0.1725214457396415,-0.00355387957773293,-232.40186136516763,0.6558896785128541,-1.9999999999999996,-1.695607344882661,-0.6696299611780452,0.2546780484640013,0.026513237813670397,-2.7411648118509695,-0.5196257061253075,-1.6643930610230944,-0.6835216549288103,-0.11410014882947178,REIT—Retail,Real Estate,KRG
2010Q1,2010,Q1,2010-05-10,2010-03-31,-1074680.0,25555634.0,5925825.0,-0.08,15846650.0,0.6200844009583171,1138227842.0,370409872.0,52462060.0,248852545.0,760558849.0,0.0,-74480761.0,298564676.08000004,945741423.08,23.472819592235265,0.21081584678991327,0.5813864953762043,1.786535257354048,,23.472819592235265,-0.0029013265607564583,11.682929724224413,-69.45432037443705,0.8060386578465707,-4.089160494286672,0.0,0.014718884556934287,0.022452125187076562,0.1534324513337808,-0.000944169489046816,-60.20438359932127,0.6200844009583171,-2.9624981462107303,-1.1796536411034608,-0.6059550530222134,-0.2945069063840832,-0.09730335708943257,-2.6706333352505998,-0.5598947399926756,-1.299956636793502,-0.6163247401216279,-0.10354234479299296,REIT—Retail,Real Estate,KRG
2009Q4,2009,Q4,2010-03-16,2009-12-31,643277.0,28796576.0,13464563.0,0.04076436971645919,17554790.0,0.6096137957512726,1140685444.0,375077842.0,63577335.0,39944578.0,758236417.0,0.0,-69613763.0,256904488.72000003,895240625.72,23.768628170663128,1.5916386699591618,0.5771043335940035,1.7550877158987173,,23.768628170663128,0.001715049325681041,8.921355397252785,99.84209318847091,0.6849364583898828,6.667163601372348,0.0,0.01669427039351732,0.025244975423741798,1.1972058385496025,0.0005639389924572405,-70.74368480315067,0.6096137957512726,1.203821848582296,-0.762449583637857,-0.6121595981183203,-0.28076695409932495,0.07154208378515553,1.1901290724928104,6.720174304430715,-0.9195788749023518,-0.6665673429713156,-0.3646656384479028,REIT—Retail,Real Estate,KRG
2009Q3,2009,Q3,2009-11-09,2009-09-30,-3383370.0,25927804.0,1744075.0,-0.2,16382735.0,0.631859720938958,1150352779.0,376666973.0,72693834.0,38001798.0,766484669.0,0.0,-66473154.0,262628451.48,890233716.48,23.922789302660362,1.9129051209629608,0.5738870519127941,1.7526691011478726,0.001641655292094507,23.922789302660362,-0.008982390924940478,10.129220796331227,-19.405832903288733,0.6972431094456482,-1.2670370074807071,0.0,0.016322888764877246,0.022539002359379706,1.5837755097798267,-0.002941158626957166,-34.860810987531906,0.631859720938958,-10.351275259155532,0.28906650213864893,-0.4089133072108245,-0.35896203208931493,-0.060070622925135306,-14.160511115000876,-0.7561963513501234,-1.4824479096927188,-0.6411515201931209,-0.365807215949945,REIT—Retail,Real Estate,KRG
2009Q2,2009,Q2,2009-08-10,2009-06-30,257085.0,30149095.0,7153605.0,0.02138745726730549,17429751.0,0.5781185471736382,1167483937.0,383932413.0,94553687.0,37931722.0,779136516.0,0.0,-59310084.0,140125555.68,752605708.6800001,32.00223229858738,2.4927338389751985,0.5736628443222855,1.7444272307376143,,32.00223229858738,0.0006696100440990899,4.647753296740748,136.26383849699513,0.3649745396203367,25.151860279674036,0.0,0.046145515488741864,0.02582399127260969,2.174273975750429,0.00022020431446843967,85.25998682088142,0.5781185471736382,-0.7326567841586814,1.2408302968102776,0.36737880638044185,160.21827633987883,0.05795490571229152,-0.6333861919280362,-0.06121149773642891,-0.900216726042615,-0.4174272672327562,-0.16268286684590408,REIT—Retail,Real Estate,KRG
2009Q1,2009,Q1,2009-05-11,2009-03-31,701242.0,30418628.0,7620039.0,0.08,16474947.0,0.541607169133335,1123814633.0,280875082.0,51829648.0,43038827.0,838526771.0,0.0,-55788074.0,83751544.80000001,778447296.8,32.86597053431306,1.2042532664749437,0.6270396089423406,2.508860106002568,,32.86597053431306,0.0024966330049883173,2.7532979067957966,29.8582888646145,0.2981807578074869,12.381274937895904,0.0,0.1036669833461985,0.027067300163905232,0.8117123638151198,0.0006239836885982245,-13.306964283813327,0.541607169133335,1.3428101073127292,-0.7746495469222633,-0.011962910389772255,-0.03101881702882662,-0.2831388671738854,1.3516128999908743,0.5995876779479704,-0.6693446549003609,-0.10582723430781257,-0.14793065339929193,REIT—Retail,Real Estate,KRG
2008Q4,2008,Q4,2009-03-16,2008-12-31,-1994358.0,39842305.0,4763752.0,-0.23336534802639247,22982062.0,0.5768256128755603,1112051906.0,284958194.0,53528202.0,158144015.0,827093712.0,0.0,-51276059.0,190064730.23999998,857808321.24,33.34374676752231,0.33847757058653155,0.6093793485211652,2.3781083691174714,,33.34374676752231,-0.00699877400261738,4.77042506049788,-23.825302458234678,0.6669916297967553,0.0,0.0,0.0,0.03582773860197853,0.24061508745683483,-0.0017934036974709344,-18.162097149225634,0.5768256128755603,-1.5834133700659814,-2.7018466021881196,1.1523861366913717,19.932419385657603,-0.20372610275252523,-1.6827898014855716,-0.5787962193312715,-1.2113204880582906,0.023644691993727044,-0.14597588736799244,REIT—Retail,Real Estate,KRG
2008Q3,2008,Q3,2008-11-10,2008-09-30,2920896.0,35001137.0,11309851.0,0.4,28862006.0,0.8246019550736309,1126777416.0,252780171.0,28834613.0,74300000.0,869580589.0,0.0,-41284273.0,321083664.0,1038309145.0,34.6399669962655,0.3880836204576043,0.6468210248544776,2.883229804445381,0.011024752065144146,34.6399669962655,0.011555083567057164,9.173520963047572,27.48160701373825,1.270209062403079,0.0,0.0,0.0,0.031063044486862524,0.5061914131897712,0.002592256428398277,-10.498101368690532,0.8246019550736309,0.25000000000000006,0.1217232603046766,1.7891664767988926,0.0,0.038324909071940194,0.18769937164765915,0.06077475281559215,-0.03317880842383545,-0.05950300772160821,0.060771906381060836,REIT—Retail,Real Estate,KRG
2008Q2,2008,Q2,2008-08-11,2008-06-30,2459289.0,34821100.0,10661878.0,0.32,27796700.0,0.7982717375384465,1091792471.0,254055726.0,16691158.0,74600000.0,833318319.0,0.0,-38221730.0,364342000.0,1042897962.0,34.86500677934468,0.22374206434316354,0.6325014371710208,2.718145022246025,0.010238466119455296,34.86500677934468,0.009680116400919064,10.463253601982705,37.037330708184356,1.4341026897382347,0.0,0.0,0.0,0.03189351541150168,0.49356076407506705,0.002252524234525519,-23.388547608952358,0.7982717375384465,-0.11111111111111106,3.767260655109351,1.981925304585577,0.0,-0.050384516942946475,-0.09160790884198605,-0.09341850183779998,-0.07728255265432482,0.005895652049778881,0.9032400065689341,REIT—Retail,Real Estate,KRG
2008Q1,2008,Q1,2008-05-12,2008-03-31,2707299.0,33035766.0,11760529.0,0.36,29271532.0,0.8860557978283294,1075339640.0,253994194.0,34666758.0,71100000.0,816922776.0,0.0,-34701507.0,406405328.0,1064434081.0,34.998741118866434,0.4875774683544304,0.6298390953020201,2.66656074036086,0.008855922608399075,34.998741118866434,0.010658901124330425,12.301979860252068,37.52867045716044,1.6000575509218136,0.0,0.0,0.0,0.030721238919454323,0.6141435443037975,0.0025176222463072226,-19.675556457770416,0.8860557978283294,-0.5001817103176114,0.02452396935870193,0.2636109827445567,0.03186125407295463,0.06117254335281071,-0.48206590600429183,0.03488888204469357,-0.015900512106978074,0.10761648348905242,0.05191325854945441,REIT—Retail,Real Estate,KRG
2007Q4,2007,Q4,2008-03-17,2007-12-31,5227111.0,38534285.0,11364050.0,0.7202617579856138,27584140.0,0.7158337049720788,1048234644.0,259622851.0,19002.0,67300000.0,783880582.0,0.0,-31442156.0,443272097.03999996,1072183399.04,35.7743332931895,0.0002823476968796434,0.617069505098326,2.4914356748975073,0.011081222849387493,35.7743332931895,0.020133478158284302,11.503317034168402,21.200625787361318,1.7073693449271923,1.463493122682874,0.0,0.01725766420012152,0.036761125212343204,0.6598387518573551,0.004986584854755096,-3.993142254418521,0.7158337049720788,0.3851187653569495,4.252600850470864,1.4514239243283962,21.458284396063412,0.006469114537165573,0.3432486293475733,-0.02892996653907685,3.1972556349896957,0.12851004035895036,0.08252283281895272,REIT—Retail,Real Estate,KRG
2007Q3,2007,Q3,2007-11-09,2007-09-30,3891395.0,33946485.0,11702606.0,0.52,27406842.0,0.8073543402210862,1033815936.0,261069208.0,28573870000.0,65700000.0,768603482.0,0.0,-30728040.0,557772973.4399999,1177837290.44,36.115231552084005,434.91430745814307,0.6106370109195144,2.418080162866239,0.013004709097953268,36.115231552084005,0.014905606945419623,16.430949285029065,35.83374171987166,2.1364946778403677,1.8697664976184634,0.0,0.013044733872862495,0.03283610149340936,0.6161675951293759,0.003764108159385154,-24.797539858152795,0.8073543402210862,0.44444444444444453,0.5086039271315193,1.7307842023805067,0.0,0.042116669145195136,0.4068027245314478,0.17734764414392434,2.7810055751215095,0.6856241220346103,-0.032251868631505046,REIT—Retail,Real Estate,KRG
2007Q2,2007,Q2,2007-08-09,2007-06-30,2766127.0,35821059.0,9939805.0,0.36,26299207.0,0.7341828447897087,1019166789.0,187402470.0,28292987000.0,70200000.0,750677729.0,0.0,-28691515.0,549543338.4,1144456842.4,25.94441406406829,403.03400284900283,0.5967192490610091,3.2451890361957343,0.012458125609668243,25.94441406406829,0.014760355079631554,15.34134818292223,49.667218677956576,2.9324231340173905,2.628215190408828,0.0,0.01322912405992692,0.03514739627175979,0.5885097863247863,0.0027141062972765293,-70.40907694253188,0.7341828447897087,0.6030850481148166,4.139933185052817,2.094571239683905,0.0,0.03590867075005555,0.688670675498306,0.1717314593435393,5.303775017007214,1.6983361168058202,130.079273264053,REIT—Retail,Real Estate,KRG
2007Q1,2007,Q1,2007-05-10,2007-03-31,1638050.0,30452947.0,8483006.0,0.224567,25387573.0,0.8336655562432103,1010017129.0,188911865.0,15771140000.0,69900000.0,739624838.0,0.0,-25825546.0,575740321.8,1157713365.8,26.18396915447724,225.62432045779684,0.5907258608482471,3.158315323391678,0.009346016061798405,26.18396915447724,0.00867097468970517,18.90589839466111,87.86977225969902,3.047666285016031,4.433602148896554,0.0,0.012614127802087179,0.030150921331552984,0.7140783404864092,0.0016218041783329004,-19.672022722140504,0.8336655562432103,-0.5569677410586428,-0.37646524462654485,0.17167172193530605,-0.22802299783914248,-0.04067641234603869,-0.5520878821595049,-0.2402123104864868,-0.37646524462654485,0.17167172193530605,-0.22802299783914248,REIT—Retail,Real Estate,KRG
