Year,Date,FillingDate,NetIncome,Revenue,OperatingIncome,EPSDiluted,GrossProfit,GrossProfitRatio,TotalAssets,CommonStockEquity,CurrentAssets,CurrentLiability,TotalLiability,Inventory,RetainedEarnings,EnterpriseValue,bookValuePerShare,currentRatio,debtToAssets,debtToEquity,roic,shareholdersEquityPerShare,roe,priceToSalesRatio,peRatio,pbRatio,payoutRatio,inventoryTurnover,dividendYield,assetTurnover,quickRatio,returnOnAssets,priceToFreeCashFlowsRatio,grossProfitMargin,epsdilutedGrowth,fiveYNetIncomeGrowthPerShare,fiveYRevenueGrowthPerShare,fiveYShareholdersEquityGrowthPerShare,grossProfitGrowth,netIncomeGrowth,operatingIncomeGrowth,threeYNetIncomeGrowthPerShare,threeYRevenueGrowthPerShare,threeYShareholdersEquityGrowthPerShare,Industry,Sector,Price,MarketCap,AvgVolume,Symbol
2022,2022-12-31,2023-05-22,-30749000.0,0.0,-29993000.0,0.0,0.0,0.0,14695000.0,-24232000.0,11626000.0,36898000.0,38927000.0,0.0,-195666000.0,1254000.0,0.0,0.31508482844598623,0.41714869003062266,-0.25297127764938926,1.8661685951611127,0.0,1.2689418950148563,0.0,0.0,0.0,0.0,0.0,,0.0,0.1657542414222993,-2.0924804355222864,0.0,0.0,1.0,1.0,-1.0,-1.0,0.0,0.25938147309600657,0.31383404634988904,1.0,-1.0,-1.0,Biotechnology,Healthcare,0.2626,9516703,3556078,ARDS
2021,2021-12-31,2022-04-13,-41518000.0,0.0,-43711000.0,-3.38,0.0,0.0,26796000.0,-14110000.0,26796000.0,33348000.0,40906000.0,-237000.0,-165295000.0,14631428.0,-1.1479384294965667,0.8035264483627204,0.22309299895506793,-0.42367115520907156,5.16673785714467,-1.1479384294965667,2.9424521615875268,0.0,-0.6898075051784768,-2.0297255846917084,0.0,0.0,0.0,0.0,0.6064231738035264,-1.5494103597551874,-1.2204648427512146,0.0,-0.414225941422594,-2.1645054238445267,-1.0,-1.6575367990380634,-1.0,-0.8933783290769792,-0.9512968171063791,0.5191789843234053,-1.0,-1.1372706466627513,Biotechnology,Healthcare,0.2626,9516703,3556078,ARDS
2020,2020-12-31,2021-03-30,-21928000.0,1000000.0,-22401000.0,-2.39,1000000.0,1.0,15117000.0,-8681000.0,15117000.0,22440000.0,23798000.0,-368000.0,-123102000.0,48137276.080000006,-0.946803618903527,0.6736631016042781,0.047297744261427535,-0.08236378297431171,2.7610804478114956,-0.946803618903527,2.5259762700149753,55.65427608,-2.53804615468807,-6.411044358944822,0.0,0.0,0.0,0.06615069127472382,0.38324420677361853,-1.450552358272144,-2.670166294679269,1.0,0.32485875706214684,-1.240613839446997,-0.6207297894229706,-1.5423271883706386,-0.021526418786692758,0.26752847646724787,0.22986213772475678,0.23465080484171771,0.0006559393014881376,-1.6532491273002403,Biotechnology,Healthcare,0.2626,9516703,3556078,ARDS
2019,2019-12-31,2020-04-08,-29937000.0,1022000.0,-29087000.0,-3.54,1022000.0,1.0,27967000.0,3636000.0,27967000.0,19331000.0,24331000.0,-413000.0,-100769000.0,16742332.649999999,0.4298747841906809,1.4467435725001294,0.0,0.0,-8.068722970979756,0.4298747841906809,-8.233498349834983,36.82909261252446,-1.25728471957778,10.351851663916392,0.0,0.0,0.0,0.03654306861658383,1.1023744244995086,-1.070440161619051,-4.5169005940237605,1.0,0.4957264957264957,-2.315921282507568,-0.57982755117925,-0.7537685974082428,0.0,-0.35430897986880794,-0.20607869967243023,-2.315921282507568,-0.57982755117925,-0.7537685974082428,Biotechnology,Healthcare,0.2626,9516703,3556078,ARDS
2018,2018-12-31,2019-03-28,-22105000.0,2757000.0,-24117000.0,-7.02,0.0,0.0,31611000.0,26314000.0,28347000.0,5297000.0,5297000.0,0.0,-71088000.0,10659148.880000003,8.362592130252283,5.351519728148008,0.0,0.0,-0.9165083225659345,8.362592130252283,-0.8400471232043779,12.657290126949583,-1.5786540999773808,1.3261438352207948,0.0,0.0,0.0,0.08721647527759324,4.888993770058524,-0.6992818955426908,-1.3987553663620331,0.0,-1.0179186577563961,-5.5814623751242305,2.0468381927699695,3.7900757738361195,-1.0,0.10346365996106424,-0.22185631776269127,-5.5814623751242305,2.0468381927699695,3.7900757738361195,Biotechnology,Healthcare,0.2626,9516703,3556078,ARDS
2017,2017-12-31,2017-12-31,-24656000.0,860000.0,-19738000.0,-3.478832,860000.0,1.0,26478000.0,11436000.0,25340000.0,3174000.0,15042000.0,0.0,-47626000.0,77477796.0,1.4493760180231605,7.983616887208569,0.0,0.0,-1.7259531304651976,1.4493760180231605,-2.1559986009094088,119.2718558139535,-4.160196138870863,8.969377054914306,0.0,0.0,0.0,0.03247979454641589,7.906742281033396,-0.9311881562051515,-5.618942536291427,1.0,-2.0886683281231555,-1.9275706483020658,-0.620978404583517,-0.1698003629764066,1.5146198830409356,-1.927570648302066,-1.5035514967021817,-1.9275706483020658,-0.620978404583517,-0.1698003629764066,Biotechnology,Healthcare,0.2626,9516703,3556078,ARDS
2016,2016-12-31,2016-12-31,-8422000.0,2269000.0,-7884000.0,-1.126321,342000.0,0.1507271925958572,22537000.0,13775000.0,22409000.0,2397000.0,8762000.0,0.0,-20177000.0,80282796.0,1.7458162511602866,9.348769294952023,0.0,0.0,-0.5723411978221415,1.7458162511602866,-0.6113974591651543,45.20660907888938,-12.179268107337924,7.446373575317605,0.0,0.0,0.0,0.10067888361361317,9.327492699207342,-0.37369658783334075,-16.798852931542744,0.1507271925958572,0.0,0.0,0.0,0.0,0.0,0.0,0.0,0.0,0.0,0.0,Biotechnology,Healthcare,0.2626,9516703,3556078,ARDS
TTM,,,,,,,,,,,,,,,,12142703.0,-0.9167227932788786,0.18531794191527193,0.4182743269026924,-0.14152499820672834,1.3212855886697932,-0.9167227932788786,1.0350565288685596,32.59144863013699,-0.2663824016609412,-0.2864551878990029,0.0,0.0,0.0,0.03095187619249523,0.040077897886032006,-3.178185287258851,-0.41333838603196665,1.0,,,,,,,,,,,Biotechnology,Healthcare,0.2626,9516703,3556078,ARDS
