Quarters,Year,Quarter,FillingDate,Date,NetIncome,Revenue,OperatingIncome,EPSDiluted,GrossProfit,GrossProfitRatio,TotalAssets,CommonStockEquity,CurrentAssets,CurrentLiability,TotalLiability,Inventory,RetainedEarnings,MarketCap,EnterpriseValue,bookValuePerShare,currentRatio,debtToAssets,debtToEquity,roic,shareholdersEquityPerShare,roe,priceToSalesRatio,peRatio,pbRatio,payoutRatio,inventoryTurnover,dividendYield,assetTurnover,quickRatio,returnOnAssets,priceToFreeCashFlowsRatio,grossProfitMargin,epsdilutedGrowth,fiveYNetIncomeGrowthPerShare,fiveYRevenueGrowthPerShare,fiveYShareholdersEquityGrowthPerShare,grossProfitGrowth,netIncomeGrowth,operatingIncomeGrowth,threeYNetIncomeGrowthPerShare,threeYRevenueGrowthPerShare,threeYShareholdersEquityGrowthPerShare,Industry,Sector,Symbol
2023Q1,2023,Q1,2023-05-04,2023-03-31,70100000.0,1038100000.0,112600000.0,0.48,193200000.0,0.186109238,4287300000.0,1096500000.0,2316300000.0,824000000.0,3073000000.0,1293800000.0,247000000.0,5070610000.0,6601410000.0,8.53307392996109,2.8110436893203885,0.40281762414573274,1.5750113999088007,0.03763798465493275,8.53307392996109,0.06393068855449156,4.884510162797419,18.083487874465053,4.6243593251254,0.0,0.6530375637656516,0.0,0.24213374384810954,1.1826456310679612,0.016350616938399457,-14.671903935185185,0.1861092380310182,-0.09433962264150951,0.17570105997584848,0.03148611105590949,-0.42222293416113094,0.04038772213247173,-0.08842652795838751,0.035878564857405704,2.2602246113559668,0.06615527144710025,-0.4846150864220264,Metal Fabrication,Industrials,ATI
2022Q4,2022,Q4,2023-02-24,2022-12-31,76900000.0,1010400000.0,108700000.0,0.53,185700000.0,0.1837885986,4445600000.0,1045900000.0,2476400000.0,963900000.0,3288400000.0,1195700000.0,176900000.0,3854926000.0,5018926000.0,8.101471727343144,2.5691461769893142,0.39319776858016914,1.6712878860311693,0.03699276937637558,8.101471727343144,0.07352519361315614,3.8152474267616787,12.532269180754225,3.6857500717085765,0.0,0.689721502049009,0.0,0.22728090696418932,1.2732648615001556,0.01729800251934497,13.116454576386525,0.18378859857482185,0.26190476190476203,40.17077504898164,0.010674473382516125,-0.4527291434041512,0.010337323177366704,0.25859247135842883,1.174,0.3273253223473606,-0.03263771008734049,-0.5119968946593456,Metal Fabrication,Industrials,ATI
2022Q3,2022,Q3,2022-11-03,2022-09-30,61100000.0,1032000000.0,50000000.0,0.42,183800000.0,0.1781007752,4287800000.0,813500000.0,2369400000.0,822800000.0,3349400000.0,1216900000.0,100000000.0,3453978000.0,4854178000.0,6.2673343605547,2.879679144385027,0.40330705723214705,2.125752919483712,0.018788139339376345,6.2673343605547,0.07510755992624463,3.346877906976744,14.132479541734861,4.245824216349108,0.0,0.6970170104363547,0.0,0.24068286767106675,1.3094312105007293,0.014249731797192033,44.682768434670116,0.17810077519379844,2.4999999999999996,1.4182920410685136,-0.014739757881406473,-0.49918985707690966,0.04848830576155162,2.7813411078717203,-0.5322731524789522,-0.46608850761393134,-0.0173826486308497,-0.6360436365342083,Metal Fabrication,Industrials,ATI
2022Q2,2022,Q2,2022-08-04,2022-06-30,-34300000.0,959500000.0,106900000.0,-0.28,175300000.0,0.1826993226,4229400000.0,762900000.0,2311700000.0,799900000.0,3335500000.0,1270900000.0,38900000.0,2829666000.0,4291566000.0,6.122792937399679,2.8899862482810352,0.4104364685298151,2.275396513304496,0.04748777795218728,6.122792937399679,-0.044960020972604535,2.949104742053153,-20.624387755102042,3.7090916240660636,-0.46647230320699706,0.6170430403650956,0.005654377583785506,0.22686433063791556,1.194399299912489,-0.008109897384971863,-83.2254705882353,0.18269932256383534,-2.217391304347826,-3.9354210701969072,-0.05776056660112619,-0.5334808635599961,0.03482880755608028,-1.9744318181818181,0.38831168831168833,-1.4588014993491825,-0.10786403208891172,-0.6218073506190991,Metal Fabrication,Industrials,ATI
2022Q1,2022,Q1,2022-05-04,2022-03-31,35200000.0,834100000.0,77000000.0,0.23,169400000.0,0.2030931543,4236100000.0,658700000.0,2285700000.0,877200000.0,3440400000.0,1189000000.0,103600000.0,3392576000.0,4899976000.0,5.21123417721519,2.6056771545827635,0.43060834257925923,2.7692424472445727,0.027223708089209875,5.21123417721519,0.05343859116441475,4.0673492387003956,24.095000000000002,5.1504114164262935,0.45454545454545453,0.5590412111017662,0.00471618027127469,0.19690281154835815,1.055061559507524,0.008309529992209816,-13.949736842105263,0.2030931542980458,2.210526315789474,0.7106690777576852,-0.1807588248708814,-0.5981870075666096,0.3862520458265139,2.430894308943089,8.857142857142858,1.3281012658227846,-0.1764519231738289,-0.6621400238740642,Metal Fabrication,Industrials,ATI
2021Q4,2021,Q4,2022-02-25,2021-12-31,-24600000.0,765400000.0,-9800000.0,-0.19,122200000.0,0.1596550823,4285200000.0,685600000.0,2306700000.0,856400000.0,3452500000.0,1046300000.0,68300000.0,2026296000.0,3181496000.0,5.389937106918239,2.693484353106025,0.4300616073928871,2.6880105017502918,-0.003254097824054921,5.389937106918239,-0.03588098016336056,2.6473686961066107,-20.59243902439024,2.9555075845974326,0.0,0.6147376469463824,0.0,0.17861476710538599,1.4147594581971041,-0.00574068888266592,9.535510588235294,0.15965508230990333,-1.5428571428571431,-3.0961025347817808,-0.18897648836821637,-0.5732436160180585,0.4812121212121212,-1.5051334702258727,-1.3277591973244147,-1.5891291374007255,-0.2741445141101922,-0.6421381313113625,Metal Fabrication,Industrials,ATI
2021Q3,2021,Q3,2021-11-02,2021-09-30,48700000.0,725700000.0,29900000.0,0.35,82500000.0,0.11368334022323275,4626500000.0,541400000.0,2689100000.0,1207300000.0,3946300000.0,1055800000.0,102500000.0,2115335999.9999998,3399036000.0,4.2562893081761,2.2273668516524476,0.49508267588890087,4.230698189878094,0.007549445464669997,4.2562893081761,0.08995197635759143,2.914890450599421,10.859014373716631,3.907159216845216,0.0,0.6092062890698996,0.0,0.15685723549119204,1.2958668102377204,0.010526315789473684,-11.434248648648648,0.11368334022323275,1.8974358974358974,1.0773945995838723,-0.20549416575857388,-0.6896997942877459,0.9320843091334895,1.9898373983739837,3.646017699115044,-0.050806401394856454,-0.29985333989265883,-0.7308921213091366,Metal Fabrication,Industrials,ATI
2021Q2,2021,Q2,2021-08-03,2021-06-30,-49200000.0,616200000.0,-11300000.0,-0.39,42700000.0,0.06929568321973385,3974000000.0,473000000.0,1996500000.0,599100000.0,3367900000.0,1059000000.0,53800000.0,2650035000.0,3799035000.0,3.721479150275374,3.3324987481221835,0.40802717664821336,3.4281183932346724,-0.005929248928712399,3.721479150275374,-0.1040169133192389,4.300608568646544,-13.465625000000001,5.602610993657505,0.0,0.5415486307837583,0.0,0.15505787619526926,1.4805541645802036,-0.012380473074987419,-38.13,0.06929568321973385,-5.500000000000001,-1.2093342484557308,-0.35816581249930224,-0.7997820332809127,-0.5023310023310024,-5.227848101265823,-1.3553459119496856,-1.6657213753987947,-0.3987236126974699,-0.7579588625379341,Metal Fabrication,Industrials,ATI
2021Q1,2021,Q1,2021-04-29,2021-03-31,-7900000.0,692500000.0,31800000.0,-0.06,85800000.0,0.12389891696750903,4068500000.0,482900000.0,2093400000.0,689200000.0,3459200000.0,1047800000.0,103000000.0,2670408000.0,3742808000.0,3.808359621451104,3.0374347069065584,0.39673098193437384,3.3425139780492854,-0.011740274124325073,3.808359621451104,-0.016359494719403605,3.8561848375451264,-84.506582278481,5.529939946158625,0.0,0.5790227142584463,0.0,0.17021015116136168,1.4619849100406268,-0.001941747572815534,-28.258285714285716,0.12389891696750903,0.9932203389830508,0.933941752596601,-0.22639795525293863,-0.7951899622184726,0.8982300884955752,0.9929527207850134,1.0292252550317067,-1.1342733601653432,-0.3026868658226543,-0.7421347962291381,Metal Fabrication,Industrials,ATI
2020Q4,2020,Q4,2021-02-26,2020-12-31,-1121000000.0,658300000.0,-1088100000.0,-8.85,45200000.0,0.0686617043900957,4034900000.0,521100000.0,2066000000.0,653300000.0,3393500000.0,997100000.0,106500000.0,2123082000.0,3044982000.0,4.11611374407583,3.1624062452165926,0.3885598156088131,3.0086355785837653,-0.508817281665462,4.11611374407583,-2.1512185760890423,3.225097979644539,-0.4734794826048171,4.0742314335060446,0.0,0.6148831611673854,0.0,0.16315150313514584,1.5775294657890708,-0.2778259684254876,26.538525,0.0686617043900957,-21.124999999999996,-3.1873294636062544,-0.24490046153316586,-0.7879493927696676,0.18635170603674542,-21.375249500998002,-112.34375,-613.0132887278135,-0.32851803758793696,-0.7219481632005806,Metal Fabrication,Industrials,ATI
2020Q3,2020,Q3,2020-10-29,2020-09-30,-50100000.0,598000000.0,-9600000.0,-0.4,38100000.0,0.0637123745819398,5063900000.0,1733700000.0,2086300000.0,563700000.0,3214100000.0,1035900000.0,1227400000.0,1103952000.0,2072952000.0,13.69431279620853,3.7010821358878836,0.30435040186417583,0.8889657956970641,-0.0029821471697559516,13.69431279620853,-0.028897733171829035,1.8460735785953177,-5.50874251497006,0.6367606852396609,0.0,0.5404961868906265,0.0,0.11809079958135034,1.777363846017385,-0.009893560299374,35.842597402597406,0.0637123745819398,0.8802395209580839,0.7063463189842218,-0.3913345706718148,-0.3892007469621419,-0.4899598393574297,0.8814481779460482,0.9648866130212144,0.6483447515367651,-0.4146529530739703,0.0942851225342474,Metal Fabrication,Industrials,ATI
2020Q2,2020,Q2,2020-08-04,2020-06-30,-422600000.0,770300000.0,-273400000.0,-3.34,74700000.0,0.09697520446579255,5169400000.0,1735300000.0,2201600000.0,614400000.0,3327100000.0,1103500000.0,1277600000.0,1290054000.0,2280654000.0,13.70695102685624,3.5833333333333335,0.29591441946841024,0.8815190456981502,-0.10742743192363713,13.70695102685624,-0.24353137785973608,1.6747423081916137,-0.7631649313771888,0.7434184290900708,0.0,0.6303579519710013,0.0,0.1490114906952451,1.7322591145833333,-0.08175029984137425,20.125647425897036,0.09697520446579255,-21.875,-20.83995106538743,-0.3614975067304758,-0.43088811469965776,-0.44584569732937684,-21.028436018957347,-4.997076023391813,-36.595091736661814,-0.25550714992607226,0.04438530285986355,Metal Fabrication,Industrials,ATI
2020Q1,2020,Q1,2020-05-05,2020-03-31,21100000.0,955500000.0,68400000.0,0.16,134800000.0,0.14107796964939823,5807100000.0,2087800000.0,2508000000.0,1059200000.0,3614500000.0,1181100000.0,1700400000.0,1071850000.0,2133550000.0,16.556701030927837,2.367824773413897,0.2928656300046495,0.8145895200689721,0.01238632213154252,16.556701030927837,0.010106332024140243,1.1217687074829932,12.699644549763034,0.5133872976338729,0.0,0.6948607230547794,0.0,0.16453995970449967,1.2045883685800605,0.003633483149937146,-7.41764705882353,0.14107796964939823,-0.6097560975609756,0.7937509912767643,-0.2782863973400138,-0.3159337275435658,-0.20378027170702895,-0.6265486725663717,-0.30558375634517765,0.027869038178316385,-0.059288768137079326,0.2766069149510418,Metal Fabrication,Industrials,ATI
2019Q4,2019,Q4,2020-02-25,2019-12-31,56500000.0,1018600000.0,98500000.0,0.41,169300000.0,0.16620852150009818,5634600000.0,2090100000.0,2303000000.0,849200000.0,3441400000.0,1155300000.0,1679300000.0,2601094000.0,3509194000.0,16.60127084988086,2.711964201601507,0.2482696198487914,0.669298119707191,0.07990071221142457,16.60127084988086,0.027032199416295873,2.553597094050658,11.509265486725663,1.2444830390890387,0.0,0.7351337314983122,0.0,0.18077592020729066,1.2757889778615168,0.01002733113264473,15.30055294117647,0.16620852150009818,-0.4743589743589744,1.1768335855146117,-0.17202219437709598,-0.31509535286821583,0.06011271133375078,-0.49099099099099097,0.042328042328042326,3.86392920467583,0.09046075391959946,0.31443060964596825,Metal Fabrication,Industrials,ATI
2019Q3,2019,Q3,2019-11-01,2019-09-30,111000000.0,1018700000.0,94500000.0,0.78,159700000.0,0.15676843035240992,5628900000.0,2168000000.0,2422400000.0,763300000.0,3349000000.0,1168500000.0,1622800000.0,2549475000.0,3591975000.0,17.22001588562351,3.1735883663042053,0.2760397235694363,0.7166974169741698,0.024601473670235467,17.22001588562351,0.05119926199261993,2.5026749779130264,5.742060810810811,1.1759571033210332,0.0,0.7351305091998288,0.0,0.180976745012347,1.5011135857461024,0.019719661035015722,53.560399159663866,0.15676843035240992,0.4444444444444444,136.0187223419948,-0.18905020724382052,-0.3570682282882278,-0.10129431626336523,0.4780292942743009,-0.1409090909090909,1.178223946589828,0.12680211883910214,0.2554067838887096,Metal Fabrication,Industrials,ATI
2019Q2,2019,Q2,2019-08-06,2019-06-30,75100000.0,1080400000.0,110000000.0,0.54,177700000.0,0.16447611995557201,5549300000.0,2026400000.0,2261400000.0,759200000.0,3410700000.0,1217500000.0,1511800000.0,3167968341.77,4435368341.77,16.18961380508758,2.9786617492096945,0.27906222406429637,0.7642123963679431,0.028652249292818687,16.18961380508758,0.03706079747335176,2.932218013485746,10.54583336141811,1.5633479775809318,0.0,0.7414373716632443,0.0,0.19469122231632818,1.1900684931506849,0.013533238426468204,-1508.5563532238095,0.16447611995557201,3.5000000000000004,17.064999957217044,-0.17385691505625303,-0.3970484965313212,0.35545385202135776,4.006666666666667,0.7432646592709984,4.424468075986628,0.1427272674437604,-0.12898838684020392,Metal Fabrication,Industrials,ATI
2019Q1,2019,Q1,2019-04-30,2019-03-31,15000000.0,1004800000.0,63100000.0,0.12,131100000.0,0.1304737261146497,5491000000.0,1934200000.0,2177900000.0,760000000.0,3444400000.0,1254400000.0,1437000000.0,3323100000.0,4648700000.0,15.424242424242424,2.865657894736842,0.28093243489346204,0.7975390342260366,0.017299802466743636,15.424242424242424,0.00775514424568297,3.3072253184713376,55.385,1.718074656188605,0.0,0.6965082908163265,0.0,0.18299034784192314,1.093157894736842,0.0027317428519395373,-21.634765625,0.1304737261146497,-0.6,1.6399521531100478,-0.1316061670617156,-0.4242075360590519,-0.11178861788617886,-0.635036496350365,-0.15528781793842034,1.126827354048074,0.13500865876061294,-0.17049859055673003,Metal Fabrication,Industrials,ATI
2018Q4,2018,Q4,2019-02-28,2018-12-31,41100000.0,1037900000.0,74700000.0,0.3,147600000.0,0.14221023219963388,5501800000.0,1885700000.0,2246700000.0,836900000.0,3510200000.0,1211100000.0,1422000000.0,2725604000.0,3885704000.0,15.061501597444089,2.6845501254630184,0.28029008688065726,0.8177864983825635,0.025016789491921397,15.061501597444089,0.02179561966378533,2.626075729839098,16.579099756690997,1.4454070106591717,0.0,0.7351168359342747,0.0,0.18864735177578248,1.1482853387501493,0.007470282453015377,11.437700377675199,0.14221023219963388,-0.1891891891891892,-0.7978100091756304,-0.032704932023544395,-0.4442096708565308,-0.0798004987531172,-0.18613861386138614,-0.21285563751317177,1.1552396729358192,0.2038302121666911,-0.22407378461410088,Metal Fabrication,Industrials,ATI
2018Q3,2018,Q3,2018-10-31,2018-09-30,50500000.0,1020200000.0,94900000.0,0.37,160400000.0,0.15722407371103705,5389000000.0,1980200000.0,2122400000.0,730600000.0,3305800000.0,1239800000.0,1380900000.0,3689644000.0,5088044000.0,15.81629392971246,2.9050095811661647,0.2879755056596771,0.7837087162912837,0.023901656238498343,15.81629392971246,0.025502474497525504,3.6165889041364436,18.265564356435643,1.8632683567316433,0.0,0.6934989514437813,0.0,0.18931156058637966,1.085956747878456,0.00937094080534422,72.48809430255403,0.15722407371103705,-0.2884615384615385,2.274505170425544,-0.10503244171727537,-0.31520647355037473,-0.07656879677605066,-0.30631868131868134,-0.14504504504504503,1.2993081056478377,0.050006887023275014,-0.29455529007850234,Metal Fabrication,Industrials,ATI
2018Q2,2018,Q2,2018-08-07,2018-06-30,72800000.0,1009500000.0,111000000.0,0.52,173700000.0,0.17206537890044576,5393300000.0,1925000000.0,2126300000.0,741300000.0,3351400000.0,1254100000.0,1330400000.0,3145024000.0,4574424000.0,15.375399361022364,2.8683394037501686,0.2877273654348914,0.8061298701298701,0.02998259268892935,15.375399361022364,0.03781818181818182,3.115427439326399,10.80021978021978,1.6337787012987015,0.0,0.6664540307790447,0.0,0.18717668217974154,1.0683933630109268,0.0134982292844826,59.22832391713747,0.17206537890044576,0.2380952380952382,13.113854196921292,-0.2416213318927497,-0.3408427056209102,0.16890982503364738,0.25517241379310346,0.3619631901840491,4.804371542117977,-0.15386745510361913,-0.3616142276679567,Metal Fabrication,Industrials,ATI
2018Q1,2018,Q1,2018-05-01,2018-03-31,58000000.0,979000000.0,81500000.0,0.42,148600000.0,0.15178753830439223,5350000000.0,1846100000.0,2051800000.0,759900000.0,3386700000.0,1210800000.0,1257800000.0,2960000000.0,4449100000.0,14.7688,2.7000921173838663,0.29887850467289717,0.8661502627159959,0.021850926229775178,14.7688,0.031417583012837876,3.0234933605720125,12.75862068965517,1.6033800985862088,0.0,0.6858275520317145,0.0,0.18299065420560748,0.993420186866693,0.010841121495327103,-33.370913190529876,0.15178753830439223,41.0,3.946240000000001,-0.2921051382058674,-0.3669920469623255,0.13782542113323124,33.11764705882353,0.18631732168850074,3.9740800000000003,-0.2540289649044869,-0.38980368457565706,Metal Fabrication,Industrials,ATI
2017Q4,2017,Q4,2018-02-20,2017-12-31,1700000.0,909900000.0,68700000.0,0.01,130600000.0,0.1435322562919002,5185400000.0,1739400000.0,1915700000.0,712600000.0,3340900000.0,1176100000.0,1184300000.0,2836450000.0,4235550000.0,14.80340425531915,2.688324445691833,0.29712269063138813,0.885765206393009,0.27227828419865246,14.80340425531915,0.0009773485109807979,3.1173205846796352,417.125,1.6307059905714614,0.0,0.6626137233228467,0.0,0.17547344467157788,0.963934886331743,0.0003278435607667682,73.10438144329896,0.1435322562919002,1.0089285714285714,-0.8535278622087132,-0.25241203670604057,-0.36538075804951375,0.39978563772775993,1.0140264026402641,1.7869415807560138,-0.9298199672667757,-0.20750496115370948,-0.3892684205009957,Metal Fabrication,Industrials,ATI
2017Q3,2017,Q3,2017-11-01,2017-09-30,-121200000.0,869100000.0,-87300000.0,-1.12,93300000.0,0.10735243355195029,5075100000.0,1347800000.0,1804100000.0,673600000.0,3627600000.0,1101100000.0,1182600000.0,2574030000.0,4363230000.0,12.51439182915506,2.678295724465558,0.37715512994817835,1.4201661967650987,-0.026344328118942606,12.51439182915506,-0.08992432111589256,2.9617190196755265,-5.309467821782177,1.9098011574417568,0.0,0.7045681591136137,0.0,0.1712478571850801,0.9661520190023754,-0.0238813028314713,1514.1352941176472,0.10735243355195029,-13.444444444444446,-4.385608433877548,-0.29783241034372193,-0.4970183505823459,-0.16918967052537845,-13.0,-2.914473684210526,-171.33903700756073,-0.19122552257059103,-0.5327588450524441,Metal Fabrication,Industrials,ATI
2017Q2,2017,Q2,2017-08-02,2017-06-30,10100000.0,880200000.0,45600000.0,0.09,112300000.0,0.12758463985457852,5186300000.0,1413500000.0,1800100000.0,701000000.0,3671900000.0,1076200000.0,1303800000.0,1831977000.0000002,3621477000.0,13.124419684308263,2.5679029957203996,0.3748529780382932,1.3753802617615847,0.016105056076717254,13.124419684308263,0.0071453837990802975,2.0813190184049084,45.345965346534655,1.2960573045631414,0.0,0.7135290838134176,0.0,0.16971636812371055,0.9888730385164052,0.0019474384435917706,-315.8581034482759,0.12758463985457852,-0.43750000000000006,-0.8235823834265131,-0.3611878025046245,-0.45932792525524885,-0.004432624113475178,-0.4228571428571429,-0.14446529080675422,3.510933147632312,-0.2177869715548852,-0.5112058461628769,Metal Fabrication,Industrials,ATI
2017Q1,2017,Q1,2017-05-02,2017-03-31,17500000.0,865900000.0,53300000.0,0.16,112800000.0,0.13026908418986027,5154400000.0,1394200000.0,1762600000.0,795600000.0,3665000000.0,1051900000.0,1294600000.0,1930700000.0,3716200000.0,12.969302325581396,2.2154348919054803,0.3774057116250194,1.3952804475684981,0.01457861397972193,12.969302325581396,0.012552001147611534,2.2297031989837164,27.58142857142857,1.3848084923253479,0.0,0.7159425800931648,0.0,0.16799239484712092,0.8350930115635998,0.0033951575353096384,-14.301481481481481,0.13026908418986027,0.7777777777777779,-0.6932467102540759,-0.36930707131496365,-0.4538969716584215,0.1593011305241521,0.7676767676767676,14.676470588235293,1.8709302325581394,-0.12704086079253013,-0.5158513244122355,Metal Fabrication,Industrials,ATI
2016Q4,2016,Q4,2017-02-24,2016-12-31,9900000.0,796100000.0,3400000.0,0.09,97300000.0,0.12222082652933049,5170000000.0,1355200000.0,1766500000.0,708700000.0,3725200000.0,1037000000.0,1277100000.0,1709289000.0,3356689000.0,12.630009319664492,2.4925920699873005,0.3630560928433269,1.3850354191263283,-0.0005003901711252741,12.630009319664492,0.007305194805194805,2.1470782565004396,43.16386363636364,1.2612817296340024,0.0,0.6738669238187078,0.0,0.1539845261121857,0.9619020742204035,0.0019148936170212765,41.99727272727273,0.12222082652933049,1.018181818181818,-0.6917719416359687,-0.3721329222175172,-0.45965418860240387,0.9382470119521913,1.0186510926902788,1.006814992984566,-0.9431726201801371,-0.13428350535460695,-0.5339351132125743,Metal Fabrication,Industrials,ATI
2016Q3,2016,Q3,2016-11-02,2016-09-30,-530800000.0,770500000.0,-498900000.0,-4.95,50200000.0,0.06515249837767684,5192300000.0,1471800000.0,1762100000.0,601500000.0,3629600000.0,1078900000.0,1267100000.0,1938911000.0,3626311000.0,13.71668219944082,2.9295095594347464,0.36126572039365984,1.274493817094714,-0.14782642613227803,13.71668219944082,-0.36064682701454004,2.516432186891629,-0.9132022418990203,1.3173739638537845,-0.016201959306706856,0.6676244322921494,0.0044354795037007885,0.1483928124337962,1.0679966749792187,-0.10222829959748088,-18.00288765088208,0.06515249837767684,-26.500000000000004,-9.34537509779664,-0.44203590365261114,-0.475525412318103,0.04149377593360996,-27.23404255319149,-40.231404958677686,-14.630963344491198,-0.21132291314847088,-0.4061127583815302,Metal Fabrication,Industrials,ATI
2016Q2,2016,Q2,2016-08-03,2016-06-30,-18800000.0,810500000.0,-12100000.0,-0.18,48200000.0,0.0594694632942628,5861000000.0,1994400000.0,1952400000.0,605700000.0,3761700000.0,1094300000.0,1806700000.0,1368075000.0,2922575000.0,18.58713886300093,3.2233779098563646,0.32021839276573966,0.941034897713598,-0.0011702297057023599,18.58713886300093,-0.0094263939029282,1.6879395434916717,-18.19248670212766,0.685958182912154,-0.4574468085106383,0.6966097048341405,0.00628620506916653,0.13828698174372975,1.3452204061416544,-0.0032076437468008872,-28.56106471816284,0.0594694632942628,0.8085106382978724,-1.2795142124883505,-0.42940119707628965,-0.29470142419727396,2.4518072289156625,0.8142292490118577,0.8845419847328244,-5.252817080403288,-0.2895436319114176,-0.2031525246594013,Metal Fabrication,Industrials,ATI
2016Q1,2016,Q1,2016-05-06,2016-03-31,-101200000.0,757500000.0,-104800000.0,-0.94,-33200000.0,-0.04382838283828383,5719100000.0,1995200000.0,1800700000.0,828700000.0,3620700000.0,1166300000.0,1835900000.0,1748990000.0,3241290000.0,18.594594594594593,2.172921443224327,0.2883670507597349,0.8265838011226945,-0.021322808565858564,18.594594594594593,-0.05072173215717723,2.308897689768977,-4.320627470355731,0.8765988372093024,-0.08498023715415019,0.6779559290062591,0.004917123597047439,0.13245091010823382,0.7231808857246289,-0.017695091885086816,-13.351068702290076,-0.04382838283828383,0.5566037735849058,-2.6350167770514434,-0.43863334265249165,-0.1400936117354029,0.6594871794871795,0.5539885412075805,0.6816524908869988,-11.053979496738117,-0.36191432261906437,-0.20301403892735165,Metal Fabrication,Industrials,ATI
2015Q4,2015,Q4,2016-02-26,2015-12-31,-226900000.0,738900000.0,-329200000.0,-2.12,-97500000.0,-0.1319529029638652,5751700000.0,2082800000.0,1867600000.0,686500000.0,3567300000.0,1271600000.0,1945900000.0,1207125000.0,2553025000.0,19.410997204100653,2.720466132556446,0.2600448563033538,0.7181198386787018,-0.05720475408009879,19.410997204100653,-0.10893988861148454,1.6336784409257004,-1.3300187307183782,0.5795683695025926,-0.0379021595416483,0.6577540106951871,0.007124365745055401,0.1284663664655667,0.8013109978150036,-0.03944920632160926,-53.41261061946903,-0.1319529029638652,-0.5703703703703703,-14.668084160890738,-0.3522524199151961,-0.07168104315943566,-2.397212543554007,-0.5691562932226832,-2.6096491228070176,-22.40813029778547,-0.3351978022824418,-0.16785408824169243,Metal Fabrication,Industrials,ATI
2015Q3,2015,Q3,2015-10-29,2015-09-30,-144600000.0,832700000.0,-91200000.0,-1.35,-28700000.0,-0.03446619430767383,6161100000.0,2405700000.0,2098600000.0,737100000.0,3655600000.0,1356100000.0,2181700000.0,1521514000.0,2829614000.0,22.42031686859273,2.8471035137701803,0.244371946567983,0.6258469468346012,-0.027944868294116697,22.42031686859273,-0.06010724529243048,1.827205476161883,-2.6305567081604426,0.6324620692521926,-0.1334716459197787,0.6352038935181771,0.012684733758611488,0.13515443670773075,0.9428842762176095,-0.02346983493207382,-80.93159574468085,-0.03446619430767383,-8.000000000000002,-132.3932898415657,-0.2853728270693476,0.06726925822077492,-1.3727272727272728,-7.817073170731708,-20.82608695652174,-5.054323347475638,-0.32473292346153954,-0.09887686809047114,Metal Fabrication,Industrials,ATI
2015Q2,2015,Q2,2015-07-30,2015-06-30,-16400000.0,1022500000.0,4600000.0,-0.15,77000000.0,0.07530562347188265,6469300000.0,2584300000.0,2383500000.0,888000000.0,3768600000.0,1472900000.0,2346300000.0,3240460000.0,4510560000.0,24.084808946877914,2.6841216216216215,0.2351104447158116,0.5885539604535077,0.0007210642791477324,24.084808946877914,-0.006346012459853732,3.169154034229829,-49.39725609756098,1.2539024107108308,-1.1768292682926829,0.6419308846493312,0.005955944526394401,0.15805419442598118,0.9507882882882883,-0.0025350501599863975,83.51701030927835,0.07530562347188265,-2.6666666666666665,-1.4093995473305818,-0.11681340118143584,0.14583237646169447,-0.2968036529680365,-2.64,-0.9008620689655172,-1.2875281738084379,-0.2551460353114631,-0.007804997373812266,Metal Fabrication,Industrials,ATI
2015Q1,2015,Q1,2015-05-04,2015-03-31,10000000.0,1125500000.0,46400000.0,0.09,109500000.0,0.09729009329187029,6556800000.0,2594600000.0,2465600000.0,937000000.0,3848800000.0,1472600000.0,2382400000.0,3217072000.0,4506072000.0,24.203358208955223,2.631376734258271,0.23288799414348463,0.5885300238957836,0.006885816800337695,24.203358208955223,0.003854158637169506,2.8583491781430475,80.4268,1.2399105835196178,1.93,0.689936167323102,0.005999244033083499,0.17165385553928747,0.9913553895410886,0.0015251342118106394,-303.49735849056606,0.09729009329187029,-0.55,-0.500779071674594,0.13699037335006095,0.16732215377679552,-0.10172272354388844,-0.5475113122171946,-0.09902912621359224,-0.8242218622191534,-0.17792886307832376,0.019139417227975433,Metal Fabrication,Industrials,ATI
2014Q4,2014,Q4,2015-02-26,2014-12-31,22100000.0,1047500000.0,51500000.0,0.2,121900000.0,0.11637231503579952,6582600000.0,2598400000.0,2482100000.0,959900000.0,3873300000.0,1472800000.0,2398900000.0,3727344000.0000005,4984744000.0,24.238805970149254,2.585790186477758,0.23196001579922826,0.5876308497536946,0.01076041145447224,24.238805970149254,0.008505233990147782,3.5583236276849646,42.164524886877835,1.4344766009852217,0.8733031674208145,0.6284627919608908,0.005177949767984924,0.15913165010786012,0.9095739139493697,0.0033573360070488865,143.91289575289576,0.11637231503579952,31.857142857142858,-0.4687919529337439,0.16677668114008842,0.1732728861408098,0.256701030927835,32.57142857142857,0.8197879858657244,-0.31129349310231175,-0.17308845436394824,0.03700139467491054,Metal Fabrication,Industrials,ATI
2014Q3,2014,Q3,2014-10-31,2014-09-30,-700000.0,1069600000.0,28300000.0,-0.006481481481481481,97000000.0,0.09068810770381451,6503200000.0,2871200000.0,2415000000.0,839600000.0,3523600000.0,1417700000.0,2396400000.0,3977120000.0,5239520000.0,26.78358208955224,2.876369699857075,0.23474597121417148,0.5316940651992198,0.0056502752484889895,26.78358208955224,-0.0002438005015324603,3.718324607329843,-1420.4,1.3851769295068264,-27.428571428571427,0.6860407702616915,0.00482761395180432,0.16447287489236068,1.0575273939971415,-0.00010763931602903186,-65.95555555555555,0.09068810770381451,0.7839506172839507,-1.453358208955224,0.3902291866356291,0.25240014389016097,0.08379888268156424,0.825,0.18907563025210083,-1.0110158477276538,-0.22471756992061723,0.024103931899421734,Metal Fabrication,Industrials,ATI
2014Q2,2014,Q2,2014-08-04,2014-06-30,-4000000.0,1119000000.0,23800000.0,-0.03,89500000.0,0.07998212689901697,6570900000.0,2875700000.0,2513800000.0,903000000.0,3592300000.0,1406500000.0,2416500000.0,4830210000.0,6013210000.0,26.85060690943044,2.7838316722037653,0.23407752362690043,0.5348610773029175,0.0007929675109882643,26.85060690943044,-0.0013909656779218973,4.316541554959786,-301.888125,1.6796640817887818,-4.825,0.7319587628865979,0.003995685487794527,0.1702963064420399,1.1140642303433002,-0.0006087446164147986,-124.16992287917738,0.07998212689901697,0.8421052631578947,0.6897220426632191,0.4303704580423719,0.2574700031783372,0.27492877492877493,0.8,8.52,-1.0595821661998133,-0.21074348650380537,0.01886013507743255,Metal Fabrication,Industrials,ATI
2014Q1,2014,Q1,2014-05-05,2014-03-31,-20000000.0,987300000.0,2500000.0,-0.19,70200000.0,0.07110300820419325,6917500000.0,2866300000.0,2895700000.0,1253700000.0,3950400000.0,1408500000.0,2440700000.0,4031760000.0,5140860000.0,26.78785046728972,2.309723219270958,0.2814311528731478,0.6792031538917769,0.0003196404684011424,26.78785046728972,-0.006977636674458361,4.083621999392282,-50.397,1.406607821930712,-0.965,0.6511182108626198,0.004786991289164037,0.14272497289483194,1.1128659168860173,-0.0028912179255511385,-41.77989637305699,0.07110300820419325,-1.1172839506172838,-4.079360050689054,0.07849253550188125,0.3345869120556436,5.212389380530974,-1.1153402537485582,1.0204081632653061,-1.3240318055809166,-0.26628219517283713,0.23880322464225368,Metal Fabrication,Industrials,ATI
2013Q4,2013,Q4,2014-02-27,2013-12-31,173400000.0,915300000.0,-122500000.0,1.62,11300000.0,0.012345679012345678,6898500000.0,2894200000.0,2950800000.0,1211000000.0,3903800000.0,1322100000.0,2490100000.0,3805284000.0000005,4725784000.0,27.09925093632959,2.4366639141205617,0.282278756251359,0.6728284154515929,-0.014663703022166309,27.09925093632959,0.05991292930688964,4.157417240249099,5.4862802768166095,1.3147964895307858,0.11072664359861592,0.6837606837606838,0.005045615517790525,0.13268101761252446,1.2840627580511974,0.02513589910850185,-49.93811023622048,0.012345679012345678,6.0625,0.423025095997001,-0.2513473149127086,0.3430108555607179,-0.7871939736346516,6.1301775147929,-6.0,9.49423320187514,-0.19385704261346415,0.2960049448185848,Metal Fabrication,Industrials,ATI
2013Q3,2013,Q3,2013-11-01,2013-09-30,-33800000.0,972400000.0,-17500000.0,-0.32,53100000.0,0.05460715754833402,6599300000.0,2466700000.0,2693500000.0,1168600000.0,4035200000.0,1344900000.0,2335900000.0,3259536000.0,4685936000.0,23.096441947565545,2.304894745849735,0.29731941266497963,0.7954351968216645,-0.002999936547184332,23.096441947565545,-0.013702517533546845,3.3520526532291237,-24.108994082840237,1.3214156565451818,-0.5710059171597633,0.6835452449996282,0.005921088154878486,0.14734896125346628,0.9520794112613383,-0.005121755337687331,-1358.14,0.05460715754833402,-9.0,-1.2174285959344713,-0.35264146619368714,-0.033049539980128995,-0.4884393063583815,-8.681818181818182,-1.8064516129032258,-31.85674157303371,-0.16157468917536508,0.09945468698742332,Metal Fabrication,Industrials,ATI
2013Q2,2013,Q2,2013-08-05,2013-06-30,4400000.0,1135500000.0,21700000.0,0.04,103800000.0,0.09141347424042272,6119600000.0,2491200000.0,2331800000.0,1186600000.0,3532700000.0,1504900000.0,2389100000.0,2806704000.0,4206504000.0,23.325842696629213,1.9651103994606438,0.2408490751029479,0.5916425818882466,0.0046909283498524626,23.325842696629213,0.0017662170841361592,2.471778071334214,159.4718181818182,1.1266473988439307,4.363636363636363,0.6855605023589607,0.006840764113351461,0.18555134322504738,0.6148660037080735,0.000719001241911236,-131.1543925233645,0.09141347424042272,-0.5555555555555556,-0.9754770822883473,-0.26847935226010944,-0.0337933129424814,-0.09186351706036745,-0.56,-0.24125874125874125,-0.8896468699839487,-0.014617689152817638,0.1097246330249577,Metal Fabrication,Industrials,ATI
2013Q1,2013,Q1,2013-05-06,2013-03-31,10000000.0,1179400000.0,28600000.0,0.09,114300000.0,0.0969136849245379,6174300000.0,2487100000.0,2446400000.0,813100000.0,3577600000.0,1537500000.0,2404900000.0,3348306000.0,4689406000.0,23.331144465290805,3.0087320132824993,0.2395575206906046,0.5947086968758796,0.005467112130179757,23.331144465290805,0.004020747054802782,2.838991012379176,83.70765,1.3462691488078486,1.92,0.6927479674796748,0.005734242927617727,0.19101760523460148,1.0078711105645062,0.0016196167986654358,-23.203783783783784,0.0969136849245379,-0.10000000000000009,-0.9334690563644531,-0.17059278850867315,0.027713493770176324,-0.0819277108433735,-0.047619047619047616,-0.12,-0.49796919778158055,0.19814669024711506,0.12525549438936584,Metal Fabrication,Industrials,ATI
2012Q4,2012,Q4,2013-02-28,2012-12-31,10500000.0,1101100000.0,32500000.0,0.1,124500000.0,0.11306874943238579,6247800000.0,2479600000.0,2510600000.0,871500000.0,3660700000.0,1536600000.0,2427600000.0,3227268000.0,4402768000.0,23.32643461900282,2.880780263912794,0.23689938858478185,0.596910792063236,0.006882226632075929,23.32643461900282,0.00423455396031618,2.930949050949051,76.83971428571428,1.3015276657525408,1.8285714285714285,0.6355590264219706,0.005949304489122069,0.1762380357885976,1.053241537578887,0.0016805915682320176,71.24211920529801,0.11306874943238579,-0.6875,-0.9331916771912178,-0.18091366594555564,0.0565266633059462,-0.23525798525798525,-0.7025495750708215,-0.5428973277074542,-0.7454792515940212,0.23686412388300104,0.12910979618868645,Metal Fabrication,Industrials,ATI
2012Q3,2012,Q3,2012-11-02,2012-09-30,35300000.0,1220500000.0,71100000.0,0.32,162800000.0,0.13338795575583778,6078800000.0,2642300000.0,2484800000.0,775700000.0,3333900000.0,1460200000.0,2443600000.0,3412206000.0000005,4610506000.0,24.880414312617702,3.203300244940054,0.24335395143778377,0.5598531582333574,0.011893654708327116,24.880414312617702,0.013359573099193884,2.79574436706268,24.165764872521247,1.2913772092495175,0.5410764872521246,0.724352828379674,0.005597551847690321,0.2007797591629927,1.2462292123243521,0.0058070671843126935,32.160282752120644,0.13338795575583778,-0.36,-0.8250569920426103,-0.12147077906853711,0.22490798680742308,-0.18149824032176973,-0.374113475177305,-0.34288354898336415,22.077481840193705,0.6013013139480642,0.16340802962738274,Metal Fabrication,Industrials,ATI
2012Q2,2012,Q2,2012-08-03,2012-06-30,56400000.0,1357400000.0,108200000.0,0.5,198900000.0,0.14653013113304847,6080000000.0,2575500000.0,2527500000.0,823500000.0,3404500000.0,1512500000.0,2429800000.0,3383529000.0,4674629000.0,24.27426955702168,3.069216757741348,0.2469407894736842,0.5829547660648418,0.01736772204316278,24.27426955702168,0.02189866045428072,2.49265433917784,14.997912234042552,1.3137367501456028,0.33865248226950356,0.7659504132231405,0.005644993732874758,0.22325657894736842,1.1591985428051002,0.009276315789473685,-190.08589887640449,0.14653013113304847,0.0,-0.7381408930220245,-0.1154645473323616,0.3121900022678669,-0.0391304347826087,0.0035587188612099642,0.0444015444015444,5.416153121148409,0.7514606204616958,0.13681474388942774,Metal Fabrication,Industrials,ATI
2012Q1,2012,Q1,2012-05-04,2012-03-31,56200000.0,1352500000.0,103600000.0,0.5,207000000.0,0.15304990757855821,6078700000.0,2515000000.0,2574700000.0,875000000.0,3464800000.0,1511400000.0,2394900000.0,4359903000.0,5619503000.0,23.748819641170915,2.9425142857142856,0.24839192590521,0.6003578528827038,0.017843383912552208,23.748819641170915,0.02234592445328032,3.2235881700554527,19.394586298932385,1.7335598409542745,0.3398576512455516,0.7579065766838693,0.004380831408405187,0.2224982315297679,1.146742857142857,0.009245397864675013,-49.488115777525536,0.15304990757855821,0.8518518518518517,-0.7278516270381181,-0.05618039740616192,0.4238328642315679,0.22485207100591717,0.7728706624605678,0.44692737430167595,7.742881836078168,0.4927706854052464,0.1831805582377309,Metal Fabrication,Industrials,ATI
2011Q4,2011,Q4,2012-02-27,2011-12-31,31700000.0,1251400000.0,71600000.0,0.27,169000000.0,0.13504874540514625,6046900000.0,2475300000.0,2569500000.0,861800000.0,3475300000.0,1384300000.0,2361500000.0,5062020000.0,6190720000.0,23.373937677053824,2.981550243676027,0.2495989680662819,0.6097442734214035,0.012315551144451228,23.373937677053824,0.012806528501595766,4.0450855042352565,39.92129337539432,2.0450127257302144,0.8264984227129337,0.7819114353825037,0.005175799384435463,0.20694901519786998,1.2644465073102809,0.0052423555871603635,63.35444305381727,0.13504874540514625,-0.5178571428571429,-0.8182901264135345,-0.1437613039687645,0.5884740283358241,-0.21686746987951808,-0.4911717495987159,-0.3988245172124265,-0.7376397591684825,0.03225826162072655,0.15838818243493175,Metal Fabrication,Industrials,ATI
2011Q3,2011,Q3,2011-11-04,2011-09-30,62300000.0,1352600000.0,119100000.0,0.56,215800000.0,0.15954458080733402,6127000000.0,2748700000.0,2689500000.0,978500000.0,3285700000.0,1434500000.0,2349700000.0,3887649000.0,5084449000.0,26.153187440532825,2.7485947879407258,0.2657581197976171,0.5923891294066286,0.01831141343472095,26.153187440532825,0.022665259941063047,2.874204495046577,15.600517656500804,1.4143591515989378,0.30497592295345105,0.7924712443360056,0.004887272487819759,0.22076056797780316,1.2271844660194176,0.010168108372776236,35.863920664206645,0.15954458080733402,-0.0508474576271185,-0.6340933370553883,-0.0017305357000961512,1.1173884965156784,-0.03228699551569507,-0.0265625,-0.037186742118027485,-0.5927542652944124,-0.08496470304611337,0.09492348146181323,Metal Fabrication,Industrials,ATI
2011Q2,2011,Q2,2011-08-04,2011-06-30,64000000.0,1351600000.0,123700000.0,0.59,223000000.0,0.16498964190588933,6049000000.0,2690700000.0,2691100000.0,998800000.0,3269000000.0,1465400000.0,2307300000.0,6480287000.0,7763187000.0,26.353574926542606,2.6943331998398077,0.27288808067449166,0.6134834801352808,0.01874920684117087,26.353574926542606,0.02378563199167503,4.794530186445694,25.313621093749997,2.408401902850559,0.2984375,0.7701651426231746,0.0029474003234733277,0.22344189122168953,1.1773127753303965,0.01058026120019838,-83.94154145077721,0.16498964190588933,0.09259259259259246,-0.5554351529560148,0.08867443214141606,1.4449298455311834,0.08568646543330087,0.13676731793960922,0.05998286203941731,-0.6268830755438339,-0.08917877164811344,0.09162188277881364,Metal Fabrication,Industrials,ATI
2011Q1,2011,Q1,2011-05-05,2011-03-31,56300000.0,1227400000.0,116700000.0,0.54,205400000.0,0.16734560860355222,5192500000.0,2110500000.0,2787100000.0,915400000.0,2989400000.0,1231900000.0,2264400000.0,6609472000.0,7355072000.0,21.623975409836067,3.0446799213458595,0.3007992296581608,0.7400615967780146,0.01988639860433002,21.623975409836067,0.026676143094053542,5.384937265765032,29.349342806394315,3.1317090736792226,0.31261101243339257,0.8296127932462051,0.0026628450805147525,0.23637939335580163,1.6498798339523706,0.01084256138661531,-71.45375135135136,0.16734560860355222,2.857142857142857,-0.4453420572171131,0.19120015559196799,1.3680101202868855,0.6135113904163394,2.728476821192053,2.031168831168831,-0.5908905935407527,-0.057242079767021226,-0.047485589457301886,Metal Fabrication,Industrials,ATI
2010Q4,2010,Q4,2011-02-28,2010-12-31,15100000.0,1037600000.0,38500000.0,0.14,127300000.0,0.1226869699306091,4493600000.0,2040800000.0,2115100000.0,791000000.0,2364200000.0,1024500000.0,2224800000.0,5385568000.0,6016568000.0,20.90983606557377,2.6739570164348927,0.2366254228235713,0.5210211681693454,0.00954917461433394,20.90983606557377,0.00739905919247354,5.190408635312259,89.16503311258279,2.638949431595453,1.1788079470198676,0.888530990727184,0.0033051295610787945,0.23090617767491545,1.236030341340076,0.0033603346982374934,1055.993725490196,0.1226869699306091,13.0,-0.8716484216136778,0.17149079265520986,1.5763535225919634,0.41759465478841873,14.1,0.6108786610878661,-0.8953590523125874,-0.1593478513211549,-0.05292858983953076,Metal Fabrication,Industrials,ATI
2010Q3,2010,Q3,2010-11-03,2010-09-30,1000000.0,1058800000.0,23900000.0,0.01,89800000.0,0.08481299584435209,4489700000.0,2048200000.0,2160700000.0,710400000.0,2357000000.0,1012000000.0,2228400000.0,4528875000.0,5146675000.0,21.00717948717949,3.041525900900901,0.23634095819319775,0.5180646421247925,0.002670088207364324,21.00717948717949,0.00048823357094033784,4.2773658859085755,1132.21875,2.2111488135924224,17.7,0.9575098814229249,0.003908255361430819,0.23582867452168296,1.5009853603603605,0.00022273203109339154,48.230830670926515,0.08481299584435209,-0.9722222222222222,-0.9887292195022795,0.2228481619172597,1.7854454139690685,-0.40843214756258234,-0.9725274725274725,-0.6846965699208444,-0.9946018893164598,-0.1698582405715931,0.03422160141013895,Metal Fabrication,Industrials,ATI
2010Q2,2010,Q2,2010-08-05,2010-06-30,36400000.0,1052000000.0,75800000.0,0.36,151800000.0,0.14429657794676806,4397800000.0,2049400000.0,2076600000.0,654600000.0,2267300000.0,1053000000.0,2245200000.0,4308525000.0,4999925000.0,21.01948717948718,3.1723189734188817,0.24332620855882486,0.5221528252171367,0.01531704380567885,21.01948717948718,0.01776129598906997,4.09555608365019,29.591517857142854,2.1023348297062556,0.4835164835164835,0.8548907882241216,0.004084924655189421,0.23921051434808313,1.4482126489459213,0.008276865705580063,-25.6765494636472,0.14429657794676806,1.0,-0.6111111124681933,0.13984217601052654,2.330235403246701,0.2504118616144975,1.0,0.6059322033898306,-0.8160919538983051,-0.25400845109244047,0.13624679271728368,Metal Fabrication,Industrials,ATI
2010Q1,2010,Q1,2010-05-07,2010-03-31,18200000.0,899400000.0,47200000.0,0.18,121400000.0,0.13497887480542584,4403000000.0,2019500000.0,2090300000.0,692000000.0,2304500000.0,971100000.0,2227200000.0,5258626000.0,5759526000.0,20.734086242299796,3.020664739884393,0.24174426527367704,0.5270611537509284,0.009183177145821848,20.734086242299796,0.00901213171577123,5.8468156548810315,72.23387362637364,2.603924733845011,0.9725274725274725,0.8011533312738132,0.003365898240338826,0.2042698160345219,1.4972543352601155,0.004133545310015898,-42.6836525974026,0.13497887480542584,-0.5263157894736842,-0.7080338809034907,0.0005955490782164302,2.758496757263597,-0.2335858585858586,-0.5185185185185185,-0.3407821229050279,-0.9041752228621615,-0.317595934020808,0.24308802911699218,Metal Fabrication,Industrials,ATI
2009Q4,2009,Q4,2010-02-25,2009-12-31,37800000.0,815700000.0,71600000.0,0.38,158400000.0,0.19418904008826773,4346000000.0,2012200000.0,1997600000.0,624600000.0,2256400000.0,825500000.0,2230500000.0,4360598000.0,4722898000.0,20.659137577002053,3.198206852385527,0.24645651173492866,0.5323029519928436,0.01513167186811784,20.659137577002053,0.01878540900506908,5.345835478729925,28.839933862433867,2.167079813139847,0.9338624338624338,0.796244700181708,0.008095219967536562,0.18768982972848597,1.7624079410822926,0.008697653014265993,-114.15178010471205,0.19418904008826773,37.0,0.05685318275154003,0.02585493292116036,3.6233248422352857,0.6833156216790648,26.0,5.884615384615385,-0.7644147655561659,-0.3931712254681436,0.4039783943250769,Metal Fabrication,Industrials,ATI
2009Q3,2009,Q3,2009-11-05,2009-09-30,1400000.0,697600000.0,10400000.0,0.01,94100000.0,0.13489105504587157,4380000000.0,2078700000.0,2047100000.0,582100000.0,2226500000.0,737300000.0,2210800000.0,3401028000.0,3645328000.0,21.385802469135804,3.5167496993643703,0.24442922374429224,0.5150334343580122,0.005080494078049089,21.385802469135804,0.0006734978592389475,4.875326834862386,607.3264285714286,1.6361321980083705,0.0,0.8185270581852706,0.0,0.15926940639269407,2.1338258031266104,0.00031963470319634703,-119.33431578947368,0.13489105504587157,1.0714285714285714,-0.8559670781893004,-0.15519010813593653,3.7122188376778866,0.25132978723404253,1.1196581196581197,-0.037037037037037035,-0.9911090788654278,-0.4432998648018469,0.731416189321748,Metal Fabrication,Industrials,ATI
2009Q2,2009,Q2,2009-08-03,2009-06-30,-11700000.0,710000000.0,10800000.0,-0.14,75200000.0,0.10591549295774648,4321400000.0,2075500000.0,2018000000.0,518800000.0,2173800000.0,692900000.0,2227200000.0,3395196000.0,3617896000.0,21.352880658436213,3.889745566692367,0.2483917249039663,0.5171765839556733,,21.352880658436213,-0.00563719585642014,4.781966197183099,-72.54692307692308,1.6358448566610455,-1.5811965811965811,0.9161495165247511,0.005448875411021926,0.1642986069329384,2.4072860447185813,-0.0027074559170639145,-17.878862559241707,0.10591549295774648,-3.3333333333333335,-1.3647586998746866,-0.08926662226805307,10.497472283765061,-0.06815365551425032,-2.983050847457627,109.0,-1.0853690569272978,-0.39928612072961994,0.9809948121040488,Metal Fabrication,Industrials,ATI
2009Q1,2009,Q1,2009-05-06,2009-03-31,5900000.0,831600000.0,-100000.0,0.06,80700000.0,0.09704184704184704,4033300000.0,1951000000.0,1745900000.0,545600000.0,2011000000.0,746200000.0,2260300000.0,2131596000.0,2129096000.0,20.07201646090535,3.1999633431085046,0.12483574244415244,0.25807278318810867,-0.0007197664154274462,20.07201646090535,0.0030240902101486417,2.5632467532467533,90.32186440677965,1.0925658636596618,2.983050847457627,1.0062985794693111,0.008256724069664233,0.20618352217786923,1.75,0.0014628220067934446,35.705125628140706,0.09704184704184704,-0.9469026548672566,1.0963485531386765,0.18456982423752927,10.781080828117593,-0.6371402877697842,-0.9467989179440938,-1.0006518904823989,-0.9416350112616682,-0.18960518084254366,1.198057351303155,Metal Fabrication,Industrials,ATI
2008Q4,2008,Q4,2009-02-23,2008-12-31,110900000.0,1112700000.0,153400000.0,1.13,222400000.0,0.19987417992271053,4170400000.0,1961300000.0,1929400000.0,693900000.0,2209100000.0,887600000.0,2286700000.0,2481516000.0,2521416000.0,20.17798353909465,2.780515924484796,0.12224247074621139,0.25992963850507317,0.04247012802980867,20.17798353909465,0.056544128894100855,2.2301752493933673,5.594039675383228,1.2652404017743333,0.15599639314697927,1.0030419107706174,0.006971544813734829,0.2668089391904853,1.4417062977374262,0.02659217341262229,9.570057848052448,0.19987417992271053,-0.22068965517241385,1.3922463264486853,0.8905913896279988,8.240061151274025,-0.2746249184605349,-0.23039555863983344,-0.3396470081790788,-0.053459141933740614,0.26145149941197915,1.486180131050332,Metal Fabrication,Industrials,ATI
2008Q3,2008,Q3,2008-10-31,2008-09-30,144100000.0,1392400000.0,232300000.0,1.45,306600000.0,0.22019534616489514,4312000000.0,2364700000.0,2141200000.0,797800000.0,1947300000.0,1083900000.0,2230400000.0,2925450000.0,3168750000.0,23.885858585858585,2.683880671847581,0.11964285714285715,0.2181672093711676,0.05096774124786381,23.885858585858585,0.06093796253224511,2.1010126400459637,5.075381679389313,1.2371336744618768,0.12283136710617627,1.0017529292370144,0.006050351228016203,0.32291280148423007,1.2748809225369766,0.033418367346938774,21.076729106628243,0.22019534616489514,-0.12650602409638553,5.0432098765432105,1.3314789000657217,4.521146162579274,-0.07733975323502859,-0.14683244523386618,-0.08218095614381667,0.599511598968164,0.5837697299184254,2.1671436566388125,Metal Fabrication,Industrials,ATI
2008Q2,2008,Q2,2008-08-05,2008-06-30,168900000.0,1461200000.0,253100000.0,1.66,332300000.0,0.22741582261155216,4366800000.0,2427100000.0,2268000000.0,790800000.0,1939700000.0,1171200000.0,2104800000.0,5959757125.92,6173557125.92,24.141669695606875,2.8679817905918057,0.11999633598974077,0.2158955131638581,0.057919416354633296,24.141669695606875,0.06958922170491533,4.078673094661922,8.821428546358792,2.455505387466524,0.10775606867969213,0.9638831967213115,0.003053815720248917,0.3346157369240634,1.3258725341426403,0.03867820829898324,-52.60156333556929,0.22741582261155216,0.18571428571428572,6.2500000149200705,1.4104894060354436,4.0013020468333975,0.14349621472814866,0.18943661971830986,0.1483666061705989,0.7499999988664868,0.5354048048657496,2.824900314040845,Metal Fabrication,Industrials,ATI
2008Q1,2008,Q1,2008-05-09,2008-03-31,142000000.0,1343400000.0,220400000.0,1.4,290600000.0,0.21631680809885365,4276400000.0,2286300000.0,2317700000.0,830800000.0,1990100000.0,1085500000.0,1954500000.0,7186609939.2,7243009939.2,22.70199292577184,2.7897207510832933,0.12262650827799083,0.22936622490486813,0.050636095646512135,22.70199292577184,0.06210908454708481,5.34956821438142,12.652482287323943,3.1433363684555835,0.12816901408450704,0.9698756333486872,0.0025324875224862963,0.3141427368814891,1.425132402503611,0.03320549995323169,-156.2306508521739,0.21631680809885365,-0.047619047619047665,5.147058799325124,1.2127537810740334,3.2858417084471934,-0.013242784380305603,-0.04633982538616521,-0.00765420981539847,1.203124996897007,0.44544227346231163,3.115221948911428,Metal Fabrication,Industrials,ATI
2007Q4,2007,Q4,2008-02-26,2007-12-31,148900000.0,1273600000.0,222100000.0,1.47,294500000.0,0.23123429648241206,4095600000.0,2223500000.0,2248700000.0,704000000.0,1872100000.0,916100000.0,1830700000.0,8701276608.0,8606176608.0,22.078415461861386,3.1941761363636365,0.12896767262427972,0.23755340679109513,0.05394199270579852,22.078415461861386,0.06696649426579716,6.832032512562814,14.609262269979853,3.913324312120531,0.1229012760241773,1.068769784957974,0.0021031396683993337,0.31096786795585507,1.8117897727272727,0.03635608946186151,164.17503033962265,0.23123429648241206,-0.2180851063829787,3.968419873780244,1.2192542491183218,2.9210774900848913,-0.19732897247206324,-0.23207839092315627,-0.24301295160190867,3.026310670888497,0.5490957547269325,3.940946169778501,Metal Fabrication,Industrials,ATI
2007Q3,2007,Q3,2007-11-02,2007-09-30,193900000.0,1335000000.0,293400000.0,1.88,366900000.0,0.2748314606741573,3916800000.0,2072900000.0,2348300000.0,703700000.0,1843900000.0,970800000.0,1701600000.0,11560522152.960001,11426422152.960001,20.3120679925237,3.337075458291886,0.13518688725490197,0.2554392397124801,0.07435608888498528,20.3120679925237,0.09354045057648705,8.659567155775282,14.90526321939144,5.57698015001206,0.06859205776173286,0.9972187886279357,0.0011504670657626495,0.3408394607843137,1.8640045473923548,0.0495046977124183,70.27673041313071,0.2748314606741573,-0.06000000000000005,22.11111093956564,1.3228718650834357,0.8957020113558282,-0.08617683686176837,-0.061016949152542375,-0.10766423357664233,17.999999921609074,0.5398408586158833,3.4756286122394013,Metal Fabrication,Industrials,ATI
2007Q2,2007,Q2,2007-08-02,2007-06-30,206500000.0,1471300000.0,328800000.0,2.0,401500000.0,0.27288792224563313,3786100000.0,1881800000.0,2354600000.0,763600000.0,1904300000.0,1054000000.0,1524100000.0,10668827593.439999,10679927593.439999,18.4990508349159,3.0835515976951284,0.14281186445154645,0.2873312785630779,0.08600104307480974,18.4990508349159,0.10973535976193007,7.251293137660571,12.916256166392252,5.669480068785205,0.06440677966101695,1.0149905123339658,0.0012466224506409536,0.38860568923166317,1.6232320586694604,0.05454161274134334,586.199318320879,0.27288792224563313,0.041666666666666706,23.555555450041428,1.453791234219549,0.6938661283485051,0.03880983182406209,0.04398382204246714,0.06614785992217899,5.151515177408428,0.8033348940700187,8.960825785179239,Metal Fabrication,Industrials,ATI
2007Q1,2007,Q1,2007-05-03,2007-03-31,197800000.0,1372600000.0,308400000.0,1.92,386500000.0,0.2815823983680606,3584000000.0,1691900000.0,2235900000.0,775400000.0,1892100000.0,954700000.0,1335800000.0,10822195850.93,10846995850.93,16.67949956611514,2.8835439773020375,0.15145089285714286,0.32082274366097285,0.08961723259420351,16.67949956611514,0.11690998285950706,7.884449840397785,13.678205069426188,6.396474880861753,0.06673407482305359,1.0328899130616949,0.0012197154978363903,0.3829799107142857,1.5537786948671652,0.05518973214285714,636.5997559370588,0.2815823983680606,0.18518518518518506,14.92857143823321,1.175766368944209,0.42213789898067433,0.12649373360536287,0.18372232196289648,0.14689475641502417,4.095238108539169,0.8735477665199465,8.789875020463766,Metal Fabrication,Industrials,ATI
