Quarters,Year,Quarter,FillingDate,Date,NetIncome,Revenue,OperatingIncome,EPSDiluted,GrossProfit,GrossProfitRatio,TotalAssets,CommonStockEquity,CurrentAssets,CurrentLiability,TotalLiability,Inventory,RetainedEarnings,MarketCap,EnterpriseValue,bookValuePerShare,currentRatio,debtToAssets,debtToEquity,roic,shareholdersEquityPerShare,roe,priceToSalesRatio,peRatio,pbRatio,payoutRatio,inventoryTurnover,dividendYield,assetTurnover,quickRatio,returnOnAssets,priceToFreeCashFlowsRatio,grossProfitMargin,epsdilutedGrowth,fiveYNetIncomeGrowthPerShare,fiveYRevenueGrowthPerShare,fiveYShareholdersEquityGrowthPerShare,grossProfitGrowth,netIncomeGrowth,operatingIncomeGrowth,threeYNetIncomeGrowthPerShare,threeYRevenueGrowthPerShare,threeYShareholdersEquityGrowthPerShare,Industry,Sector,Symbol
2023Q1,2023,Q1,2023-05-15,2023-03-31,-7760000.0,3322000.0,-6752000.0,-0.21,1374000.0,0.4136062613,24402000.0,14607000.0,5232000.0,9482000.0,9795000.0,0.0,-217979000.0,20924804.0668,20334804.0668,0.3872898199729393,0.5517823244041341,0.0,0.0,-0.4957178614053411,0.3872898199729393,-0.5312521393852263,6.298857334978928,-0.6741238423582474,1.4325189338536317,0.0,0.0,0.0,0.13613638226374888,0.4274414680447163,-0.3180067207605934,-6.395111267359413,0.4136062612883805,0.5227272727272727,0.5886992359851977,4.693088075238223,0.0,-0.5489166119500984,0.5213717387281811,-0.03210027514521553,0.6559569325680348,2.1117185489723322,-0.6300001319432931,Internet Content & Information,Communication Services,SLGG
2022Q4,2022,Q4,2023-03-31,2022-12-31,-16213000.0,7122000.0,-6542000.0,-0.44,3046000.0,0.4276888514,30210000.0,19204000.0,9997000.0,10693000.0,11006000.0,0.0,-210743000.0,12512033.697800001,10709033.697800001,0.5163823816376103,0.9349106892359488,0.022476001324064878,0.035357217246406995,-0.3258294039923437,0.5163823816376103,-0.8442511976671527,1.756814616371806,-0.19293211771109603,0.6515326857842116,0.0,0.0,0.0,0.23574975173783516,0.8057607780791172,-0.5366765971532605,-3.1548244321230463,0.427688851446223,0.8301158301158301,0.07912163720001965,11.48204661750753,0.16421646717575666,0.7026271660145332,0.8327849915943852,0.20654942389326864,0.20166089925912772,5.27497931916707,-0.6702330560973344,Internet Content & Information,Communication Services,SLGG
2022Q3,2022,Q3,2022-11-16,2022-09-30,-96959000.0,4508000.0,-8245000.0,-2.59,1789000.0,0.3968500444,37356000.0,25284000.0,7711000.0,11600000.0,12072000.0,0.0,-194530000.0,25236212.175,28369212.175,0.6762781942730278,0.6647413793103448,0.11446621693971518,0.1691188103148236,-0.5141289995302123,0.6762781942730278,-3.834796709381427,5.598094981144632,-0.06506928746944585,0.9981099578785003,0.0,0.0,0.0,0.12067673198415248,0.5468103448275862,-2.5955402077310206,-4.14932788145347,0.3968500443655723,-9.791666666666666,-3.3169759702865176,5.571053631072859,4.252830732877761,-0.01757276221856123,-10.14855697366908,0.05695985359716345,-4.03172850858462,1.9523805455166336,-0.6631610266639141,Internet Content & Information,Communication Services,SLGG
2022Q2,2022,Q2,2022-08-15,2022-06-30,-8697000.0,4279000.0,-8743000.0,-0.24,1821000.0,0.4255667212,86127000.0,76168000.0,12997000.0,9487000.0,9959000.0,0.0,-141928000.0,37685518.74,34635518.74,2.0615706668656566,1.369979972594076,0.046663647868844846,0.05276494065749396,-0.10874505013109836,2.0615706668656566,-0.11418180863354689,8.807085473241411,-1.0832907537081753,0.4947683901375906,0.0,0.0,0.0,0.049682445690666106,1.2345314641087803,-0.10097878713992128,-7.9859120025429124,0.42556672119654126,-0.14285714285714285,0.5047391435789467,1.6974156098043185,0.0,-0.020441097364174286,-0.09866093986862051,-0.09822886572038689,0.6402561686430528,3.3693680870017837,-0.17049215353671693,Internet Content & Information,Communication Services,SLGG
2022Q1,2022,Q1,2022-05-16,2022-03-31,-7916000.0,3768000.0,-7961000.0,-0.21,1859000.0,0.4933651805,88412000.0,83880000.0,14688000.0,4060000.0,4532000.0,0.0,-133208000.0,69257239.16,61473239.16,2.2769374279516112,3.617733990147783,0.0,0.0,-0.09436106077065871,2.2769374279516112,-0.0943729136862184,18.380371326963907,-2.1872549002021224,0.8256704716261325,0.0,0.0,0.0,0.042618649052164864,3.3421182266009852,-0.08953535719133149,-10.26185200177804,0.49336518046709127,-0.1052631578947368,0.570442602583785,5.611146645024293,0.0,-0.32936507936507936,-0.10977148464881537,-0.11094055260954508,0.9199218772364365,1.459849268962287,-0.4114470078483657,Internet Content & Information,Communication Services,SLGG
2021Q4,2021,Q4,2022-03-31,2021-12-31,-7133000.0,6194000.0,-7166000.0,-0.19,2772000.0,0.4475298676,96805000.0,90697000.0,22195000.0,5590000.0,6108000.0,0.0,-125292000.0,86711009.08,72178009.08,2.468486092723487,3.9704830053667264,0.0,0.0,-0.0786464822430731,2.468486092723487,-0.0786464822430731,13.999194233128835,-3.0390792471610824,0.9560515681885838,0.0,0.0,0.0,0.06398429833169775,3.7318425760286225,-0.07368421052631578,-3.644240034502932,0.4475298676138198,0.050000000000000044,0.5899194664517076,9.987858947683208,4.565356720787297,1.0457564575645757,-0.024267662263067202,-0.0276781872938477,0.783708048521678,2.4569134039357183,4.029258742789795,Internet Content & Information,Communication Services,SLGG
2021Q3,2021,Q3,2021-11-15,2021-09-30,-6964000.0,3605000.0,-6973000.0,-0.2,1355000.0,0.37586685159500693,98863000.0,94058000.0,29320000.0,4254000.0,4805000.0,0.0,-118159000.0,110500660.49,85988660.49,2.6472274346855356,6.8923366243535495,0.0,0.0,-0.0740819189239384,2.6472274346855356,-0.07403942248399924,30.65205561442441,-3.9668531192561747,1.1748140561143123,0.0,0.0,0.0,0.03646460253077491,6.607898448519041,-0.07044091318288945,-16.971380815542926,0.37586685159500693,-1.5,0.6737382371853602,4.5293271442942835,13.732900201992654,1.4591651542649728,-2.0199479618386817,-0.10454617456043086,0.6737382371853602,4.5293271442942835,13.732900201992654,Internet Content & Information,Communication Services,SLGG
2021Q2,2021,Q2,2021-08-16,2021-06-30,-2306000.0,1084000.0,-6313000.0,-0.08,551000.0,0.5083025830258303,101503000.0,98553000.0,34076000.0,2950000.0,2950000.0,0.0,-111195000.0,146423419.45,114968419.44999999,3.627839535473982,11.551186440677967,0.0,0.0,-0.02545190944741343,3.627839535473982,-0.023398577415197915,135.0769552121771,-15.874178171075455,1.4857327473542155,0.0,0.0,0.0,0.010679487305793918,11.246101694915254,-0.022718540338709202,-24.931622586412395,0.5083025830258303,0.6521739130434784,0.8214020854004767,-0.0706326554667013,0.0,0.23542600896860988,0.5014054054054055,-0.3646779074794639,0.8214020854004767,-0.0706326554667013,0.0,Internet Content & Information,Communication Services,SLGG
2021Q1,2021,Q1,2021-05-17,2021-03-31,-4625000.0,788000.0,-4626000.0,-0.23,446000.0,0.565989847715736,43019000.0,40163000.0,38408000.0,1645000.0,2856000.0,0.0,-109169000.0,139446736.0,103915736.0,2.0276381370446708,23.348328267477203,0.02815035216997141,0.030152130069964894,-0.11180934886643785,2.0276381370446708,-0.11515574035804098,176.96286294416242,-7.537661405405405,3.4720199188307643,0.0,0.0,0.0,0.018317487621748528,22.891793313069908,-0.10751063483577024,-30.072619365969377,0.565989847715736,0.41025641025641024,0.5332344602188448,1.5713651026099014,0.0,-0.07660455486542443,0.024261603375527425,0.023844692973201097,0.5332344602188448,1.5713651026099014,0.0,Internet Content & Information,Communication Services,SLGG
2020Q4,2020,Q4,2021-03-19,2020-12-31,-4740000.0,779000.0,-4739000.0,-0.39,483000.0,0.62002567394095,13977000.0,10940000.0,9367000.0,1829000.0,3037000.0,0.0,0.0,34140491.74,26198491.740000002,0.9068469263940367,5.121377802077638,0.0,0.0,-0.433180987202925,0.9068469263940367,-0.43327239488117003,43.826048446726574,-1.8006588470464135,3.120703084095064,0.0,0.0,0.0,0.05573442083422766,4.6637506834335705,-0.33912856836230953,-14.201535665557405,0.62002567394095,-0.08333333333333341,0.17004571366768925,3.2087994594568037,1.0445432734701245,0.23529411764705882,-0.10283852954862727,-0.10286246218291832,0.17004571366768925,3.2087994594568037,1.0445432734701245,Internet Content & Information,Communication Services,SLGG
2020Q3,2020,Q3,2020-11-13,2020-09-30,-4298000.0,718000.0,-4297000.0,-0.36,391000.0,0.5445682451253482,17209000.0,15246000.0,12531000.0,758000.0,1963000.0,0.0,-99804000.0,22076713.740000002,12935713.740000002,1.2637832029070826,16.53166226912929,0.07002150037770934,0.07903712449166994,-0.261199927056106,1.2637832029070826,-0.28191000918273645,30.747512172701953,-1.284127137040484,1.4480331719795358,0.0,0.0,0.0,0.04172235458190482,14.931398416886543,-0.24975303620198733,-5.124585362116992,0.5445682451253482,0.25,0.40694499509670157,2.2434903436535714,7.078671287826858,0.8798076923076923,0.05745614035087719,0.05746874314542663,0.40694499509670157,2.2434903436535714,7.078671287826858,Internet Content & Information,Communication Services,SLGG
2020Q2,2020,Q2,2020-08-12,2020-06-30,-4560000.0,324000.0,-4559000.0,-0.48,208000.0,0.6419753086419753,12803000.0,10751000.0,8099000.0,850000.0,2052000.0,0.0,-95506000.0,22915200.0,17876200.0,1.1259949727691663,9.528235294117646,0.0938842458798719,0.11180355315784578,-0.38141052455450514,1.1259949727691663,-0.4241465910147893,70.72592592592592,-1.2563157894736843,2.1314482373732675,0.0,0.0,0.0,0.025306568772943842,7.9270588235294115,-0.3561665234710615,-4.03223649480908,0.6419753086419753,0.2,-0.004826991523287034,-0.20966265127915865,0.0,0.6507936507936508,0.11180366186209584,0.11441336441336442,-0.004826991523287034,-0.20966265127915865,0.0,Internet Content & Information,Communication Services,SLGG
2020Q1,2020,Q1,2020-05-15,2020-03-31,-5134000.0,243000.0,-5148000.0,-0.6,126000.0,0.5185185185185185,11145000.0,8986000.0,6599000.0,2159000.0,2159000.0,0.0,-90946000.0,18886634.8,14115634.8,1.0467296164375455,3.0565076424270496,0.0,0.0,-0.5728911640329402,1.0467296164375455,-0.5713331849543735,77.72277695473251,-0.9196842033502143,2.101784420209215,0.0,0.0,0.0,0.02180349932705249,2.38073182028717,-0.46065500224315836,-5.144820157995097,0.5185185185185185,-0.0987415529010238,-0.1954920850022284,0.829563948551326,0.0,-0.015625,-0.09513651877133106,-0.09438775510204081,-0.1954920850022284,0.829563948551326,0.0,Internet Content & Information,Communication Services,SLGG
2019Q4,2019,Q4,2020-03-23,2019-12-31,-4688000.0,262000.0,-4704000.0,-0.546079283536525,128000.0,0.48854961832061067,14447000.0,13443000.0,9659000.0,1004000.0,1004000.0,0.0,-85812000.0,20260208.24,11818208.239999998,1.5659009830591948,9.620517928286853,0.0,0.0,-0.3499218924347244,1.5659009830591948,-0.34873168191623893,77.32903908396946,-1.0804291936860067,1.507119559622108,0.0,0.0,0.0,0.018135252993701115,8.700199203187251,-0.32449643524607186,-4.906807517558731,0.48854961832061067,-0.05015246833947115,-0.15349274756226963,0.9891773315301342,2.5304219804377617,-0.189873417721519,-0.06135386008603124,-0.06305084745762712,-0.15349274756226963,0.9891773315301342,2.5304219804377617,Internet Content & Information,Communication Services,SLGG
2019Q3,2019,Q3,2019-11-14,2019-09-30,-4417000.0,350000.0,-4425000.0,-0.52,158000.0,0.4514285714285714,18773000.0,17206000.0,14064000.0,1567000.0,1567000.0,0.0,-81124000.0,36936363.82,24350363.82,2.007719556840774,8.975111678366305,0.0,0.0,-0.25717772869929095,2.007719556840774,-0.2567127746135069,105.53246805714286,-2.090579795109803,2.146714159014297,0.0,0.0,0.0,0.0186437969424173,8.243777919591576,-0.23528471741330634,-10.27722977740679,0.4514285714285714,0.2,0.14204910640124246,1.2256797624044085,10.656931027491884,0.43636363636363634,0.19763851044504996,0.19618528610354224,0.14204910640124246,1.2256797624044085,10.656931027491884,Internet Content & Information,Communication Services,SLGG
2019Q2,2019,Q2,2019-08-14,2019-06-30,-5505000.0,223000.0,-5505000.0,-0.65,110000.0,0.49327354260089684,22094000.0,20909000.0,17888000.0,1185000.0,1185000.0,0.0,-76707000.0,69071468.9,52891468.900000006,2.4852937505720254,15.095358649789029,0.0,0.0,-0.2632837534076235,2.4852937505720254,-0.2632837534076235,309.7375286995516,-3.1367606221616717,3.3034324405758286,0.0,0.0,0.0,0.01009323798316285,14.050632911392405,-0.24916266859780936,-18.010813272490225,0.49327354260089684,0.7574626865671642,-0.37670423576948725,-0.38265315347802215,0.0,-0.37142857142857144,0.6574148982512913,0.10283572359843546,-0.37670423576948725,-0.38265315347802215,0.0,Internet Content & Information,Communication Services,SLGG
2019Q1,2019,Q1,2019-05-15,2019-03-31,-16069000.0,249000.0,-6136000.0,-2.68,175000.0,0.7028112449799196,24207000.0,23167000.0,22881000.0,1040000.0,1040000.0,0.0,-71202000.0,46169870.1,24683870.1,3.8687041920007483,22.00096153846154,0.0,0.0,-0.2648594984244831,3.8687041920007483,-0.6936159191954072,185.42116506024098,-0.7183065234302072,1.992915358052402,0.0,0.0,0.0,0.01028628082785971,20.9625,-0.6638162514975007,-12.325112146289376,0.7028112449799196,-1.9858306122986182,-4.364229112669318,1.6876226638932528,0.0,0.7914359126598217,-1.1471198676532899,-0.2617650439674532,-4.364229112669318,1.6876226638932528,0.0,Internet Content & Information,Communication Services,SLGG
2018Q4,2018,Q4,2018-12-31,2018-12-31,-7483979.0,406615.0,-4863029.0,-0.8975726851218875,97687.0,0.2402444572876062,4987157.0,-6794496.0,3748967.0,11781653.0,11781653.0,0.0,-55133473.0,70873170.0,79021350.0,-0.8148812307958004,0.3182038208051111,0.0,0.0,0.7157306443332957,-0.8148812307958004,1.1014766952545119,174.30043161221303,-2.3674962877367776,-10.430967948174523,0.0,0.0,0.0,0.08153242418476098,0.2768558028317419,-1.5006503705417735,-22.036142383117593,0.2402444572876062,-0.4941067631726889,-0.8959583597330149,2.178517267795444,-2.8372008446072465,0.17695180722891565,-0.49410640846476345,-0.36678724002248453,-0.8959583597330149,2.178517267795444,-2.8372008446072465,Internet Content & Information,Communication Services,SLGG
2018Q3,2018,Q3,2018-09-30,2018-09-30,-5009000.0,153000.0,-3558000.0,-0.600742,83000.0,0.5424836601307189,7951861.0,-1733512.0,6814755.0,9685373.0,9685373.0,0.0,-47649495.0,70873170.0,74134076.0,-0.2079045145010446,0.7036130668380041,0.0,0.0,2.0524807442925113,-0.2079045145010446,2.8895098505231,463.22333333333336,-3.537291375524057,-40.88415309498867,0.0,0.0,0.0,0.019240778982429395,0.6298822977700498,-0.6299154374051559,-27.32706102449339,0.5424836601307189,-0.2639403483745815,0.0,0.0,0.0,-0.5284090909090909,-0.2639414584910421,0.012215435868961688,0.0,0.0,0.0,Internet Content & Information,Communication Services,SLGG
2018Q2,2018,Q2,2018-06-30,2018-06-30,-3963000.0,358000.0,-3602000.0,-0.475293,176000.0,0.49162011173184356,,,,,,,,70873170.0,,,0.0,0.0,0.0,0.0,,0.0,197.96974860335195,-4.470929220287661,0.0,0.0,0.0,0.0,0.0,0.0,0.0,-24.591662040249826,0.49162011173184356,0.0498681630180773,0.0,0.0,0.0,28.333333333333332,0.04986813713737713,0.1269995152690257,0.0,0.0,0.0,Internet Content & Information,Communication Services,SLGG
2018Q1,2018,Q1,2018-03-31,2018-03-31,-4171000.0,129000.0,-4126000.0,-0.500239,6000.0,0.046511627906976744,,,,,,,,70873170.0,,,0.0,0.0,0.0,0.0,,0.0,549.4044186046511,-4.2479723087988495,0.0,0.0,0.0,0.0,0.0,0.0,0.0,-24.83292571829012,0.046511627906976744,-0.05666352111159613,0.0,0.0,0.0,1.027957169616148,-0.05666281512099435,-0.04546929941141041,0.0,0.0,0.0,Internet Content & Information,Communication Services,SLGG
2017Q4,2017,Q4,2017-12-31,2017-12-31,-3947333.0,127926.0,-3946553.0,-0.473413712128299,-214614.0,-1.67764176164345,4082101.0,3698287.0,2603286.0,383814.0,383814.0,0.0,-34506657.0,70873170.0,69163697.0,0.4435449902974567,6.782675983679595,0.0,0.0,-1.0671299982938047,0.4435449902974567,-1.0673409067495303,554.016931663618,-4.488674378371422,19.16378312445735,0.0,0.0,0.0,0.031338274089739576,4.750152417577264,-0.9669856282340883,-27.114931253505425,-1.67764176164345,0.0,0.0,0.0,0.0,0.0,0.0,0.0,0.0,0.0,0.0,Internet Content & Information,Communication Services,SLGG
