Quarters,Year,Quarter,FillingDate,Date,NetIncome,Revenue,OperatingIncome,EPSDiluted,GrossProfit,GrossProfitRatio,TotalAssets,CommonStockEquity,CurrentAssets,CurrentLiability,TotalLiability,Inventory,RetainedEarnings,MarketCap,EnterpriseValue,bookValuePerShare,currentRatio,debtToAssets,debtToEquity,roic,shareholdersEquityPerShare,roe,priceToSalesRatio,peRatio,pbRatio,payoutRatio,inventoryTurnover,dividendYield,assetTurnover,quickRatio,returnOnAssets,priceToFreeCashFlowsRatio,grossProfitMargin,epsdilutedGrowth,fiveYNetIncomeGrowthPerShare,fiveYRevenueGrowthPerShare,fiveYShareholdersEquityGrowthPerShare,grossProfitGrowth,netIncomeGrowth,operatingIncomeGrowth,threeYNetIncomeGrowthPerShare,threeYRevenueGrowthPerShare,threeYShareholdersEquityGrowthPerShare,Industry,Sector,Symbol
2022Q3,2022,Q3,2022-11-14,2022-09-30,40318.0,2463984.0,60486.0,0.0004,430918.0,0.1748866876,35471993.0,33621577.0,23357782.0,1279650.0,1850416.0,827958.0,-31520990.0,39116133.856,31791993.856,0.3163078534690655,18.253258312819913,0.009434767310649841,0.009954024464706102,0.0014249065788356219,0.3163078534690655,0.0011991704017928725,15.875157410113053,242.54758331266433,1.1634235317397517,0.0,2.455518275081586,0.0,0.06946280125844635,17.256810065252218,0.0011366150190658868,-41.999662698208176,0.17488668757589335,-0.8787878787878788,1.0974948295160418,-0.3398214845216253,0.9692507698231828,-0.403499397848867,-0.8883847374059791,-0.8351588155940426,1.044076293027809,-0.10249505666801954,1.1043778959550057,Other Industrial Metals & Mining,Basic Materials,UAMY
2022Q2,2022,Q2,2022-08-16,2022-06-30,361223.0,3587925.0,366935.0,0.0033,722410.0,0.2013447884,35756017.0,33516278.0,24126852.0,1460946.0,2239739.0,590204.0,-31563788.0,42910481.8079,34954995.8079,0.3154759423304294,16.514540578501876,0.009983858101421083,0.01065103350676349,0.010661290522018948,0.3154759423304294,0.010777539200504305,11.95969308385766,29.69805480817943,1.2802877994955166,0.0,4.855126363088017,0.0,0.10034464968511454,15.8914306209812,0.010102439541853893,110.9724183437339,0.2013447884222775,-0.5599999999999999,14.53367072768157,-0.19703702061935724,0.9176238546247073,-0.3659666417410048,-0.5444418380576197,-0.5293170681649093,1.4807337929234778,0.02136580110969084,1.056455644428431,Other Industrial Metals & Mining,Basic Materials,UAMY
2022Q1,2022,Q1,2022-05-16,2022-03-31,792924.0,3580306.0,779580.0,0.0075,1139388.0,0.3182376032,35539545.0,33155055.0,24096396.0,1744678.0,2384490.0,1026980.0,-31925011.0,68525032.845,47401772.845,0.3120758879951471,13.81137149663147,0.00593966523769508,0.006366842099945242,0.02356266544610143,0.3120758879951471,0.023915629155192172,19.139434686588242,21.605170497109434,2.066804981774273,0.0,2.3767921478509804,0.0,0.10074146981904242,13.074163828511622,0.022311034088928264,-2781.2741636902347,0.3182376031545907,38.49999999999999,2.2814192777736415,-0.13562380698500753,0.8855130813368862,2.4648599171027943,31.901169134840217,6.805166199439327,1.6981569385147948,-0.06166696287445152,0.9665941620570011,Other Industrial Metals & Mining,Basic Materials,UAMY
2021Q4,2021,Q4,2022-03-31,2021-12-31,-25660.0,2166944.0,99880.0,-0.0002,328841.0,0.1517533448,35002727.0,32368803.0,23568992.0,2020855.0,2633924.0,1055420.0,-32711263.0,52825462.743200004,31677564.743200004,0.305026956635116,11.66288130519013,0.006146663944212118,0.00664683213648648,-0.002119534356942482,0.305026956635116,-0.0007927386131640395,24.377862438161763,-514.6674078643804,1.6319869086045597,0.0,1.7415843929430936,0.0,0.06190786220742173,11.0123497232607,-0.000733085739291113,3584.3033480255126,0.1517533448026345,0.7777777777777778,0.9026445695127275,-0.49627537785666626,0.8067634508045967,2.249128041972552,0.7429424375388191,2.0125504349060237,0.9012316170493576,-0.3802166654969483,0.8260287981078129,Other Industrial Metals & Mining,Basic Materials,UAMY
2021Q3,2021,Q3,2021-11-15,2021-09-30,-99822.0,2051713.0,-98642.0,-0.0009,101209.0,0.0493290241,34537039.0,32331693.0,23064211.0,1824055.0,2205346.0,733956.0,-32748373.0,96132154.8796,74568654.8796,0.3046772510757003,12.644471246755169,0.0,0.0,-0.0030690781351602344,0.3046772510757003,-0.003087434982139661,46.8545819418213,-240.75893810883375,2.9733102711200434,0.0,2.6575217042983503,0.0,0.059406163915789074,12.217957791842899,-0.002890288307576107,-129.45226058951775,0.04932902408865177,-1.108433734939759,0.9210857163515407,-0.5458557778996826,0.7784740596958895,-0.484673978350085,-1.2960838343601044,0.5751668891855808,-1.0506367012094169,-0.3693607904248057,0.8523952917266121,Other Industrial Metals & Mining,Basic Materials,UAMY
2021Q2,2021,Q2,2021-08-16,2021-06-30,337141.0,2275562.0,-232190.0,0.0083,196398.0,0.0863074704,34756123.0,32320925.0,23576661.0,1942297.0,2435198.0,566711.0,-32649141.0,105007739.3463,82701632.3463,0.3040097598637127,12.13854575278652,0.0016831566627842811,0.0018099729509597885,-0.019280451616686727,0.3040097598637127,0.01043104428477836,46.14584851843193,77.86633733830949,3.248908852277588,0.0,3.6688259095023743,0.0,0.06547226225433717,11.824104140612892,0.009700190093124023,864.8591565057324,0.08630747041829667,3.305555555555556,2.353432564501061,-0.5252122003666593,0.6591338108941991,-0.07427989649174903,2.0239665907365225,0.32053750665738046,2.7551656022569304,-0.35533420795097526,1.0754928152546686,Other Industrial Metals & Mining,Basic Materials,UAMY
2021Q1,2021,Q1,2021-05-14,2021-03-31,-329250.0,1253287.0,-341726.0,-0.0036,212157.0,0.1692804601,35895241.0,31956700.0,24604720.0,3030427.0,3938541.0,717750.0,-32986282.0,112180716.56,89655694.56,0.34469031920756704,8.119225442487148,0.014411604034083515,0.016187779088579234,-0.010327398201528552,0.34469031920756704,-0.01030300375195186,89.50919985605852,-85.17897992406985,3.510397398980495,0.0,1.450546847788227,0.0,0.03491512983573505,7.781047687339111,-0.009172525126659548,-45.35941040421292,0.16928046010211548,0.8011049723756907,-0.37185352486966067,-0.729369699158615,0.8474969808187723,-0.6181981129189289,0.8032659348617543,0.8044171909760597,0.4948287684411051,-0.6250138532064223,1.349230959214127,Other Industrial Metals & Mining,Basic Materials,UAMY
2020Q4,2020,Q4,2021-03-31,2020-12-31,-1673579.0,900117.0,-1747219.0,-0.0181,555673.0,0.617334191,13299502.0,7186389.0,1808161.0,4477543.0,6113113.0,650213.0,-32650794.0,48395317.392000005,48360041.392000005,0.07751359553269732,0.4038288409513878,0.047357111567034614,0.08764151230889394,-0.21872560704610045,0.07751359553269732,-0.23288177135971905,53.765585353904,-7.229314748810782,6.734302497679989,0.0,0.5297402543474216,0.0,0.06768050412714702,0.20183748095774848,-0.12583771933716015,-63.534845003301776,0.6173341909996145,-0.3308823529411767,-0.2932049180209753,-0.8016723987675798,-0.5862420330079009,2.2771420231629707,-0.6762962762638236,-0.7682595200288229,-1.5666620334886432,-0.7272666870985213,-0.4958620471613419,Other Industrial Metals & Mining,Basic Materials,UAMY
2020Q3,2020,Q3,2020-11-16,2020-09-30,-998379.0,1007231.0,-988101.0,-0.0136,-435091.0,-0.4319674434,14115298.0,8896788.0,2476542.0,3588963.0,5218510.0,565050.0,-30940395.0,21239663.22,20500854.22,0.12147407862712806,0.6900438929016544,0.049337676044813226,0.07827723893162342,-0.10353302305850408,0.12147407862712806,-0.112217915049791,21.087181808343864,-5.31853715372619,2.387340602024011,0.0,2.5525564109370853,0.0,0.0713574024437883,0.4617709906733505,-0.07073028142941085,-69.19764391969818,-0.43196744341665416,-2.4871794871794872,-6.2013922889297435,-0.74009536942188,-0.3996563553518857,-26.089907228690617,-2.669296923811974,-2.573912382991652,-2.50377748654492,-0.6083383368319886,-0.24373384907615486,Other Industrial Metals & Mining,Basic Materials,UAMY
2020Q2,2020,Q2,2020-08-19,2020-06-30,-272090.0,1585191.0,-276476.0,-0.0039,-16061.0,-0.0101319021,13406307.0,8076960.0,1197617.0,3719938.0,5329347.0,586354.0,-29947155.0,34387061.73,34984835.73,0.11509300884952348,0.3219454195204329,0.053794754961228326,0.08928965848537074,-0.03117308721484201,0.11509300884952348,-0.033687179334799235,21.69269301301862,-31.595300939027528,4.257426275479883,0.0,2.73086224362757,0.0,0.11824218257869225,0.0959830513304254,-0.020295671283672677,-98.93735176830741,-0.01013190208624702,0.1333333333333333,-0.5919526929755904,-0.5601233528339696,-0.42980906200889357,-1.1587416112357551,0.13572286209810114,0.08737530781063292,-14.432750709336348,-0.4629381372588764,-0.30040592750108247,Other Industrial Metals & Mining,Basic Materials,UAMY
2020Q1,2020,Q1,2020-05-15,2020-03-31,-314818.0,1742991.0,-302946.0,-0.0045,101177.0,0.0580479188,13431992.0,8220760.0,1149865.0,3939675.0,5211232.0,642893.0,-29672872.0,23041877.79,23340553.79,0.11794972965178634,0.29186798403421604,0.023953558042619442,0.03913798724205548,-0.03614489659750436,0.11794972965178634,-0.03829548606211591,13.21973423270688,-18.29777664396572,2.8028890017467973,0.0,2.553790444133005,0.0,0.12976414816208945,0.12868371121983413,-0.02343792342937667,-173.8537287227621,0.058047918778697076,0.8221343873517787,-1.677969297494392,-0.4396109392943363,-0.42569671479220256,1.3337126384463662,0.8213432652021209,0.8529003462556465,0.2244786403559965,-0.3585655026286515,-0.2873664171002834,Other Industrial Metals & Mining,Basic Materials,UAMY
2019Q4,2019,Q4,2020-04-14,2019-12-31,-1762139.0,1751423.0,-2059461.0,-0.0253,-303186.0,-0.173108381,13693975.0,8467142.0,1279755.0,3975681.0,5226833.0,626244.0,-29363990.0,26833402.75,27048058.75,0.12148476659375598,0.32189579596552137,0.024110019187270314,0.03899332265834209,-0.21588819882451463,0.12148476659375598,-0.20811496960839915,15.320914907478091,-3.806936165364934,3.169121617424156,0.0,3.280844207689016,0.0,0.12789734171414802,0.16437712180630187,-0.12867987563873892,164.88207019656758,-0.17310838101361006,-1.941860465116279,-6.48877666487641,-0.3612422001088291,-0.3825902304121055,-0.1195235158797269,-1.9579838280543138,-2.803526015724124,-9.179280708087072,-0.38011669692412264,-0.28041036591499585,Other Industrial Metals & Mining,Basic Materials,UAMY
2019Q3,2019,Q3,2019-11-14,2019-09-30,-595723.0,1787934.0,-541461.0,-0.0086,-270817.0,-0.1514692377,16973326.0,10405065.0,1356324.0,4178761.0,6568261.0,708074.0,-27453190.0,38703304.452700004,40557613.452700004,0.15030943542843056,0.324575633782358,0.1134761095144228,0.18510859855272407,-0.04600529895747293,0.15030943542843056,-0.05725317429540325,21.646942478133983,-16.24215635987699,3.7196600360209193,0.0,2.9075365004222724,0.0,0.10533786954896171,0.15512971428612451,-0.035097599610117665,-116.29109488392918,-0.15146923767879575,-0.16216216216216212,0.01968152383633982,-0.4251528287545347,-0.25476731441014394,-0.5636536851525736,-0.22566913354689644,-0.17602048573253,0.2780558805241498,-0.3933216038769527,-0.12260783864503493,Other Industrial Metals & Mining,Basic Materials,UAMY
2019Q2,2019,Q2,2019-08-14,2019-06-30,-486039.0,2272283.0,-460418.0,-0.0074,-173195.0,-0.0762206996,17119227.0,10542335.0,1440007.0,4180942.0,6576892.0,723688.0,-26884598.0,38643232.0824,40477566.0824,0.1534076084670975,0.34442166382599904,0.10982365033187538,0.1783377211974387,-0.039017195407301086,0.1534076084670975,-0.046103543474951235,17.00634651687312,-19.876610767037214,3.665528754531136,0.0,3.3791882689777917,0.0,0.13273280388185751,0.17132957118276215,-0.028391410429921864,-167.7172658920953,-0.07622069962236218,0.30841121495327095,-0.02444888481117744,-0.0761945635074167,-0.23122606485986377,-1.5081459169044067,0.3352431023328907,0.32664489511778133,-2.0185787604229444,-0.26653458686126374,-0.16277770105050757,Other Industrial Metals & Mining,Basic Materials,UAMY
2019Q1,2019,Q1,2019-05-15,2019-03-31,-731153.0,2456365.0,-683767.0,-0.0107,-69053.0,-0.0281118645,17297070.0,10853374.0,1519890.0,3855525.0,6443696.0,887648.0,-26398559.0,32979685.1688,34743066.1688,0.15868850524234482,0.3942109051296516,0.10446191175730919,0.16648140937555456,-0.05581769819381323,0.15868850524234482,-0.06736642448698442,13.426215228111458,-11.276601877035313,3.0386573952763443,0.0,2.8450669634810195,0.0,0.1420104676688017,0.16398337450801123,-0.042270338271163846,-82.83064805629925,-0.028111864482680708,-3.4583333333333335,-0.8241925492764449,-0.23087210877448847,-0.07267963488019352,-1.747229796996061,-3.3665523996082274,-3.8358189766006685,-3.1295598634600297,-0.2809943119630157,-0.1494494681490323,Other Industrial Metals & Mining,Basic Materials,UAMY
2018Q4,2018,Q4,2019-04-01,2018-12-31,-167444.0,2253402.0,241118.0,-0.0024,92412.0,0.0410099929,17557123.0,11424834.0,1903256.0,3517618.0,6132289.0,755261.0,-25691099.0,39668638.32,41529095.32,0.1670438916139736,0.5410638676513482,0.10919254823241827,0.16780173786332475,0.02339829905663645,0.1670438916139736,-0.014656142925140093,17.603888840073807,-59.226724039081724,3.472141330018449,0.0,2.8612492899805497,0.0,0.12834688234513136,0.3263557896280949,-0.00953709784911799,-50.00691866379751,0.041009992890749185,-1.1199999999999999,0.731463064120599,-0.18021753009665578,-0.04004209828447041,1.5217214572430262,-1.1321112440993588,-0.7214891306858873,0.8246102294236374,-0.3269669200829694,-0.10834040767091781,Other Industrial Metals & Mining,Basic Materials,UAMY
2018Q3,2018,Q3,2018-11-14,2018-09-30,1267447.0,2091725.0,865740.0,0.02,-177129.0,-0.0846808256,17451374.0,11221831.0,2063348.0,3686351.0,6229543.0,716896.0,-25894102.0,55264008.510000005,56515696.510000005,0.16447744843472992,0.5597264069536515,0.10148026166879467,0.15781470956032043,0.08775084289350543,0.16447744843472992,0.11294475919304078,26.420303103897503,10.90065472362947,4.924687291227252,0.0,3.1648300450832476,0.0,0.11986018980511219,0.36525333588689735,0.07262734727936035,-70.31795829325272,-0.08468082563434486,16.384615384615383,8.32506407190385,-0.24956811308132565,-0.05022052155592332,-2.2531411834620934,11.322490532231136,6.4090832411763605,10.813933347731343,-0.4205956054032268,-0.18712706470632673,Other Industrial Metals & Mining,Basic Materials,UAMY
2018Q2,2018,Q2,2018-08-14,2018-06-30,-122785.0,2256347.0,-160053.0,-0.0013,141348.0,0.0626446198,16745467.0,9954384.0,1442819.0,4209889.0,6791083.0,712696.0,-27161549.0,32620404.0,34513017.0,0.14647593941509737,0.3427213876660406,0.11397060470155894,0.191723666677918,-0.009396822149314274,0.14647593941509737,-0.012334766269816394,14.457175248310655,-66.41773017876777,3.276988711707324,0.0,2.9676032978998057,0.0,0.13474374886051252,0.17343046336851162,-0.007332432114314877,-718.0840469324411,0.06264461982133067,0.8395061728395061,0.7974305328307307,-0.3042916054514058,-0.17247710186265366,3.565858263142608,0.7412001517578619,0.5996362899574504,0.2581539611965164,-0.35344408639901226,-0.2743325235556334,Other Industrial Metals & Mining,Basic Materials,UAMY
2018Q1,2018,Q1,2018-05-15,2018-03-31,-474440.0,2432929.0,-399769.0,-0.0081,-55088.0,-0.0226426665,16750574.0,9902169.0,1318738.0,4062455.0,6848405.0,641094.0,-27038764.0,16872015.75,18715304.75,0.1467247474564502,0.32461602651598603,0.11078247229020331,0.1874003564269606,-0.03935142386812063,0.1467247474564502,-0.04791273507854693,6.9348574290495115,-8.89048970891999,1.7038707125681252,0.0,3.880892661606566,0.0,0.145244515202882,0.1045985740149737,-0.02832380550063538,245.0333413210178,-0.022642666514312584,-0.15714285714285706,-0.01426528008859869,-0.24788276849663524,-0.16942868993921878,0.8067799582609916,0.0004382194805413696,0.11652088204484479,-2.055163657723124,-0.19218484672278496,-0.2855896767691523,Other Industrial Metals & Mining,Basic Materials,UAMY
2017Q4,2017,Q4,2018-04-02,2017-12-31,-474648.0,2402453.0,-452494.0,-0.007,-285105.0,-0.1186724569,17131254.0,10376609.0,1562270.0,3934726.0,6754645.0,914709.0,-26564324.0,21596180.16,23546872.16,0.1537547314107978,0.3970467066830066,0.11550111859879025,0.19068647570704456,-0.037498625348031424,0.1537547314107978,-0.0457421109343139,8.98922066737622,-11.374839965616626,2.0812367662692117,0.0,2.9381562879560605,0.0,0.14023801176492975,0.09926129544979752,-0.027706553180520236,154.94905980943633,-0.11867245685971796,-0.5909090909090908,-0.6066749510337058,-0.22298096924900487,-0.16119730299745802,-6.273082044832433,-0.8077352274674843,-0.9919440751534148,-1.0831974112497662,-0.09512597005862972,-0.21858784475560392,Other Industrial Metals & Mining,Basic Materials,UAMY
2017Q3,2017,Q3,2017-11-14,2017-09-30,-262565.0,2369714.0,-227162.0,-0.0044,54068.0,0.0228162555,17539162.0,10840180.0,1740041.0,3880431.0,6698982.0,939880.0,-26100753.0,19504076.217,21357641.217,0.16062345045951992,0.44841436428066883,0.10725375590920479,0.17353411105719646,-0.02026451734002886,0.16062345045951992,-0.02422146126724833,8.230561247897425,-18.570712220783424,1.7992391470436835,0.0,2.4637677150274504,0.0,0.13510987583101178,0.135029588208114,-0.014970213514191841,158.08390650683268,0.022816255463739506,-3.4000000000000004,-0.37264110778020587,-0.18289173240727336,-0.1439989747590095,-0.8214947192572954,-14.485992332645237,-8.077579760717846,0.5568092725486041,-0.2185020176256997,-0.20363053048886642,Other Industrial Metals & Mining,Basic Materials,UAMY
2017Q2,2017,Q2,2017-08-14,2017-06-30,-16955.0,2838480.0,32096.0,-0.001,302893.0,0.106709577,17533395.0,11102745.0,1655321.0,3598492.0,6430650.0,806441.0,-25838188.0,26320379.67,28292277.67,0.16451398514343696,0.4600040794866294,0.11386545503594711,0.1798157122405315,0.009538761525768692,0.16451398514343696,-0.0015270998298168607,9.272702175107804,-388.0917084930699,2.370619127972407,0.0,3.144169257267426,0.0,0.16188992491186105,0.1572419780285742,-0.0009670118080383177,1078.8809505656666,0.10670957695668104,0.8571428571428571,-5.1174161074679905,-0.2571570952396687,-0.13829404602507522,2.382616367372465,0.9566704063091773,1.1029136860196298,0.9636102275604964,0.17507693871581398,-0.17556850662050574,Other Industrial Metals & Mining,Basic Materials,UAMY
2017Q1,2017,Q1,2017-05-15,2017-03-31,-391303.0,2619330.0,-311873.0,-0.007,89544.0,0.0341858414,17719311.0,11119700.0,1733777.0,3754101.0,6599611.0,911023.0,-25821233.0,33296125.7496,35302606.7496,0.16551244914931898,0.46183547006327214,0.11386503685160218,0.18144464329073626,-0.028558329313614628,0.16551244914931898,-0.03519006807737619,12.711695643389723,-21.272598056748862,2.9943366951986112,0.0,2.776862933208053,0.0,0.14782346785380085,0.15063766265212364,-0.02208342073797339,520.1381846096167,0.03418584141746172,-1.8000000000000003,-2.0328080852538974,-0.22723790472241898,0.09905473991259003,-0.5071496978303226,-1.3449993108283842,-0.6494584188368698,0.006123360593523051,-0.16506479939680038,-0.03280288296480788,Other Industrial Metals & Mining,Basic Materials,UAMY
2016Q4,2016,Q4,2017-03-31,2016-12-31,-166867.0,2723507.0,-189076.0,-0.0025,181686.0,0.0667103114,17765998.0,11342253.0,1692555.0,3382123.0,6423745.0,855637.0,-25429930.0,16863049.966000002,18884224.966000002,0.16882506478602935,0.5004415865419443,0.11433255818220851,0.17908540745828894,-0.00807335071209835,0.16882506478602935,-0.014711980062514916,6.191667569057103,-25.26420737173917,1.4867460605930762,0.0,2.970676817388682,0.0,0.1532988464819145,0.16621985658120653,-0.009392492332825885,-138.00114543148248,0.06671031137426854,0.7899159663865546,0.25928496325217937,-0.36372197333036377,0.5096499083418364,5.3298777436190745,0.7906460893010161,0.4566531794565267,0.7275656962680044,0.008661261389099032,-0.029806158231122155,Other Industrial Metals & Mining,Basic Materials,UAMY
2016Q3,2016,Q3,2016-11-14,2016-09-30,-797057.0,2846699.0,-347984.0,-0.0119,-41961.0,-0.0147402307,17705987.0,11455120.0,1717878.0,3214473.0,6250867.0,738118.0,-25263063.0,30096511.7278,32036074.7278,0.17131385718822273,0.5344197944733087,0.11198929492041308,0.17309997625515927,-0.053532081535879794,0.17131385718822273,-0.06958085118270259,10.572425018521452,-9.439886898866705,2.627341461966352,0.0,3.9135476983354964,0.0,0.1607760696989103,0.17528067586817497,-0.04501624224619616,-792.6601102952409,-0.014740230702297644,-4.173913043478262,-1.995782985877616,-0.24423135697738163,0.4535770006719546,-1.221295783561427,-4.087489627880258,-1.165237627089115,-3.7002527755451684,0.042073748770222866,-0.010743494145082903,Other Industrial Metals & Mining,Basic Materials,UAMY
2016Q2,2016,Q2,2016-08-15,2016-06-30,-156670.0,3014394.0,-160714.0,-0.0023,189615.0,0.0629031905,18234739.0,12252177.0,2176971.0,2936312.0,5982562.0,905702.0,-24466006.0,14041918.379999999,15947917.379999999,0.18323402119077123,0.7413963502516081,0.10907427849666508,0.16233368159797235,-0.012221288247586852,0.18323402119077123,-0.012787115302039792,4.658288989428721,-22.406839822556968,1.1460753774614911,0.0,3.118883473813683,0.0,0.16531050979122872,0.25705476802192684,-0.008591842197467153,-845.2876462797976,0.0629031904920193,0.11538461538461536,-2.6035582327448323,-0.12571455532626166,0.7359223464514857,-0.10061756502931299,0.0900537244083055,0.2164306087126106,0.7373027883557052,-0.055368727770210784,0.03518945745377686,Other Industrial Metals & Mining,Basic Materials,UAMY
2016Q1,2016,Q1,2016-05-16,2016-03-31,-172175.0,3322203.0,-205105.0,-0.0026,210828.0,0.0634603003,18458869.0,12408813.0,2326089.0,2948379.0,6050056.0,950084.0,-24309370.0,14971330.0935,16800988.0935,0.18657151962154084,0.7889382606510221,0.10657868583389372,0.15854231988184528,-0.013021781660289534,0.18657151962154084,-0.013875219168827833,4.5064465035700705,-21.738536508639466,1.2065078338677517,0.0,3.274842013969291,0.0,0.17997868666818104,0.3410986172401852,-0.00932749455018073,2210.116636182462,0.06346030028869398,0.8142857142857143,-4.262193973016384,0.006118800464203389,0.8580978536906695,1.3331295003247108,0.8145447338459766,0.7866651827551452,0.6265070349121524,0.04213586468943968,0.05613370721996529,Other Industrial Metals & Mining,Basic Materials,UAMY
2015Q4,2015,Q4,2016-03-30,2015-12-31,-928391.0,3255876.0,-961423.0,-0.014,-632871.0,-0.1943781029,18260201.0,12459953.0,2136326.0,2429830.0,5800248.0,1094238.0,-24120730.0,19181393.154,21077554.154,0.18734043019448973,0.8792080104369442,0.11115452672180334,0.16289820675888586,-0.06519259340306041,0.18734043019448973,-0.07450999213239408,5.891315625656505,-5.165224876695271,1.5394434596984434,0.0,3.553840206609531,0.0,0.17830449949592558,0.22891148763493743,-0.05084232095802231,-71.65471196001374,-0.1943781028515828,-6.368421052631579,-3.0162726579333765,-0.03788605672132235,1.1906191154796948,-3.726388027295285,-6.403259890114271,-5.568128872705412,-2.188815275529714,0.06852991276724449,0.02202811362537876,Other Industrial Metals & Mining,Basic Materials,UAMY
2015Q3,2015,Q3,2015-11-09,2015-09-30,-125403.0,3505452.0,-146377.0,-0.0019,232128.0,0.0662191352,19710027.0,13404860.0,3734961.0,3092124.0,6305167.0,2210028.0,-23175823.0,23187110.45,24957861.45,0.20234090876122945,1.2078949615215948,0.10015587497673138,0.14726561858907888,-0.008783487917493676,0.20234090876122945,-0.009355039888518045,6.614585066348077,-46.22519088458809,1.729754018318729,0.0,1.481123316084683,0.0,0.17785120233473045,0.3107145767763518,-0.006362396155012878,-537.5474776863335,0.06621913522136375,0.20833333333333326,-2.2121734366387433,0.09326646408986142,2.0657361176582434,1.5112293911463066,0.222393779299055,0.3751355366397159,0.3321528924428123,0.23133621113960068,0.07832340080041265,Other Industrial Metals & Mining,Basic Materials,UAMY
2015Q2,2015,Q2,2015-08-10,2015-06-30,-161268.0,3400294.0,-234254.0,-0.0024,92436.0,0.0271847081,18655452.0,13365752.0,3982004.0,3243915.0,5289700.0,2316266.0,-23039932.0,45027069.04000001,45914359.04000001,0.20184994390654212,1.227530314450286,0.0515353366940667,0.0719312314039644,-0.013333195368796295,0.20184994390654212,-0.012065763303104831,13.242110546911533,-69.80161755586974,3.368839182411884,0.0,1.4280993633719097,0.0,0.1822681112202481,0.3002409126009775,-0.008644550665403336,-64.829592092665,0.027184708145825038,-1.24,-1.6413192588530259,0.3235180256024618,2.2051297310778386,1.8883549729464792,-1.366494859418037,-1.525657481375101,-40.91516621915966,-0.09303529358759768,0.05726755279875261,Other Industrial Metals & Mining,Basic Materials,UAMY
2015Q1,2015,Q1,2015-05-11,2015-03-31,440028.0,2947381.0,445640.0,0.01,-104053.0,-0.0353035458,18194262.0,13564427.0,3611061.0,2832306.0,4629835.0,2307164.0,-22842171.0,44911205.88,45718107.88,0.20537881758609328,1.274954401113439,0.051828867804585864,0.06951919163264324,0.030326314236245072,0.20537881758609328,0.032439851679691295,15.237665534248881,25.516106861381548,3.310954888105484,0.0,1.3225908517990053,0.0,0.16199508394459747,0.2372067142462714,0.02418498755266908,-130.02213553669242,-0.0353035457580815,4.03030303030303,5.2237698702698925,0.6820424737084448,2.61628637535877,-1.850690016024069,2.973423267870677,2.566997549148883,4.469194635373417,-0.11547833294991436,0.3637799700613504,Other Industrial Metals & Mining,Basic Materials,UAMY
2014Q4,2014,Q4,2015-03-16,2014-12-31,-222977.0,2598278.0,-284391.0,-0.0033,122316.0,0.047075794,16545031.0,12995534.0,2303669.0,2292640.0,3549497.0,1433539.0,-23282199.0,46232123.699999996,46983046.699999996,0.19676521587088588,1.0048106113476167,0.052862155410890434,0.0673005049273081,-0.01802195889488806,0.19676521587088588,-0.017157971346156303,17.79337072476463,-51.83508130883454,3.557539359290661,0.0,1.7271675203813779,0.0,0.1570428003428945,0.2522668190383139,-0.01347697686392972,-110.47392810802673,0.04707579404513297,0.625,-6.796453114257035,0.7993611511811358,2.541052225985532,1.4525863982831348,0.6133255181192155,0.4752981983561037,-0.006832840819072867,-0.3825231959378425,0.7594934169332289,Other Industrial Metals & Mining,Basic Materials,UAMY
2014Q3,2014,Q3,2014-11-10,2014-09-30,-576653.0,2951457.0,-542005.0,-0.0088,-270260.0,-0.0915683339,16803881.0,13249219.0,2955794.0,2587376.0,3554662.0,1132915.0,-23028515.0,83425659.92,83770694.92,0.20169463623225242,1.142390591858315,0.05255982234104133,0.06666121225711492,-0.03953973278731638,0.20169463623225242,-0.043523546557725404,28.265924226576907,-36.168050768833254,6.29664736615796,0.0,2.843741145628754,0.0,0.17564138903387855,0.5889055166315217,-0.03431665577731716,-42.20235619063325,-0.09156833387713255,-0.2753623188405798,-8.015625721657553,0.8913912204967803,3.0786615857585318,-0.9463188748136572,-0.3169291833094682,-0.3198162988504068,-1.7333327774681575,-0.20238190057428943,0.711354172966771,Other Industrial Metals & Mining,Basic Materials,UAMY
2014Q2,2014,Q2,2014-08-11,2014-06-30,-437877.0,2270143.0,-410667.0,-0.0069,-138857.0,-0.0611666314,17086207.0,12656379.0,3788287.0,3450052.0,4429828.0,1144036.0,-22469185.0,90063654.78,89503419.78,0.19954839967243887,1.0980376527658133,0.05918463939948755,0.07989970907160729,-0.03101020752997618,0.19954839967243887,-0.03459733625233568,39.67311961405075,-51.42063569221494,7.116068093409655,0.0,2.105702967389138,0.0,0.13286406983129725,0.6740623039884617,-0.025627513467441895,-428.62961536264993,-0.061166631353179075,-0.16949152542372883,-7.661328137351392,0.79526126027781,2.8219539061822134,-1.6428816140083746,-0.1818064045990041,-0.1874994578182607,-5.724947134240943,-0.30585152506411395,0.890481494314691,Other Industrial Metals & Mining,Basic Materials,UAMY
2014Q1,2014,Q1,2014-05-08,2014-03-31,-370515.0,2952314.0,-345825.0,-0.0059,-52540.0,-0.01779621,15036215.0,10819400.0,1887664.0,3039513.0,4216815.0,680685.0,-22044914.0,115069146.92,116174165.92,0.17112587107028845,0.6210415944922756,0.09036748942469897,0.12558783296670795,-0.029375847587259626,0.17112587107028845,-0.03424542950625728,38.9759175074196,-77.6413552217859,10.635446228071798,0.0,4.4144560259150705,0.0,0.1963468865003593,0.3706603656572615,-0.02464150718781289,-446.83923811151067,-0.017796210023730538,0.3516483516483517,-0.0720735515593647,1.7353171582070228,2.710699056767163,0.43758162238540754,0.3572056841188523,0.35329714203433,-8.384870255682728,-0.05944752670189613,0.7042719831603803,Other Industrial Metals & Mining,Basic Materials,UAMY
2013Q4,2013,Q4,2014-03-17,2013-12-31,-576413.0,2541021.0,-534751.0,-0.0091,-93418.0,-0.0367639622,14890991.0,11001855.0,1910564.0,2479341.0,3889136.0,1034770.0,-21686744.0,124552867.82,125553678.82,0.1740116845910132,0.7705934762503424,0.08513328629370603,0.11522775022939313,-0.04521762223917479,0.1740116845910132,-0.05239234656337499,49.01685890041837,-54.020670864466965,11.321078838068672,0.0,2.5459174502546458,0.0,0.1706414972650242,0.33998106754980456,-0.038708840801797546,-154.759048405975,-0.03676396220259494,-2.3703703703703702,0.5917797080470966,0.8650687601949134,3.5462462729806097,-1.8019125448520954,-2.629507659952271,-2.5937567204301075,-2.3168899754376557,-0.2101142263357806,1.0347627161214294,Other Industrial Metals & Mining,Basic Materials,UAMY
2013Q3,2013,Q3,2013-11-12,2013-09-30,-158813.0,2558356.0,-148800.0,-0.0027,116494.0,0.0455347106,13881392.0,10844477.0,1923128.0,2445823.0,3036915.0,879605.0,-21131160.0,87044199.14,87117925.14,0.17317435485569338,0.7862907495759096,0.02918532954043802,0.037358463667726896,-0.014061082154472201,0.17317435485569338,-0.014644597429640914,34.02348974888561,-137.02310128893728,8.02659262774959,0.0,2.776089267341591,0.0,0.1843011133177422,0.4067452959596831,-0.011440711421448223,-155.07607186887583,0.04553471057194542,0.6966292134831461,-0.40016869502171926,0.23527910039631225,3.8686077377189796,61.92782426778243,0.7124036594906267,0.4405636471640938,-2.624038943043831,-0.1558948855972742,1.6238237120885735,Other Industrial Metals & Mining,Basic Materials,UAMY
2013Q2,2013,Q2,2013-08-08,2013-06-30,-552208.0,2954677.0,-265982.0,-0.0089,-1912.0,-0.0006471097,14709103.0,10958869.0,2227287.0,2408189.0,3750234.0,878431.0,-21006605.0,72437812.2,73183946.2,0.1770053006929439,0.9248804807263882,0.09230800817697721,0.12389672693413892,-0.03694767623778842,0.1770053006929439,-0.05038914143421187,24.51632181791783,-32.79462276895663,6.60997153994632,0.0,3.36576122655052,0.0,0.2008740437809158,0.47019939049634396,-0.03754192216887733,-126.7372435741542,-0.0006471096502257269,-0.2898550724637681,-1.2598202465763078,0.4468027155296693,4.103116453341747,0.9692277979850001,-0.2871591303760026,0.31560299199510083,-3.3486271570776887,0.23001017799419962,1.8106272453164638,Other Industrial Metals & Mining,Basic Materials,UAMY
2013Q1,2013,Q1,2013-05-10,2013-03-31,-429013.0,2966775.0,-388637.0,-0.0069,-62134.0,-0.0209432802,14185465.0,10934379.0,2538291.0,2009448.0,3251086.0,1014732.0,-20454397.0,102129597.89999999,102949605.89999999,0.17665520790227257,1.2631782459660563,0.10286881677830088,0.13345449247735056,-0.03290629152063065,0.17665520790227257,-0.03923524143437867,34.42445008468792,-59.51427922930074,9.340228457418569,0.0,2.984934938486221,0.0,0.20914189277545714,0.6347673589961024,-0.030243139720833968,-181.96324000249436,-0.02094328016111771,-0.568181818181818,-1.2037370069414814,0.43202138971828813,9.741639174241058,-1.127421686746988,-0.5833834661391343,-16.821662768835694,-3.3940856038228895,0.8066058611655336,2.1105243908874094,Other Industrial Metals & Mining,Basic Materials,UAMY
2012Q4,2012,Q4,2013-03-18,2012-12-31,-270947.0,2835724.0,-21807.0,-0.0044,487625.0,0.1719578492,14442908.0,11345832.0,3103128.0,1803396.0,3097076.0,1192189.0,-20045572.0,108938237.76,109199304.76,0.18330261926939398,1.7207135870324655,0.10423759536514392,0.1326913707165768,-0.015569819935982495,0.18330261926939398,-0.023880751980110405,38.416375415943165,-100.51618744625333,9.601608569561051,0.0,1.9695694222979745,0.0,0.19634023840628217,0.9429908905198858,-0.018759864703147038,-129.71169550716857,0.17195784921240573,-0.41935483870967755,0.4624986353026892,0.5812675732066909,9.729816738682828,2.543116852920233,-0.547163454675232,0.8603806926223998,-8.515618585004988,1.0954379645187762,2.2987748628232363,Other Industrial Metals & Mining,Basic Materials,UAMY
2012Q3,2012,Q3,2012-11-05,2012-09-30,-175125.0,2655123.0,-156189.0,-0.0031,137626.0,0.0518341335,13666240.0,11593926.0,5094397.0,1687791.0,2072314.0,1454633.0,-19774625.0,123573644.0,121639847.0,0.18764399308318527,3.0183814228183468,0.03240862153745288,0.03820138234451384,-0.014378991736961286,0.18764399308318527,-0.015104891992583013,46.54158922204358,-176.40777159172018,10.65848134618075,0.0,1.7306750224970835,0.0,0.1942833581145948,1.843377527193829,-0.012814424450324303,-110.80025787176886,0.051834133484588096,-9.333333333333334,-8.397139478476786,0.3759767904669131,5.869046990978727,-0.5236536065346808,-47.45225464190982,-6.967790004585053,-1.91091509598788,0.8089627547807917,2.794529991890506,Other Industrial Metals & Mining,Basic Materials,UAMY
2012Q2,2012,Q2,2012-08-08,2012-06-30,3770.0,3498301.0,26172.0,-0.0003,288920.0,0.0825886623,13437010.0,11796131.0,5749111.0,1260856.0,1640879.0,1077271.0,-19599499.0,249618760.88,246568248.88,0.19091661649145833,4.559688814583109,0.029284119011595586,0.03335763226095065,-0.010611207290557801,0.19091661649145833,0.00031959631509687373,71.35428337355762,16552.96822811671,21.16107059848691,0.0,2.9791770130264346,0.0,0.26034817269615784,3.093542006382965,0.000280568370493138,-2264.321125544267,0.08258866232494003,0.8421052631578948,1.0254784103874477,0.6934639520819876,8.797446973897857,0.7680680496909614,1.0324348506878425,1.1627439885086777,1.076548920904647,1.8398603424811182,2.65662921553062,Other Industrial Metals & Mining,Basic Materials,UAMY
2012Q1,2012,Q1,2012-05-10,2012-03-31,-116233.0,3053554.0,-160817.0,-0.0019,163410.0,0.0535146914,11141139.0,9114544.0,4157872.0,1536270.0,2026595.0,1461149.0,-19603269.0,223331493.6,222420179.6,0.15059527350064703,2.706472169605603,0.04508237443227304,0.05510632237882663,-0.010200816947048507,0.15059527350064703,-0.012752475603826148,73.13821651753989,-480.3530271093407,24.502761037743632,0.0,1.977994030725135,0.0,0.2740791583338113,1.2274788936840528,-0.01043277532036895,-329.3877667325448,0.05351469140549013,0.4411764705882353,0.5799253940792028,0.5031453269382777,7.295837956540898,-0.4975679348661596,0.4272712938417116,-0.6303591885562506,0.6486725078975162,1.95538897955469,2.265512898998866,Other Industrial Metals & Mining,Basic Materials,UAMY
2011Q4,2011,Q4,2012-03-14,2011-12-31,-202946.0,3856051.0,-98639.0,-0.0034,325238.0,0.0843448388,8993528.0,6768373.0,2816981.0,1595433.0,2225155.0,1066813.0,-19487036.0,145256256.0,145488678.0,0.111830606455945,1.7656529606696114,0.026446684771537932,0.03514123704470779,-0.023465698665599957,0.111830606455945,-0.029984458598839043,37.66969264669995,-178.93461314832516,21.461029999380944,0.0,3.309683140344184,0.0,0.42875843606646913,0.8131974203868166,-0.022565782860741637,-240.14935075670653,0.08434483880010923,-1.34,-1.867888760088013,1.3171716320899336,8.353521758038696,-0.6064047361452986,-1.286617340302483,-1.129281239350966,0.8498569551176478,1.9566047064082561,1.9216973503844694,Other Industrial Metals & Mining,Basic Materials,UAMY
2011Q3,2011,Q3,2011-11-21,2011-09-30,708073.0,3332008.0,762980.0,0.01,826326.0,0.2479964034,8771900.0,6971319.0,2981234.0,1519884.0,1800581.0,1242326.0,-19284090.0,144919420.8,144665559.8,0.1178567472579907,1.9614878503885822,0.029321925694547363,0.03689531349806256,0.09736633475984181,0.1178567472579907,0.10156944474926481,43.49311910415582,51.1668361877942,20.787948564683386,0.0,2.016927923910471,0.0,0.3798502034906919,0.764126078042798,0.08072059645002792,722.05546875,0.2479964033699799,11.5,14.6237278835486,0.8020898659836285,407.3783590969866,1.4267233657649827,7.192634331466654,5.1718288667966315,7.609017113510042,0.7032354210665092,2.313413652505252,Other Industrial Metals & Mining,Basic Materials,UAMY
2011Q2,2011,Q2,2011-08-11,2011-06-30,86428.0,3050002.0,123623.0,0.0008,340511.0,0.1116428776,7870487.0,6243618.0,2687065.0,1333443.0,1626869.0,764849.0,-19992166.0,224772979.2,224728639.2,0.10555427295773459,2.015133005310313,0.034297496457334854,0.043234227334215516,0.010811425603709266,0.10555427295773459,0.013842614970999187,73.69601042884561,650.174073217013,36.00043743867738,0.0,3.542517542678359,0.0,0.3875239232337211,1.056750832244048,0.010981277270390003,-143.89882031035432,0.11164287761122779,0.0,1.397009189430843,0.5791073801588913,9.394321514164742,-0.017340990419023435,0.9052531799043273,0.1936639437653284,-0.9574358742260968,0.5632138201114878,2.0431616733645876,Other Industrial Metals & Mining,Basic Materials,UAMY
2011Q1,2011,Q1,2011-05-16,2011-03-31,45363.0,2838039.0,103566.0,0.0008,346520.0,0.1220983926,6896712.0,5739884.0,2808241.0,961847.0,1156828.0,216993.0,-20078594.0,30297180.76,28896154.76,0.10040995378739655,2.9196337879101355,0.020611270994062098,0.02476530884596274,0.011444701373388384,0.10040995378739655,0.00790312138712211,10.675392677831418,166.97077331746135,5.278361158518186,0.0,11.482024765775854,0.0,0.41150609159843127,1.8355705221308587,0.006577482139315082,104.02786956506812,0.12209839258727594,-0.8840579710144927,1.0857963492852514,0.7682630279827729,5.1056533812621,0.9622410727431283,-0.8853751844589541,-0.25930640881686134,1.2523088068350923,0.48328492474178536,5.1054950255590965,Other Industrial Metals & Mining,Basic Materials,UAMY
2010Q4,2010,Q4,2011-03-28,2010-12-31,395752.0,2908592.0,139823.0,0.0069,176594.0,0.0607146001,5862902.0,4888673.0,1848825.0,784322.0,974229.0,143291.0,-20123956.0,34298695.199999996,33977630.199999996,0.08551939900034448,2.357227006255084,0.02179739657937315,0.026141245282717825,-0.17410409923690376,0.08551939900034448,0.08095284753142622,11.79219883710056,21.666785764822414,7.015952018062979,0.0,19.066082308030513,0.0,0.4961010775892212,1.5226896606240805,0.06750104299884255,-202.70617243091178,0.060714600053909246,3.4642857142857144,2.684921274358538,1.322917440786761,5.123387982297855,-0.5819399497648037,3.6116879333449865,-0.5710503549449942,1.850079752666808,0.7561659030762156,4.005970359471043,Other Industrial Metals & Mining,Basic Materials,UAMY
2010Q3,2010,Q3,2010-11-12,2010-09-30,85815.0,2659733.0,325966.0,-0.0028,422413.0,0.1588178212,4769507.0,3627000.0,884936.0,943813.0,1142507.0,523826.0,0.0,30224652.700000003,30329148.700000003,0.0660007583809226,0.9376179391468437,0.030561439578556022,0.040188309897987315,-0.1553877622253754,0.0660007583809226,0.023660049627791564,11.363792042283945,88.05177620462624,8.333237579266612,0.0,4.271112926811575,0.0,0.557653652673117,0.38260757162700665,0.01799242563225088,-271.4212191420387,0.15881782118731466,-1.736842105263158,1.4283980940232026,1.066672331224904,3.259256787930623,0.25384914498075056,-0.5805369947649609,0.405383265571848,3.0754549271401754,0.5497503156287197,1.4160768661419842,Other Industrial Metals & Mining,Basic Materials,UAMY
2010Q2,2010,Q2,2010-08-13,2010-06-30,204583.0,2090173.0,231941.0,0.0038,336893.0,0.1611794813,4718595.0,3392684.0,974821.0,1124622.0,1325911.0,579362.0,-20808702.0,24242248.8,24383876.8,0.06297715251565275,0.8667987999523395,0.03817788981677809,0.053098372851700895,0.0561022272955992,0.06297715251565275,0.060301224635126646,11.598202062700073,29.623977554342247,7.145448500361367,0.0,3.026225399663768,0.0,0.44296511991387266,0.3516372612308847,0.04335676191747755,-135.21702327034203,0.16117948131566143,3.0,1.8174091789984834,0.22447662897351317,3.1256578247174676,0.9725800407522777,3.4321243030540796,4.057527781805718,2.5857546324645746,0.1604768551761004,2.231857570484397,Other Industrial Metals & Mining,Basic Materials,UAMY
2010Q1,2010,Q1,2010-05-14,2010-03-31,-84117.0,1414826.0,-75859.0,-0.0019,170788.0,0.1207130771,4052849.0,3028603.0,490232.0,806065.0,1024246.0,176931.0,-21013285.0,21330916.0,21422252.0,0.056792741577530004,0.6081792411281969,0.04624376580523972,0.061882986974522575,-0.02572820283839551,0.056792741577530004,-0.027774191599229083,15.076706252217587,-63.39656668687662,7.043153559578459,0.0,7.031204254765982,0.0,0.3490941804148144,0.3886795729872901,-0.02075502936329481,-107.55318687635192,0.12071307708509739,-4.166666666666667,0.4852689467735546,-0.1895042254654493,2.688937684080217,-0.1622043227015413,-3.70820991629105,-1.6999928815489749,0.6549715978669285,-0.20955348560808684,2.1285402940143903,Other Industrial Metals & Mining,Basic Materials,UAMY
2009Q4,2009,Q4,2010-03-30,2009-12-31,31060.0,1165926.0,-28096.0,0.0006,203854.0,0.1748430003,4017884.0,2963231.0,539814.0,848443.0,1054653.0,197436.0,-20929169.0,27730190.8,27723285.8,0.055566877671826186,0.6362407374449432,0.043233702117831174,0.05862114698449092,,0.055566877671826186,0.010481801790005572,23.78383430852387,223.1985737282679,9.358092838526595,0.0,4.872829676452116,0.0,0.2901840869472588,0.4035368315844435,0.0077304372152107925,-126.40542814814815,0.17484300032763658,1.5999999999999999,-0.9520981536118441,0.023030872312052295,2.7164362283790395,0.08012419727444206,1.6247234402027435,0.06184052357419527,-0.8492493791271941,-0.20482904006948208,3.647618534863724,Other Industrial Metals & Mining,Basic Materials,UAMY
2009Q3,2009,Q3,2009-11-13,2009-09-30,-49718.0,1212970.0,-29948.0,-0.001,188732.0,0.1555949446,3638954.0,2525036.0,391944.0,945917.0,1113918.0,127993.0,-20960229.0,20424474.400000002,20579514.400000002,0.04945118196040335,0.41435347921646404,0.049042114849486965,0.07067701212972805,,0.04945118196040335,-0.01969001630075769,16.83840029019679,-102.70160907518405,8.08878542721767,0.0,8.00229700061722,0.0,0.3333293028710998,0.27904245298477565,-0.013662717363286263,-102.56854517149601,0.15559494464001583,-4.0,0.7659466540149815,-0.10283298351179868,2.0682475637548605,0.3037039083762762,-0.3386284698850327,0.19373250053844496,-0.10815671776536936,-0.2400411515484022,171.51115568703867,Other Industrial Metals & Mining,Basic Materials,UAMY
2009Q2,2009,Q2,2009-08-14,2009-06-30,-37141.0,928991.0,-37144.0,-0.0002,144766.0,0.1558314343,3485028.0,2432820.0,334916.0,895186.0,1052208.0,145650.0,-20910511.0,14444711.33,14523535.33,0.05221109531165688,0.3741300690582739,0.04927478344506845,0.07058639767841435,-0.014256451973516755,0.05221109531165688,-0.015266645292294538,15.548817297476509,-97.22888001130826,5.937435293198839,0.0,5.384311706144868,0.0,0.2665662944458409,0.21142645215631165,-0.010657303183790776,-50.68639889536883,0.1558314343196005,0.9636363636363637,0.8222951555859662,-0.28808294979201826,2.1614081234440197,10.723670069854917,0.854181471259133,0.8298386985940528,0.7834226573429176,-0.3894287121598814,5.1521457007073455,Other Industrial Metals & Mining,Basic Materials,UAMY
2009Q1,2009,Q1,2009-05-15,2009-03-31,-254707.0,795453.0,-218287.0,-0.0055,-14888.0,-0.0187163792,3278306.0,2148855.0,243360.0,973246.0,1129451.0,113504.0,-20873370.0,11648960.75,11763893.75,0.04611688214332768,0.2500498332384618,0.05517453221267325,0.08417459530773365,-0.10200920561557925,0.04611688214332768,-0.11853149700654535,14.644436252047575,-11.433687285783273,5.421008281154382,0.0,7.13931667606428,0.0,0.24264147398076932,0.1334256703854935,-0.07769469964060707,-46.17784118162394,-0.018716379220393913,0.7533632286995516,-0.23090510288456895,-0.37225211895191945,1.9333388904839108,-0.6159774232063389,0.755239103778843,0.7984220018450611,0.40900052336779,-0.39197392177330975,2.885668959732008,Other Industrial Metals & Mining,Basic Materials,UAMY
2008Q4,2008,Q4,2009-03-30,2008-12-31,-1040636.0,1004091.0,-1082891.0,-0.0223,-9213.0,-0.0091754632,3271114.0,1783498.0,229826.0,1325575.0,1487616.0,109217.0,-20634326.0,8387251.739999999,8622822.739999998,0.03827590371098125,0.1733783452464025,0.08847719767638793,0.16227604404378362,-0.2758642895846039,0.03827590371098125,-0.5834803291060601,8.353079292613916,-2.014934073970149,4.702697586428468,0.0,9.277896298195335,0.0,0.3069568960299152,0.09098617581049732,-0.31812893100026474,-31.475525258097562,-0.009175463180130088,-12.11764705882353,-2.0710158899576077,-0.026384809261734306,1.6466315730369703,-1.0869930598177613,-12.289182320865311,-25.11830394828875,-4.435437628515508,-0.01620815326819099,2.845504098699456,Other Industrial Metals & Mining,Basic Materials,UAMY
2008Q3,2008,Q3,2008-11-14,2008-09-30,-78307.0,1429851.0,-41461.0,-0.0017,105905.0,0.074067158,3322068.0,1537796.0,297360.0,1598440.0,1784272.0,185407.0,-20481434.0,12970036.2,13241792.2,0.03556958460917788,0.18603138059608118,0.0829049856896367,0.17909787774191116,-0.03980110116450116,0.03556958460917788,-0.05092157867493478,9.070900534391345,-41.407652572566946,8.434172152873332,0.0,7.1407552034173465,0.0,0.43040991334313444,0.07003891294011662,-0.023571763130676434,-90.88195329087048,0.07406715804653771,-1.053968253968254,0.7687000007956877,0.17100789341554215,1.5014852359059072,0.12346975579742431,-1.0531890542228537,-1.0562566740434494,0.5031061683544912,0.41222229374872815,2.21757427404631,Other Industrial Metals & Mining,Basic Materials,UAMY
2008Q2,2008,Q2,2008-08-13,2008-06-30,1472239.0,1414651.0,736997.0,0.0315,94266.0,0.0666355165,3290389.0,1487575.0,298543.0,1618831.0,1802814.0,234111.0,-20406654.0,22301363.76,22551318.76,0.03468572632259508,0.18441888004368584,0.07984922147502925,0.17661966623531586,0.4110796656535819,0.03468572632259508,0.9896906038351008,15.764569324872355,3.7869808774254725,14.99175756516478,0.0,5.639995557662818,0.0,0.42993427220915215,0.039801560508786894,0.4474361542054754,-250.00688048608234,0.0666355164630711,11.161290322580646,4.337864397946558,0.3007074047433074,1.5379425914932618,0.3272788713356425,11.976373315042348,8.433601629952392,8.388913764565238,0.04099798831388268,2.1707418106162795,Other Industrial Metals & Mining,Basic Materials,UAMY
2008Q1,2008,Q1,2008-05-15,2008-03-31,-134128.0,1427394.0,-99144.0,-0.0031,71022.0,0.0497564092,3219118.0,701346.0,370614.0,1744420.0,2517772.0,215040.0,-21107883.0,25587490.2,25768102.2,0.016445833362742236,0.21245686245284967,0.06344470752547747,0.2912057671962198,-0.15947679894442143,0.016445833362742236,-0.19124369426787918,17.926017763840957,-47.69229802874865,36.48340505257034,0.0,6.3075334821428575,0.0,0.4434115183102949,0.08918379747996469,-0.04166607126548328,-133.87970155344988,0.04975640923248942,0.6172839506172839,0.5898815215165238,-0.20658361252037447,1.297698372359647,1.2834100830812696,0.6138056532117119,0.8052058282642524,-0.0263349499956811,0.022503174349979095,1.4890763668191813,Other Industrial Metals & Mining,Basic Materials,UAMY
2007Q4,2007,Q4,2008-03-27,2007-12-31,-347307.0,1235570.0,-508968.0,-0.0081,-250598.0,-0.2028197512,3345889.0,728539.0,503037.0,1850139.0,2617350.0,252614.0,-20966690.0,19617075.82,19746929.82,0.01708348089567612,0.2718914632900555,0.06324208603453373,0.29044567277798444,-0.46376018437000605,0.01708348089567612,-0.47671710093763,15.876944098675105,-14.120846844434464,26.926596681852313,0.0,5.883157703056837,0.0,0.3692800329000753,0.135353613971707,-0.10380111235011084,824.8013715102591,-0.20281975120794452,-21.249999999999996,0.35601688726574016,-0.060217656036160506,1.342886226471809,-3.1391207853179686,-22.671471359041558,-18.55122590434153,-1.6697880798379292,0.3556831019877163,1.52770115480192,Other Industrial Metals & Mining,Basic Materials,UAMY
2007Q3,2007,Q3,2007-11-13,2007-09-30,16026.0,1306214.0,28999.0,0.0004,117150.0,0.0896866823,3275449.0,1142549.0,523487.0,1555468.0,2132900.0,312018.0,-20515826.0,29277547.599999998,29472780.599999998,0.027317325580917165,0.3365462998917368,0.07942697321802293,0.2277005187523686,0.005615600911132558,0.027317325580917165,0.014026531903664525,22.414051296341945,456.7195120429302,25.62476322678502,0.0,3.81088270548494,0.0,0.3987892957576198,0.1359520092988091,0.004892764320250445,-148.88983162038048,0.08968668227411435,1.1666666666666667,-0.6808557435198692,-0.07075434779021482,1.6422094922479593,19.65773232234174,1.163600726842116,1.3803696270937447,1.0921044438970833,0.17948335240032964,1.590110596820102,Other Industrial Metals & Mining,Basic Materials,UAMY
2007Q2,2007,Q2,2007-08-21,2007-06-30,-97958.0,1367578.0,-76239.0,-0.0024,5671.0,0.004146747,3191676.0,797072.0,516334.0,1769356.0,2394604.0,200047.0,-20501852.0,31905190.98,32234234.98,0.01948636384561143,0.29182030071958387,0.10439624824073622,0.41802873517072486,-0.10992280141937731,0.01948636384561143,-0.12289730413312724,23.329704762726514,-81.42569004062966,40.027991172692055,0.0,6.807935135243218,0.0,0.42848271566412127,0.17875826006750478,-0.030691711815359703,-123.79884594789654,0.004146747022838917,0.4782608695652174,-1.186299065954967,-0.11556767188047742,1.4705134923445107,-0.9690599596268209,0.46717651090308787,-1.7664213764400747,0.46609251234432025,0.19385180625557555,1.4334638285519004,Other Industrial Metals & Mining,Basic Materials,UAMY
2007Q1,2007,Q1,2007-05-15,2007-03-31,-183847.0,1349765.0,99474.0,-0.0046,183290.0,0.1357940086,2827786.0,730009.0,364712.0,1518381.0,2097777.0,171373.0,-20387786.0,26139091.55,26449619.55,0.018153111751888714,0.2401979476824328,0.11639141009963272,0.4508574551820594,0.43619684504249456,0.018153111751888714,-0.2518421005768422,19.365661096561254,-35.5446261701306,35.806533275617156,0.0,6.806643987092483,0.0,0.4773221877468804,0.1260974682902381,-0.06501446714850416,-54.44067561685262,0.1357940085866799,-2.1794871794871797,0.4310960640183714,0.2526856520614705,1.4014707840304104,-0.648078920639675,-2.183277445597956,2.609623339865012,-0.029461902046327787,0.23423805825029578,1.3673926855827052,Other Industrial Metals & Mining,Basic Materials,UAMY
