Quarters,Year,Quarter,FillingDate,Date,NetIncome,Revenue,OperatingIncome,EPSDiluted,GrossProfit,GrossProfitRatio,TotalAssets,CommonStockEquity,CurrentAssets,CurrentLiability,TotalLiability,Inventory,RetainedEarnings,MarketCap,EnterpriseValue,bookValuePerShare,currentRatio,debtToAssets,debtToEquity,roic,shareholdersEquityPerShare,roe,priceToSalesRatio,peRatio,pbRatio,payoutRatio,inventoryTurnover,dividendYield,assetTurnover,quickRatio,returnOnAssets,priceToFreeCashFlowsRatio,grossProfitMargin,epsdilutedGrowth,fiveYNetIncomeGrowthPerShare,fiveYRevenueGrowthPerShare,fiveYShareholdersEquityGrowthPerShare,grossProfitGrowth,netIncomeGrowth,operatingIncomeGrowth,threeYNetIncomeGrowthPerShare,threeYRevenueGrowthPerShare,threeYShareholdersEquityGrowthPerShare,Industry,Sector,Symbol
2023Q3,2023,Q3,2023-05-03,2023-03-31,-2161000.0,55773000.0,2004000.0,-0.0467,18224000.0,0.3267530884,640946000.0,-32747000.0,39217000.0,129065000.0,673693000.0,1935000.0,-107828000.0,51394110.00000001,622640110.0,-0.7072633420444483,0.30385464688335334,0.9049639127165159,-17.71255382172413,0.0018925942067478433,-0.7072633420444483,0.0659907777811708,0.9214872787908129,-5.945639750115688,-1.5694295660671207,0.0,19.40516795865633,0.0,0.08701669095368408,0.17436950373842638,-0.0033715788849606673,-33.136112185686656,0.3267530884119556,0.6886666666666668,0.6252987842146571,-0.8133396410146926,-1.064229147758934,-0.007407407407407408,0.6959335866047559,-0.07179249652616952,0.9777231444405097,-0.7194629270998776,-1.1282330137054608,Personal Services,Consumer Cyclical,RGS
2023Q2,2023,Q2,2023-02-01,2022-12-31,-7107000.0,59967000.0,2159000.0,-0.15,18360000.0,0.3061683926,687676000.0,-31635000.0,44129000.0,138907000.0,719311000.0,2623000.0,-106185000.0,56300560.0,667892560.0,-0.6855118314986565,0.3176873735664869,0.903038640289904,-19.630093251145883,0.005831468022393662,-0.6855118314986565,0.22465623518255098,0.9388590391381927,-1.9804615168144082,-1.7796921131657975,0.0,15.862371330537552,0.0,0.08720240345744217,0.1682276631127301,-0.010334808834392941,-27.679724680432646,0.30616839261593876,-2.7593984962406015,-1.2203742369612132,-0.8027923129223973,-1.0607228725423805,-0.07436349886564154,-2.866702937976061,-0.12591093117408908,0.41362972238980944,-0.7771767457592106,-1.089216401249137,Personal Services,Consumer Cyclical,RGS
2023Q1,2023,Q1,2022-11-01,2022-09-30,-1838000.0,61871000.0,2470000.0,-0.0399,19835000.0,0.3205863813,722018000.0,-29860000.0,43361000.0,143330000.0,751878000.0,5127000.0,-103778000.0,46514540.0,687073540.0,-0.6483693055977765,0.30252564013116584,0.900343204740048,-21.770395177494976,0.0022835351999622917,-0.6483693055977765,0.06155391828533155,0.7517987425449726,-6.326787268770403,-1.5577541862022775,0.0,8.198946752486835,0.0,0.08569176945727115,0.1570083025186632,-0.0025456429064095354,-8.875126884182407,0.3205863813418241,0.79,0.9189177921570331,-0.7976333335974655,-1.0619569675687148,0.09725064999723405,0.7852803738317757,2.8783269961977185,0.8952056737892075,-0.8028703066418001,-1.0828322470954426,Personal Services,Consumer Cyclical,RGS
2022Q4,2022,Q4,2022-08-23,2022-06-30,-8560000.0,66069000.0,-1315000.0,-0.19,18077000.0,0.2736078948,769300000.0,-30953000.0,48665000.0,152840000.0,800253000.0,3109000.0,-105246000.0,49646520.0,724240520.0,-0.6733450803802563,0.31840486783564514,0.8990445859872611,-22.344683875553258,-0.001897212138467962,-0.6733450803802563,0.2765483151875424,0.7514344094809972,-1.4499567757009346,-1.603932413659419,0.0,15.436474750723706,0.0,0.08588197062264397,0.20656896100497252,-0.011126998570128688,-9.291880965749579,0.27360789477667286,0.6885245901639344,-7.914530363699594,-0.8423597685888987,-1.0616439040394872,0.8645693656523982,0.6933877784941614,0.8557639574421411,-0.33268204193624473,-0.7763658225762049,-1.0801962723068197,Personal Services,Consumer Cyclical,RGS
2022Q3,2022,Q3,2022-05-10,2022-03-31,-27918000.0,64749000.0,-9117000.0,-0.61,9695000.0,0.1497320422,862778000.0,11119000.0,62933000.0,351975000.0,851659000.0,8606000.0,-62613000.0,97278320.0,809952320.0,0.24231791831931307,0.17879963065558632,0.8557288201599949,66.40021584674881,-0.006739487061251959,0.24231791831931307,-2.510837305513086,1.5023910793989097,-0.8711075291926356,8.748837125640796,0.0,6.397164768765977,0.0,0.07504711524865029,0.11669294694225442,-0.032358265973402196,-8.58136203246295,0.14973204219370184,-4.545454545454546,-0.5283875097241036,-0.8414508527286033,-0.9777780133418985,-0.514691895680032,-4.665178571428571,-4.548995739500913,-0.6762030285872226,-0.7798026654351506,-0.9740060015456619,Personal Services,Consumer Cyclical,RGS
2022Q2,2022,Q2,2022-02-03,2021-12-31,-4928000.0,70256000.0,-1643000.0,-0.11,19977000.0,0.284345821,926158000.0,38288000.0,83513000.0,168217000.0,887870000.0,16008000.0,-34695000.0,79554540.0,806810540.0,0.8374270029089478,0.4964599297336179,0.8235074360962168,19.92002716255746,-0.0011610625340879386,0.8374270029089478,-0.1287087338069369,1.1323522546117057,-4.035843141233766,2.0777930422064355,0.0,3.140867066466767,0.0,0.07585746708444996,0.3095168740377013,-0.005320906368027917,-5.894238719715492,0.2843458209974949,0.6071428571428572,-1.2502556135805725,-0.8321226990403505,-0.9252593479779859,0.007768753468193512,0.5251493544035459,0.7167729701775556,-1.719975141859309,-0.7559770936722716,-0.9140544259196598,Personal Services,Consumer Cyclical,RGS
2022Q1,2022,Q1,2021-11-04,2021-09-30,-10378000.0,77756000.0,-5801000.0,-0.28,19823000.0,0.2549385256443233,968851000.0,39810000.0,100164000.0,182468000.0,929041000.0,16774000.0,-29767000.0,128238000.0,872889000.0,1.0803256445047489,0.5489400881250411,0.8155629709831542,19.848254207485557,-0.004054061418331585,1.0803256445047489,-0.2606882692790756,1.6492360718143937,-3.0891790325688957,3.2212509419743784,0.0,3.45373792774532,0.0,0.08025589074068148,0.36905649209724445,-0.010711657416878344,-9.307446654086224,0.2549385256443233,0.7052631578947368,-4.9679450907056255,-0.773706260271369,-0.9041487749587903,-0.3520413166410617,0.6977868375072801,0.7872441868994352,-16.327689674672776,-0.6720922243655961,-0.8968245033623979,Personal Services,Consumer Cyclical,RGS
2021Q4,2021,Q4,2021-08-26,2021-06-30,-34340000.0,99130000.0,-27266000.0,-0.95,30593000.0,0.30861495006557044,996383000.0,17046000.0,86659000.0,198485000.0,979337000.0,22993000.0,-19389000.0,337315680.0,1140372680.0,0.4730007214606804,0.43660226213567777,0.8252328672809552,48.23700574914936,-0.01653511186301296,0.4730007214606804,-2.0145488677695647,3.4027608191264,-2.4557052999417586,19.788553326293556,0.0,2.980776758143783,0.0,0.09948985480482907,0.23459203466256895,-0.034464658670410875,-15.514473369515224,0.30861495006557044,-2.1666666666666665,-8.930241698806919,-0.7156008204728518,-0.9578461912940225,-0.03979787200652836,-2.1658523093943027,-0.47057871743703145,-10.207467762515552,-0.570778239373685,-0.956772589837988,Personal Services,Consumer Cyclical,RGS
2021Q3,2021,Q3,2021-05-06,2021-03-31,-10847000.0,100267000.0,-18541000.0,-0.3,31861000.0,0.31776157659050336,1047983000.0,49504000.0,118067000.0,203228000.0,998479000.0,38221000.0,14951000.0,452298160.0,1254746160.0,1.3746910666185332,0.5809583325132364,0.7986370007910434,16.90687621202327,-0.011636274955295796,1.3746910666185332,-0.21911360698125404,4.51093739714961,-10.424498939799022,9.13659825468649,0.0,1.7897490908139504,0.0,0.0956761703195567,0.323597142126085,-0.010350358736735234,-27.165054654654654,0.31776157659050336,0.673913043478261,-5.791902317009022,-0.7043618597788396,-0.8746084156300112,-0.026699251565602565,0.6700933726694851,0.3070080358811437,-1.4182164149655618,-0.5685392426388234,-0.8751593212996194,Personal Services,Consumer Cyclical,RGS
2021Q2,2021,Q2,2021-02-03,2020-12-31,-32879000.0,104320000.0,-26755000.0,-0.92,32735000.0,0.31379409509202455,1105150000.0,58448000.0,150744000.0,213848000.0,1046702000.0,51483000.0,25798000.0,330205890.0,1153074890.0,1.6266733461356488,0.7049119000411507,0.790588607881283,14.94865521489187,-0.016232893071902475,1.6266733461356488,-0.5625342184505886,3.1653171970858898,-2.5107659144134553,5.649566965507802,0.0,1.3904589864615504,0.0,0.09439442609600507,0.38361359470277956,-0.029750712572953898,-8.195931643873017,0.31379409509202455,0.06122448979591831,-2.1437584087106782,-0.690308928354723,-0.8533205705629888,-0.04342362876596242,0.06768558951965066,0.15308157386597449,-2.309413113622626,-0.5593815535170132,-0.8559087185270906,Personal Services,Consumer Cyclical,RGS
2021Q1,2021,Q1,2020-11-02,2020-09-30,-35266000.0,111396000.0,-31591000.0,-0.98,34221000.0,0.3072013357750727,1251828000.0,89541000.0,198637000.0,236309000.0,1162287000.0,57695000.0,59211000.0,220475120.0,1099635120.0,2.4936225910660577,0.8405816113647808,0.7701768933112216,10.767458482706246,-0.01686260398584993,2.4936225910660577,-0.393853095230118,1.9792014075909368,-1.5629439119832131,2.462281189622631,0.0,1.3376375769130775,0.0,0.08898666589978815,0.5115547863179143,-0.028171601849455358,-6.747104079321847,0.3072013357750727,0.5187253480675074,-63.16969390698121,-0.6361547050110046,-0.7732351875581994,2.180685937354773,0.5176837440849038,0.5034735320005029,-0.9953192943931313,-0.5326980656221657,-0.7617140529796478,Personal Services,Consumer Cyclical,RGS
2020Q4,2020,Q4,2020-08-31,2020-06-30,-73118000.0,60143000.0,-63624000.0,-2.0362593293973488,10759000.0,0.17889031142443843,1342794000.0,125703000.0,226432000.0,237014000.0,1217091000.0,62597000.0,94462000.0,293727440.0,1203266440.0,3.500696223682745,0.9553528483549495,0.76199774500035,8.13986937463704,-0.03246787034720644,3.500696223682745,-0.5816726728876797,4.883817568129292,-1.004292513471375,2.336678042687923,0.0,0.7889195967857885,0.0,0.044789446482483536,0.6104998016994777,-0.05445213487698038,-7.243408054055387,0.17889031142443843,0.030352700286976817,-53.95771695300301,-0.8038029183547265,-0.6974793756247158,-0.7633616328685171,0.0255740501352666,0.011159118460725499,-76.61136298393491,-0.8162919203468112,-0.6795156178133389,Personal Services,Consumer Cyclical,RGS
2020Q3,2020,Q3,2020-06-18,2020-03-31,-75037000.0,153783000.0,-64342000.0,-2.1,45466000.0,0.29565036447461684,1550789000.0,197536000.0,350879000.0,232077000.0,1353253000.0,59029000.0,167574000.0,211666650.0,1148589650.0,5.515454418539718,1.5119076858111746,0.7595875389882183,5.963267455046169,-0.02739527073890789,5.515454418539718,-0.3798649360116637,1.3763982364760734,-0.7052075975851912,1.0715345557265512,0.0,1.8349794168967795,0.0,0.09916436085115383,1.1575425397605106,-0.048386337535280426,-4.55716515598424,0.29565036447461684,-7.076923076923077,-29.96779511212344,-0.48132003412549484,-0.5322296174495615,-0.4353382431475801,-6.980961497553712,-7.618001607286365,-4.263078949656739,-0.5175476576282076,-0.49420020049591357,Personal Services,Consumer Cyclical,RGS
2020Q2,2020,Q2,2020-02-04,2019-12-31,-9402000.0,208765000.0,-7466000.0,-0.26,80519000.0,0.38569204608052116,1498597000.0,275061000.0,178410000.0,271448000.0,1223536000.0,68413000.0,242573000.0,639710260.0,1602190260.0,7.683697413263311,0.6572529545253603,0.6754737931545305,3.6801400416634857,-0.003075743385159669,7.683697413263311,-0.03418150882895067,3.0642601010705817,-17.009951606041266,2.325703244007693,0.0,1.8745852396474354,0.0,0.13930696511470395,0.2856495535056438,-0.006273868158017132,-34.53040375688222,0.38569204608052116,0.3157894736842105,0.24069651022728225,-0.2947077739828228,-0.3626751581796875,-0.18507160568797126,0.3189424121695038,0.24631536442560065,-4.4832539278719326,-0.36287711453636823,-0.3142273265463303,Personal Services,Consumer Cyclical,RGS
2020Q1,2020,Q1,2019-10-29,2019-09-30,-13805000.0,247038000.0,-9906000.0,-0.38,98805000.0,0.39995871080562506,1556717000.0,283739000.0,194454000.0,276867000.0,1272978000.0,74634000.0,252143000.0,732954780.0,1735312780.0,7.827498689619024,0.7023372232877158,0.6817295629199142,3.740268345204572,-0.003559668315354669,7.827498689619024,-0.04865386852001311,2.966971801909018,-13.273357116986599,2.5832006879561846,0.0,1.9861323257496584,0.0,0.1586916568650564,0.31649131171284406,-0.008868021612149158,-39.880014146580336,0.39995871080562506,-1.714285714285714,-1.34523395571264,-0.18224224523017818,-0.36473547968547015,-0.13560211714273215,-1.558376575240919,-4.398365122615804,-6.365742908511769,-0.2691237439626634,-0.30551001707231107,Personal Services,Consumer Cyclical,RGS
2019Q4,2019,Q4,2019-08-27,2019-06-30,-5396000.0,248190000.0,-1835000.0,-0.14,114305000.0,0.46055441395704905,682837000.0,324245000.0,210822000.0,128283000.0,358592000.0,77322000.0,265908000.0,656119819.9999999,704888819.9999999,8.39621420063183,1.643413390706485,0.1741411200623282,0.3667288624342704,-0.0019682616423553957,8.39621420063183,-0.01664173695816435,2.6436190821548005,-30.398434951816157,2.0235310336319756,0.0,1.7315253097436694,0.0,0.3634688805673975,0.7817403708987162,-0.007902325152269137,-114.96755212896441,0.46055441395704905,0.611111111111111,0.5360144405007848,-0.2493310847112453,-0.3415647589538104,-0.010723187703385723,0.6312444474817194,0.9172006136630269,-2.16286413679651,-0.3355253535432808,-0.25172966718768974,Personal Services,Consumer Cyclical,RGS
2019Q3,2019,Q3,2019-04-30,2019-03-31,-14633000.0,258343000.0,-22162000.0,-0.36,115544000.0,0.44725036095423526,738970000.0,375810000.0,228138000.0,140511000.0,363160000.0,90869000.0,271273000.0,801442320.0,837801320.0,9.322071736865604,1.6236308901082477,0.1454795187896667,0.28606210585136105,-0.05668147496775184,9.322071736865604,-0.038937228918868576,3.102241283874539,-13.692378869678123,2.1325731619701447,0.0,1.5714820235723954,0.0,0.34959876584976385,0.7464397805154045,-0.01980188640946182,-51.125435059964275,0.44725036095423526,-3.4000000000000004,-1.1613584338271437,-0.23256114008438408,-0.2820158597596498,-0.06358700056730691,-3.240888208269525,-13.288845905867182,-7.1845433571987725,-0.319577871446427,-0.1496930669873661,Personal Services,Consumer Cyclical,RGS
2019Q2,2019,Q2,2019-01-29,2018-12-31,6530000.0,274671000.0,-1551000.0,0.15,123390000.0,0.44922834955273766,789155000.0,425010000.0,249133000.0,143761000.0,364145000.0,85583000.0,285827000.0,739342050.0,750034050.0,9.743689676517114,1.7329665208227545,0.13640666282289285,0.2532787463824381,-0.0013493624068756304,9.743689676517114,0.015364344368367804,2.6917368415304126,28.305591500765697,1.7395874214724358,0.0,1.767652454342568,0.0,0.3480570990489828,0.899291184674564,0.00827467354322028,708.8610258868648,0.44922834955273766,8.499999999999998,1.0774526641009672,-0.24122199074233075,-0.2605210945734398,-0.08025671414834858,9.982118294360385,-1.452318460192476,1.5143246563269945,-0.32831211583299313,-0.1213977620288336,Personal Services,Consumer Cyclical,RGS
2019Q1,2019,Q1,2018-10-30,2018-09-30,-727000.0,287835000.0,3429000.0,-0.02,134157000.0,0.46608994736567827,820623000.0,468357000.0,265913000.0,141378000.0,352266000.0,87626000.0,279420000.0,898625700.0,872896700.0,10.470757880617036,1.8808654811922647,0.1096727730029502,0.1921611078728406,0.0024157948334486375,10.470757880617036,-0.00155223472692839,3.1220167804471313,-309.01846629986244,1.9186767786111876,0.0,1.7537945358683495,0.0,0.3507518068589352,1.0243814454865678,-0.0008859122885904977,-31.20228125,0.46608994736567827,-1.2,-5.739408838652833,-0.2255678500771251,-0.3118820550379773,-0.025106822079469814,-1.1526669466610668,-0.7712322369737807,-0.061941257002963976,-0.24528481696687876,-0.04781122234438131,Personal Services,Consumer Cyclical,RGS
2018Q4,2018,Q4,2018-08-23,2018-06-30,4762000.0,294885000.0,14989000.0,0.1,137612000.0,0.4666632755141835,856735000.0,503492000.0,290059000.0,155368000.0,353243000.0,79363000.0,297225000.0,761071560.0,740672560.0,10.94214804190029,1.8669159672519438,0.10504998628514067,0.1787515988337451,0.011440896062300891,10.94214804190029,0.009457945707181047,2.5809097105651357,39.955457790844186,1.511586201965473,0.0,1.9816917203230724,0.0,0.3441962800632634,1.0480214716029042,0.005558311496553777,49.228432082794306,0.4666632755141835,1.8333333333333335,7.641051918176271,-0.2808609568526768,-0.280744816807866,0.045834884975794375,1.820186014467792,1.5474167233174712,3.7931547571720716,-0.24930872920529523,-0.05440939569440847,Personal Services,Consumer Cyclical,RGS
2018Q3,2018,Q3,2018-05-01,2018-03-31,-5806000.0,300801000.0,5884000.0,-0.12,131581000.0,0.43743538086642,857205000.0,513271000.0,266207000.0,152841000.0,343934000.0,81131000.0,292409000.0,705239560.0,690039560.0,11.011563545868016,1.7417250606839787,0.10499238805186624,0.17534596733499458,0.0181845443195649,11.011563545868016,-0.011311763181633095,2.3445386152306673,-30.36684292111609,1.3740101427900662,0.0,2.085762532201008,0.0,0.35090905909321574,0.906746226470646,-0.006773175611434838,-42.288154943934764,0.43743538086642,-1.173913043478261,-3.972615170583017,-0.2798885345190238,-0.27943698567119357,-0.016591804246605033,-1.177444987775061,1.157604328494134,-0.8411071799240527,-0.22046137600205457,-0.06609992550842216,Personal Services,Consumer Cyclical,RGS
2018Q2,2018,Q2,2018-02-01,2017-12-31,32720000.0,308515000.0,-37334000.0,0.69,133801000.0,0.4336936615723709,921887000.0,528571000.0,330356000.0,159936000.0,393316000.0,87347000.0,298146000.0,719170560.0,676966560.0,11.289186476153862,2.0655512204881954,0.13135666301835258,0.2291007262978862,0.0608393656777914,11.289186476153862,0.06190275289412397,2.3310716172633423,5.494885085574572,1.3605940545357198,0.0,2.0002289718021227,0.0,0.33465598278313935,1.2204569327731092,0.03549241935291419,-23.22752276984691,0.4336936615723709,2.4081632653061225,4.235728742183967,-0.26065703508933624,-0.26026910253109914,-0.043424486148346736,2.424156692056583,-3.2307600382409176,3.020349584542307,-0.20309643442024752,-0.06361760514212335,Personal Services,Consumer Cyclical,RGS
2018Q1,2018,Q1,2017-10-31,2017-09-30,-22975000.0,309873000.0,16736000.0,-0.49,139875000.0,0.45139460359566663,1016918000.0,488467000.0,391288000.0,201282000.0,528451000.0,92914000.0,265523000.0,666080790.0,610615790.0,10.46483278702573,1.9439790940074124,0.11883652369217577,0.24740054087584218,0.018972853852036883,10.46483278702573,-0.04703490716875449,2.1495283228935724,-7.247886724700762,1.3636147170637936,0.0,1.8296273973782207,0.0,0.30471778452146586,1.0909470295406445,-0.022592775425353862,176.91388844621514,0.45139460359566663,-17.333333333333336,-1.9879951336666746,-0.24750140757294292,-0.33223905156754635,-0.19730167110458177,-19.335993615323225,2.5517826825127337,-2.0310868282170955,-0.20340469947551615,-0.15069459041388492,Personal Services,Consumer Cyclical,RGS
2017Q4,2017,Q4,2017-08-23,2017-06-30,1253000.0,424200000.0,4712000.0,0.03,174256000.0,0.4107873644507308,1011488000.0,508221000.0,370147000.0,178062000.0,503267000.0,122104000.0,288456000.0,477832290.0,426035290.0,10.923141401766715,2.078753467893206,0.11922929387199849,0.23729637303456566,0.0030152071554017533,10.923141401766715,0.0024654628596614465,1.1264316124469589,95.33764764565043,0.9402057175913628,0.0,2.0469763480311864,0.0,0.41938213799867124,1.1000157248598803,0.0012387690214812237,99.17648194271482,0.4107873644507308,1.075,1.0242199339217015,-0.08165682921860785,-0.29695154029973636,0.06192791936329177,1.067894879436467,1.3685857321652064,1.0894269300064945,0.06492628109902115,-0.14340188685126018,Personal Services,Consumer Cyclical,RGS
2017Q3,2017,Q3,2017-05-04,2017-03-31,-18455000.0,412603000.0,-12784000.0,-0.4,164094000.0,0.3977043307974009,1015329000.0,505529000.0,367291000.0,183221000.0,509800000.0,127307000.0,287148000.0,543339200.0,495001200.0,10.904421915444349,2.0046337483148764,0.11853399243003993,0.23806942826227576,-0.02584271100878538,10.904421915444349,-0.03650631318875871,1.3168571241605127,-7.360325115144947,1.0747933352982717,0.0,1.9520450564383733,0.0,0.4063736975896483,1.0456334153836078,-0.018176374357474278,44.56522309711286,0.3977043307974009,-7.0,-15.589972259529544,-0.11474087605551,-0.35445078192482227,-0.03018876845427359,-7.316809373591708,-14.093270365997638,-1.3703907088965785,0.06583979985486824,-0.1601435587739013,Personal Services,Consumer Cyclical,RGS
2017Q2,2017,Q2,2017-02-03,2016-12-31,-2219000.0,424043000.0,-847000.0,-0.05,169202000.0,0.39902085401716336,1030227000.0,519068000.0,370863000.0,186973000.0,511159000.0,131386000.0,305556000.0,672668040.0,637129040.0,11.20443801670732,1.9835109882175501,0.11657916167990161,0.2313820154584756,-0.001960344467025778,11.20443801670732,-0.004274969753481239,1.586320349587188,-75.7850428120775,1.2959150631516487,0.0,1.939635882057449,0.0,0.41160152082987533,0.9968498125397784,-0.0021538942388425074,86.1842459961563,0.39902085401716336,-1.7142857142857142,0.9525767911943221,-0.07607467268229443,-0.33665216964532146,-0.0589432703003337,-1.6763181956720512,-1.1097861309138042,0.9752188184813616,0.10294372150484334,-0.14966036115837142,Personal Services,Consumer Cyclical,RGS
2017Q1,2017,Q1,2016-10-27,2016-09-30,3281000.0,431042000.0,7715000.0,0.07,179800000.0,0.4171287252750312,1025913000.0,521018000.0,356099000.0,181788000.0,504895000.0,134584000.0,307871000.0,580148850.0,551472850.0,11.270859021783806,1.9588696723656127,0.11682764522917635,0.2300400370044797,0.006559965546788727,11.270859021783806,0.00629728723383837,1.3459218591227768,44.20518515696435,1.1134909926336518,0.0,1.8668043749628485,0.0,0.4201545355210432,0.9439511958985192,0.0031981269366895635,415.2819255547602,0.4171287252750312,-0.4166666666666666,-0.5160243088991263,-0.06797821671428014,-0.3721151112582669,-0.04404415048595309,-0.41010427903631785,-0.27216981132075474,30.43044378826227,0.12218006545609258,-0.25930095639175366,Personal Services,Consumer Cyclical,RGS
2016Q4,2016,Q4,2016-08-23,2016-06-30,5562000.0,447707000.0,10600000.0,0.12,188084000.0,0.4201051133888905,1036761000.0,519401000.0,358014000.0,195315000.0,517360000.0,134212000.0,304550000.0,576298050.0,549387050.0,11.220830002808443,1.8330082174948161,0.11616467054605642,0.2318728689394129,0.009514118426507092,11.220830002808443,0.010708489201984594,1.2872214417018273,25.903364347357066,1.1095435896349832,0.0,1.9344246416117783,0.0,0.4318324088193904,0.8808181655274813,0.005364785133700052,74.72744424273858,0.4201051133888905,4.0,1.4162843657939084,-0.071987728120247,-0.3827896405552101,0.030489976386020086,3.668905950095969,0.885785447429283,9.032759402881894,0.08534112773469683,-0.2624263436819508,Personal Services,Consumer Cyclical,RGS
2016Q3,2016,Q3,2016-04-28,2016-03-31,-2084000.0,442565000.0,5621000.0,-0.04,182519000.0,0.41241173612915616,1034402000.0,515171000.0,361430000.0,199663000.0,519231000.0,139614000.0,298949000.0,713793290.0,692910290.0,10.963184439573535,1.8102001873156268,0.11624880849031614,0.2334137597030889,-0.004355147163327566,10.963184439573535,-0.004045258758742243,1.6128552641984792,-85.6277939059501,1.385546333159281,0.0,1.8626069018866303,0.0,0.42784623386265686,0.8255410366467498,-0.002014690613513895,35.7343324155194,0.41241173612915616,0.8620689655172413,0.9007396471542151,-0.08124353936792966,-0.40761962028434945,-0.004863394234805982,0.8509938509938509,2.9497051682275406,-2.058381947407792,0.050946396998915795,-0.28260276630869136,Personal Services,Consumer Cyclical,RGS
2016Q2,2016,Q2,2016-01-28,2015-12-31,-13986000.0,450467000.0,-2883000.0,-0.29,183411000.0,0.4071574610348816,1054832000.0,532874000.0,363289000.0,204861000.0,521958000.0,141934000.0,300986000.0,679907500.0,669814500.0,11.089989594172737,1.7733438770678656,0.11381907261061477,0.225306545262107,-6.310747190084574e-05,11.089989594172737,-0.02624635467296209,1.5093391968779066,-12.153358715858715,1.2759254532966517,0.0,1.8815505798469712,0.0,0.42705094270936034,0.7705615026774252,-0.013258983421056624,-96.92195295794725,0.4071574610348816,-13.499999999999998,-2.1374776920370135,-0.07479745609760585,-0.40980831253183925,-0.031242407276338167,-16.309405940594058,-1.6742282507015902,-0.34771986148864936,0.05191327243105002,-0.2733216009190172,Personal Services,Consumer Cyclical,RGS
2016Q1,2016,Q1,2015-10-29,2015-09-30,-808000.0,450130000.0,4276000.0,-0.02,189326000.0,0.42060293692933154,1120373000.0,580539000.0,403856000.0,220928000.0,539834000.0,140333000.0,316128000.0,691588300.0,634808300.0,10.996514689447464,1.8279982618771726,0.10710718662445454,0.20670445913194463,0.00010648763865242191,10.996514689447464,-0.0013918100248217604,1.5364190345011441,-213.9815284653465,1.191286545779009,0.0,1.8584652220076532,0.0,0.4017679826272143,0.9099208792004635,-0.0007211883899379939,213.25572001233425,0.42060293692933154,0.6,-1.0473095091589901,-0.164995870841071,-0.40496305839633184,-0.04512946730282336,0.5978098556495769,2.894353369763206,-1.0307211338085744,-0.03353416218176762,-0.29831243098497173,Personal Services,Consumer Cyclical,RGS
2015Q4,2015,Q4,2015-08-28,2015-06-30,-2009000.0,462889000.0,1098000.0,-0.05,198274000.0,0.4283402716417975,1162015000.0,627444000.0,428282000.0,216666000.0,534571000.0,128610000.0,316859000.0,854538720.0,762261720.0,11.571760540002213,1.9766922359761108,0.10327061182514856,0.19125531521538178,-0.0006463610749137729,11.571760540002213,-0.0032018793709080013,1.8460985679072088,-106.33881533101045,1.3619362365406316,0.0,2.057499416841614,0.0,0.3983502794714354,1.0980172246683837,-0.001728893344750283,65.39670314532792,0.4283402716417975,0.28571428571428575,-1.1144109643344235,-0.18054240045919062,-0.35329936393542105,0.032607167223052604,0.45849056603773586,-0.7910561370123692,0.9666779786946621,-0.1401143230463835,-0.25520432955733735,Personal Services,Consumer Cyclical,RGS
2015Q3,2015,Q3,2015-04-30,2015-03-31,-3710000.0,453960000.0,5255000.0,-0.07,192013000.0,0.42297338972596704,1175323000.0,646580000.0,432799000.0,207082000.0,528743000.0,131883000.0,325632000.0,897133320.0,804186320.0,11.79094407060926,2.089988506968254,0.10210299636780698,0.18559806984441213,-0.006962833012388933,11.79094407060926,-0.005737882396609855,1.976238699444885,-60.45372776280323,1.3875055213585326,0.0,1.9862074717742242,0.0,0.3862427605007304,1.1442037453762277,-0.00315657908506853,32.620657406734054,0.42297338972596704,0.7999999999999999,-1.4977357336511754,-0.20676904130444068,-0.3428764886605624,0.022226599516604734,0.8054637931938545,3.3724604966139955,-1.8195205198944537,-0.17657251859934772,-0.30196806541671756,Personal Services,Consumer Cyclical,RGS
2015Q2,2015,Q2,2015-01-29,2014-12-31,-19071000.0,455887000.0,-2215000.0,-0.35,187838000.0,0.41202754191279856,1190436000.0,664717000.0,427491000.0,210551000.0,525719000.0,138073000.0,329301000.0,924062600.0000001,848251600.0000001,12.056171216105922,2.0303441921434713,0.10081096337812365,0.18054149359802743,-0.005500392653545391,12.056171216105922,-0.028690405089684783,2.026955363938871,-12.113452362225368,1.3901594212273796,0.0,1.941357108196389,0.0,0.38295800866237245,1.0594725268462273,-0.0160201808413052,86.10348490495714,0.41202754191279856,-1.1874999999999998,-2.072461864839475,-0.1911006405355136,-0.3313583880601733,-0.04109001618279927,-1.1068272205037561,-2.6490939044481054,0.6575368091171817,-0.16537578498809305,-0.2862261358701667,Personal Services,Consumer Cyclical,RGS
2015Q1,2015,Q1,2014-11-04,2014-09-30,-9052000.0,464551000.0,-607000.0,-0.16,195887000.0,0.42166952605849517,1209928000.0,686845000.0,421660000.0,208791000.0,523083000.0,143328000.0,348420000.0,889658280.0,823415280.0,12.32163679744542,2.0195314932157036,0.09919102624288387,0.17473229040030866,-0.0018540503390372042,12.32163679744542,-0.013179101544016482,1.9150928100466902,-24.57076557666814,1.2952824581965363,0.0,1.8744697477115428,0.0,0.3839492928504837,0.9978495241653136,-0.00748143691194848,202.01141689373296,0.42166952605849517,0.4666666666666666,-2.131263385992378,-0.25486430454194986,-0.33095816635719516,-0.043665265511568074,0.46821760075196805,-1.2465475223395612,-2.107304934798066,-0.1669995331259838,-0.31357764880856287,Personal Services,Consumer Cyclical,RGS
2014Q4,2014,Q4,2014-08-26,2014-06-30,-17022000.0,483926000.0,2462000.0,-0.3,204831000.0,0.42326926017614264,1415949000.0,720781000.0,613266000.0,384712000.0,695168000.0,137151000.0,357460000.0,795857920.0,710733920.0,12.75176916000283,1.594091164299528,0.2072835956662281,0.40720135519665474,0.0010940404803479013,12.75176916000283,-0.023616049812633797,1.6445859904200228,-11.688666431676655,1.1041605147749456,0.0,2.034946883362134,0.0,0.34176795915672104,1.0697118883736405,-0.012021619422733446,41.392724814063556,0.42326926017614264,-0.764705882352941,-2.580362403219489,-0.25803246997218904,-0.14005052234507484,0.028934400289344003,-0.794812315478701,1.7643588947531823,-0.0433129863207189,-0.17854514326386256,-0.2985791581520767,Personal Services,Consumer Cyclical,RGS
2014Q3,2014,Q3,2014-04-30,2014-03-31,-9484000.0,471561000.0,-3221000.0,-0.17,199071000.0,0.4221532315013328,1427339000.0,733227000.0,604328000.0,374293000.0,694112000.0,143742000.0,374417000.0,773680100.0,706713100.0,12.983673613939406,1.6145853649413695,0.20586069602245857,0.4007394708596383,-0.0034264125013867383,12.983673613939406,-0.012934602790131842,1.6406787244916352,-20.394351012231127,1.0551713180229314,0.0,1.8956881078599157,0.0,0.33037771685633194,1.0799694357094576,-0.006644532237961689,33.03360659237436,0.4221532315013328,0.9128205128205129,-1.8138026031386265,-0.40692972678698963,-0.28896061603588463,0.023538122194629113,0.9130586240088004,0.907068667051356,0.6241249721460372,-0.18541755022105857,-0.2984453059307751,Personal Services,Consumer Cyclical,RGS
2014Q2,2014,Q2,2014-02-03,2013-12-31,-109085000.0,468367000.0,-34660000.0,-1.95,194493000.0,0.4152576932192063,1434066000.0,743638000.0,588528000.0,369586000.0,690428000.0,147188000.0,383885000.0,818900870.0,773635870.0,13.176426812197672,1.5923979804429822,0.2051181744773253,0.3955593985245509,-0.09458089632517082,13.176426812197672,-0.1466909975014725,1.7484170959952345,-1.876749484347069,1.1012090156769825,-0.031131686299674565,1.8607087534309863,0.004147022093162509,0.3266007282788937,1.0383780770916646,-0.0760669313685702,38.98785326604456,0.4152576932192063,-807.457711442786,0.42120157224764876,-0.3939672081193762,-0.28348243410350743,-0.025312712985607184,-801.0955882352941,-25.254723582925124,-8.553424143989579,-0.18098925962850682,-0.2987714272357924,Personal Services,Consumer Cyclical,RGS
2014Q1,2014,Q1,2013-11-05,2013-09-30,-136000.0,468583000.0,1429000.0,-0.002412,199544000.0,0.4258455812524142,1380282000.0,858105000.0,486177000.0,369033000.0,522177000.0,149224000.0,496319000.0,827849240.0,798630240.0,15.216516234284397,1.317435026135874,0.12639953284908445,0.20331661043811655,0.00117342149150899,15.216516234284397,-0.00015848876303016531,1.7667077977647503,-1521.7816911764705,0.9647411913460474,-24.977941176470587,1.802920441751997,0.004103404141556016,0.3394835258302289,0.6999888898824767,-9.853059012578589e-05,191.98730055658626,0.4258455812524142,-1.2411999999999999,-1.007123231613615,-0.477372225339762,-0.33146270900732594,-0.029327781372067343,-1.2014814814814814,1.159166852305636,-1.007454647852249,-0.186254994405445,-0.17661281436744894,Personal Services,Consumer Cyclical,RGS
2013Q4,2013,Q4,2013-08-27,2013-06-30,675000.0,502251000.0,-8978000.0,0.01,205573000.0,0.4093033164692554,1390492000.0,857414000.0,488546000.0,376812000.0,533078000.0,139607000.0,499760000.0,938957600.0,913239600.0,15.213165365507452,1.2965245268197403,0.12568932435425734,0.20383385389088585,-0.005010330087458707,15.213165365507452,0.0007872509662776674,1.8694987167770696,347.76207407407406,1.0951041153981624,5.034074074074074,2.1250940139104775,0.00361890675361699,0.36120380412113123,0.7103409657866522,0.00048543968609671975,-20.458821222355375,0.4093033164692554,-0.75,-0.9777981070398879,-0.46224002312609186,-0.3331949992173957,-0.05414097727063587,-0.7141041931385006,-3.7140266021765416,-0.9630175200508706,-0.14458869585301246,-0.14979542789368763,Personal Services,Consumer Cyclical,RGS
2013Q3,2013,Q3,2013-05-07,2013-03-31,2361000.0,504937000.0,3308000.0,0.04,217340000.0,0.43042993482355224,1541792000.0,861058000.0,463946000.0,248533000.0,680734000.0,148493000.0,502452000.0,1025479000.0,1113807000.0,15.281888366314668,1.8667380186936946,0.17423686204105351,0.31198479080387154,0.0002448032917401419,15.281888366314668,0.0027419755695899696,2.03090484555499,108.58523930537908,1.1909522935737198,1.4421855146124523,1.9367714303031118,0.00332039954011735,0.32750007783151036,0.9344473369733597,0.0015313349660654614,-155.7768494607322,0.43042993482355224,1.1818181818181819,-0.905807594495546,-0.43813161066778283,-0.31549936899786135,0.0023243372871663377,1.1924832871351705,-0.6207726699529978,2.5469877292848944,-0.1413077006889526,-0.14832195937546314,Personal Services,Consumer Cyclical,RGS
2013Q2,2013,Q2,2013-02-04,2012-12-31,-12266000.0,506165000.0,8723000.0,-0.22,216836000.0,0.4283899518931574,1540903000.0,866745000.0,466958000.0,245087000.0,674158000.0,153864000.0,503452000.0,960954480.0000001,1011594480.0000001,15.261207169771454,1.9052744535613884,0.1745619289468578,0.31033695031410624,0.004565253283628132,15.261207169771454,-0.014151797818274118,1.898500449458181,-19.585734550790807,1.1086934219407094,-0.2818359693461601,1.8804203712369365,0.003597464887202565,0.3284859592070364,1.0478075132503968,-0.007960267453564566,37.86266666666667,0.4283899518931574,-1.488888888888889,-1.4152578256972774,-0.4334591269266193,-0.2889261278587763,-0.013035958124715521,-1.4298128810708528,-0.05931198102016608,-1.6696321155782192,-0.1281248157540565,-0.1536054043001927,Personal Services,Consumer Cyclical,RGS
2013Q1,2013,Q1,2012-11-09,2012-09-30,28538000.0,505360000.0,9273000.0,0.45,219700000.0,0.43473959157828085,1568382000.0,897712000.0,481002000.0,242835000.0,670670000.0,155990000.0,509255000.0,1049997389.9999999,1107600390.0,15.671525583506451,1.9807770708505776,0.1785668287445278,0.3119719910171636,0.007008049512067018,15.671525583506451,0.0317897053843549,2.077721604400823,9.198239102249632,1.1696372444614753,0.12082136099236106,1.8312712353355984,0.003283817686442059,0.32221741897063344,1.1079827866658432,0.01819582219127738,-109.24954635313702,0.43473959157828085,1.4054054054054053,0.061880179366923325,-0.41972822450289077,-0.26837375034085625,-0.15294099503408284,1.448470943206462,1.210903384279476,2.4706219005352055,-0.21119906505012742,-0.14906547038108903,Personal Services,Consumer Cyclical,RGS
2012Q4,2012,Q4,2012-08-29,2012-06-30,-63634000.0,568168000.0,-43968000.0,-1.11,259368000.0,0.45649878205037947,1571846000.0,889157000.0,384677000.0,251973000.0,682689000.0,148441000.0,484229000.0,1027832840.0,1203563840.0,15.53682573520418,1.5266596024177193,0.18301665684806273,0.3235356635554801,-0.029451646413223658,15.53682573520418,-0.07156666370505996,1.8090297940045903,-4.038064713832228,1.155963277576401,-0.054216299462551465,2.0802877911089253,0.0033565769313228014,0.3614654361814071,0.7408015938215603,-0.04048360971749141,34.09742701698514,0.45649878205037947,-54.5,-2.751386764542139,-0.35453272148216014,-0.2530889133459088,-2.6987951807228917e-05,-45.48210372534697,-2.744761904761905,-12.219723020949521,-0.1396018965585221,0.04776717706843028,Personal Services,Consumer Cyclical,RGS
2012Q3,2012,Q3,2012-05-10,2012-03-31,-1369000.0,573584000.0,25200000.0,-0.02,259375000.0,0.45220054952718347,1665522000.0,963722000.0,370552000.0,252790000.0,701800000.0,161123000.0,551299000.0,1051486790.0,1246210790.0,16.89169719383731,1.4658491237786304,0.17550473665313338,0.30331049825572104,0.011215557566561715,16.89169719383731,-0.0014205341374379748,1.8331871007559486,-192.01731008035063,1.091068575792604,-2.522279035792549,1.9501188532984117,0.0032839214271060888,0.3443869249400488,0.5613157166027137,-0.000821964525235932,64.77863417939872,0.45220054952718347,0.9801980198019802,-1.2013248645995829,-0.31389376018137183,-0.17055292515506296,0.007406745692668603,0.9761610392324168,1.4089780417741857,-1.116276874920486,-0.2859515545181054,-0.07494116658018217,Personal Services,Consumer Cyclical,RGS
2012Q2,2012,Q2,2012-02-06,2011-12-31,-57427000.0,563278000.0,-61617000.0,-1.01,257468000.0,0.45708868445066203,1696961000.0,960357000.0,347679000.0,256645000.0,736604000.0,170551000.0,555986000.0,940983350.0,1150765350.0,16.890743444079007,1.3547078649496387,0.1725914738170176,0.3049709639227912,-0.03849475012060552,16.890743444079007,-0.05979755445110516,1.6705487343727254,-4.09643264492312,0.9798266165602999,-0.06021557803820503,1.7930706943963977,0.0036748790507292184,0.3319333797299997,0.5157513296576984,-0.03384108414984198,42.12100940017905,0.45708868445066203,-7.733333333333333,-2.6789779549916695,-0.32636412541851545,-0.16405283841821783,-0.02013632263785446,-7.888209187957298,-5.713662790697675,0.6975466388281126,-0.2765431977373003,-0.08150255367182711,Personal Services,Consumer Cyclical,RGS
2012Q1,2012,Q1,2011-11-09,2011-09-30,8337000.0,568749000.0,13072000.0,0.15,262759000.0,0.4619946584521467,1772220000.0,1020469000.0,343773000.0,254553000.0,751751000.0,173699000.0,616300000.0,801002410.0,1029344410.0,17.950518039015638,1.3504967531319607,0.1715447292096918,0.297916938192145,0.005005526720945748,17.950518039015638,0.008169772918138621,1.4083583619487683,24.019503718363918,0.7849355639416778,0.41909559793690776,1.7616106022487177,0.004362034316476027,0.3209246030402546,0.478226538284758,0.004704269221654196,-237.5451986951364,0.4619946584521467,1.5172413793103448,-0.7139489369398897,-0.2950330042569754,-0.07862143066393282,-0.03321718846008087,1.508508691674291,0.8272295219457646,-0.5668380221361803,-0.3707416705328159,-0.21134440255910478,Personal Services,Consumer Cyclical,RGS
2011Q4,2011,Q4,2011-08-26,2011-06-30,-16395000.0,591985000.0,7154000.0,-0.29,271787000.0,0.45911129504970566,1805753000.0,1032619000.0,346562000.0,254680000.0,773134000.0,150804000.0,610597000.0,870176000.0,1087324000.0,18.179911971830986,1.3607743050102088,0.1735624971964604,0.3035107818081984,-0.10061050395832553,18.179911971830986,-0.01587710472110236,1.4699291367179912,-13.268923452272034,0.8426883487520567,-0.21055199756023177,2.1232725922389326,0.003967013569668665,0.3278327656108006,0.5817732055913303,-0.009079314834310119,20.078822280677464,0.45911129504970566,0.3555555555555556,-1.313180701697842,-0.2618134950291246,-0.060260068074786094,0.034098734899648056,0.35287152161042035,1.120227211616026,-1.5350819503695192,-0.37107187325369906,-0.20316016257277567,Personal Services,Consumer Cyclical,RGS
2011Q3,2011,Q3,2011-05-10,2011-03-31,-25335000.0,581267000.0,-59504000.0,-0.45,262825000.0,0.4521588185807899,1917957000.0,1049421000.0,439857000.0,257942000.0,868536000.0,162507000.0,630443000.0,1005928959.9999999,1264755960.0,18.507001269751694,1.7052554450225244,0.2107925255884256,0.38525148629577644,-0.01134023724743423,18.507001269751694,-0.02414188395315131,1.7305798540085706,-9.926277481744622,0.9585561562042306,-0.13649102032761,1.9595586651651928,0.003437618497433457,0.3030657100237388,0.8862108536027479,-0.013209368093236709,41.54842674817231,0.4521588185807899,-2.875,-2.090096322623187,-0.23012232074931102,0.0012660529757007343,0.00799260568917048,-2.7466390899689763,-3.602519244226732,-2.0043440176332386,-0.3572904413101596,-0.17104131744437007,Personal Services,Consumer Cyclical,RGS
2011Q2,2011,Q2,2011-02-09,2010-12-31,14505000.0,574372000.0,22864000.0,0.24,260741000.0,0.45395841022891087,1938532000.0,1065120000.0,435510000.0,242254000.0,873412000.0,160497000.0,659236000.0,940954400.0000001,1170809400.0,18.79048761555289,1.797741213767368,0.20847992192029846,0.37943611987381703,0.01058983448321743,18.79048761555289,0.013618183866606579,1.638231668674657,16.217759393312654,0.8834257172900706,0.15870389520854877,1.9541237530919582,0.0024464522404061234,0.2962922458850305,0.9419823821278492,0.007482466113533334,39.21787187929814,0.45395841022891087,-0.2,-0.576910962845638,-0.2457590164514862,0.04318182440969032,-0.02588271335119121,-0.2082423580786026,-0.3161452413710594,-0.5079892790437235,-0.35586875794038564,-0.12448441073007208,Personal Services,Consumer Cyclical,RGS
2011Q1,2011,Q1,2010-11-09,2010-09-30,18320000.0,578245000.0,33434000.0,0.3,267669000.0,0.46289894421914585,1953430000.0,1046526000.0,450750000.0,270434000.0,906904000.0,161709000.0,647034000.0,1083312770.0,1328146770.0,18.48038990623179,1.6667652735972547,0.2250753802286235,0.42012238587478956,0.013914338853256257,18.48038990623179,0.017505537368397918,1.8734494375221575,14.783198280567683,1.0351513196996538,0.125382096069869,1.9205857435269527,0.0021203479397736633,0.2960152142641405,0.878450934423926,0.009378375472886153,22.48609855325155,0.46289894421914585,-0.07362996891869796,-0.3435504447738799,-0.21412255951405154,0.05552863523331709,-0.025488768340190045,-0.0010360434047657996,-0.0638405107240858,-0.31045230316440137,-0.3283711683761678,-0.13724172625765263,Personal Services,Consumer Cyclical,RGS
2010Q4,2010,Q4,2010-08-27,2010-06-30,18339000.0,589948000.0,35714000.0,0.32384467322396654,274670000.0,0.4655834073511564,1919572000.0,1013293000.0,428865000.0,270109000.0,906279000.0,153380000.0,631011000.0,881713530.0,1169871530.0,17.893535114517295,1.5877479091774063,0.22923287066075146,0.43425642928550773,0.011969791782906851,17.893535114517295,0.018098417733074246,1.494561435923166,12.019651153279895,0.8701466703115487,0.12497955177490594,2.0555352718737776,0.00259948375749661,0.3073330930019817,0.8233342835670044,0.009553692177214504,46.10990116096642,0.4655834073511564,12.955920621103305,-0.5064784990055099,-0.2107099667029153,0.06605554554473182,0.017514873565432576,13.025573770491803,29.16385135135135,-0.4899112386521444,-0.32268848559005814,-0.13979341827948913,Personal Services,Consumer Cyclical,RGS
2010Q3,2010,Q3,2010-05-10,2010-03-31,-1525000.0,587571000.0,1184000.0,-0.027086552636720485,269942000.0,0.4594202232581254,1951934000.0,1010224000.0,449596000.0,297375000.0,941710000.0,152982000.0,614964000.0,1051702680.0,1352673680.0,17.943269213690698,1.5118823034888609,0.24072330314447107,0.46512060691490204,0.0007111570228455794,17.943269213690698,-0.00150956619522007,1.7899159080349438,-172.41027540983606,1.0410588938690826,-1.498360655737705,2.0762508007478004,0.0021726672789309617,0.30101991153389407,0.8106801176965112,-0.0007812764161083315,17.72781592920354,0.4594202232581254,-1.0902885087890684,0.9267271926558323,-0.16156316396345485,0.077329131274393,0.021992708218965446,-1.0840035253938527,-0.9630727006206531,-1.2272616671395113,-0.28777523515196646,-0.11891670850689849,Personal Services,Consumer Cyclical,RGS
2010Q2,2010,Q2,2010-02-09,2009-12-31,18154000.0,575365000.0,32063000.0,0.3,264133000.0,0.45907032926924646,1942294000.0,1014902000.0,392113000.0,288059000.0,927392000.0,160789000.0,618771000.0,876388590.0,1232245590.0,18.0308419350827,1.3612246102360974,0.24215746946651742,0.4634348932212174,0.013708043119592095,18.0308419350827,0.017887441349016948,1.523187176835574,12.068808389335683,0.863520408867063,0.12586757739341192,1.9356548022563733,0.0026072909050538873,0.29622961302459877,0.6063271760299105,0.009346679750851314,32.51181889004303,0.45907032926924646,1.1428571428571426,-0.4633329734356676,-0.15280314016905608,0.04293585210171992,-0.022041127640825515,1.335820895522388,0.13469228863644406,-0.46386145117204697,-0.304940959035195,-0.10762772601072908,Personal Services,Consumer Cyclical,RGS
2010Q1,2010,Q1,2009-11-09,2009-09-30,7772000.0,605550000.0,28257000.0,0.14,270086000.0,0.4460176698868797,1955473000.0,997143000.0,393303000.0,283941000.0,958330000.0,163146000.0,602900000.0,839216500.0,1217298500.0,18.416840588811112,1.3851574798989932,0.24480573242381767,0.48008259597670544,0.009376993118401204,18.416840588811112,0.007794268224316873,1.3858748245396746,26.994869402985074,0.8416210112290814,0.2938754503345342,2.0562195824598826,0.002721586146125583,0.30966932297198685,0.5957681349294396,0.003974485968356505,33.12478784290507,0.4460176698868797,2.6644751866490997,-0.750294880354854,-0.020767031572420172,0.1370770233208419,-0.05326991093054966,2.706631532718489,-0.3666195951852599,-0.7200070667426098,-0.21190483805271867,-0.05468565327601388,Personal Services,Consumer Cyclical,RGS
2009Q4,2009,Q4,2009-08-28,2009-06-30,-4554000.0,624746000.0,44613000.0,-0.08411059601425853,285283000.0,0.4566383778367529,1892486000.0,802860000.0,352986000.0,274486000.0,1089626000.0,158570000.0,597417000.0,942629630.0,1534398630.0,14.828509687309532,1.2859890850535183,0.33517130377714816,0.7900592880452383,0.02062755219397143,14.828509687309532,-0.005672221807039832,1.5088205926888687,-51.7473446420729,1.174089666940687,-0.3801054018445323,2.140776943936432,0.0018363522054786246,0.3301192188475899,0.4905058910108348,-0.002406358620354391,9.632922487353738,0.4566383778367529,-1.4005266476869456,-1.1365349339490172,0.005557069481846917,-0.04411505835710122,0.055025073593585896,-1.514343799412695,0.2034149762624083,-1.0912604525320069,-0.18273123129435134,-0.23349779109512486,Personal Services,Consumer Cyclical,RGS
2009Q3,2009,Q3,2009-05-11,2009-03-31,8854000.0,604086000.0,37072000.0,0.21,270404000.0,0.44762500703542213,1927832000.0,783451000.0,369767000.0,341191000.0,1144381000.0,165022000.0,603703000.0,619977250.0,1264521250.0,18.260132851648994,1.0837536746279943,0.3639357578876168,0.8955339900006509,0.016556124718801076,18.260132851648994,0.01130128112670735,1.0263062709614195,17.505569516602666,0.7913414495609807,0.19516602665461938,2.0220455454424258,0.002787199046416623,0.31334991845762494,0.42576445451374745,0.0045927238473061965,-72.54589866604259,0.44762500703542213,1.062874251497006,-0.6427290902633878,0.2939993920049197,0.21235294800269394,0.24101151957409703,1.0618071649959513,6.575575274477365,-0.49651182725487575,0.05742755002139402,-0.012090025785802585,Personal Services,Consumer Cyclical,RGS
2009Q2,2009,Q2,2009-02-09,2008-12-31,-143252000.0,587426000.0,-6649000.0,-3.34,217890000.0,0.37092331629856357,1998857000.0,788856000.0,415023000.0,424220000.0,1210001000.0,194459000.0,596576000.0,623293410.0,1291521410.0,18.389537729911183,0.978320211211164,0.36647494042845485,0.9285991359639783,-0.007285891523324498,18.389537729911183,-0.18159461295851206,1.061058601423839,-1.0877569074079245,0.7901231783747603,-0.012062658811046269,1.900328603973074,0.0027723700784835826,0.2938809529646193,0.2374381217292914,-0.07166695766630629,29.18996909099424,0.37092331629856357,-10.823529411764705,-6.298896797867218,0.2722246828901789,0.262044294381412,-0.2865819518887292,-10.888996272262874,-1.2124620546413165,-6.521388440375008,0.019303698794358448,0.02092249608580068,Personal Services,Consumer Cyclical,RGS
2009Q1,2009,Q1,2008-11-10,2008-09-30,14486000.0,680269000.0,31295000.0,0.34,305417000.0,0.4489650417702409,2273061000.0,973871000.0,467613000.0,551948000.0,1299190000.0,241742000.0,741559000.0,1176642500.0,1858572500.0,22.76090868721808,0.8472048091486879,0.3551140950462834,0.8288531027209969,0.01079543250970169,22.76090868721808,0.014874659990902286,1.7296723796027749,20.306545975424548,1.2082118678962614,0.11908049150904322,1.5506283558504521,0.0014660357755223018,0.2992744145449682,0.29550428663569756,0.006372904202746868,307.3778735632184,0.4489650417702409,-0.36971621680169825,-0.4080544650558783,0.5058638958132434,0.6866188115835549,-0.3603671715310123,-0.37238421212252504,-0.323585354255825,-0.31300840230676436,0.2236315657364673,0.3000153679218656,Personal Services,Consumer Cyclical,RGS
2008Q4,2008,Q4,2008-08-29,2008-06-30,23081000.0,709044000.0,46266000.0,0.5394395493958445,477488000.0,0.6734250624784922,2235871000.0,976186000.0,445151000.0,507522000.0,1259685000.0,212468000.0,728795000.0,1127437450.0,1764557450.0,22.81501390609297,0.8771068052222367,0.34203538576241654,0.783402958042832,0.016176579103412497,22.81501390609297,0.023644059636175892,1.590081081004846,12.211748299467097,1.154941220218278,0.074476842424505,1.0898394111113203,0.0015246965585540909,0.3171220522114201,0.32599769074049995,0.010323046365376178,33.71422654824916,0.6734250624784922,0.22599897589964654,0.04648011100677813,0.6132898731092196,0.7689617732286534,0.8680333320292634,0.21683888654576128,0.09723473888915239,-0.17792374516065912,0.2555185319996194,0.35926589914240714,Personal Services,Consumer Cyclical,RGS
2008Q3,2008,Q3,2008-05-06,2008-03-31,18968000.0,680055000.0,42166000.0,0.44,255610000.0,0.37586665784385087,2236485000.0,951919000.0,448934000.0,474773000.0,1284566000.0,210406000.0,707426000.0,1172118620.0,1834984620.0,22.325601576058915,0.9455760963660528,0.35732634021690285,0.8395199591561887,0.013511321335934473,22.325601576058915,0.019926065137895136,1.7235644469932578,15.448632169970477,1.231321803640856,0.09041543652467314,2.0172666178721137,0.0014631624911819931,0.3040731326165836,0.37546574889473494,0.008481165757874522,21.205988819134117,0.37586665784385087,-0.13725490196078433,-0.07720700829547032,0.6366262270579441,0.8665255942108785,-0.02578370652691758,-0.15907075722645858,-0.06003254642323726,2.2034105429691313,0.28136636307120794,0.3404480902934957,Personal Services,Consumer Cyclical,RGS
2008Q2,2008,Q2,2008-02-07,2007-12-31,22556000.0,682241000.0,44859000.0,0.51,262375000.0,0.3845781769198861,2183979000.0,930794000.0,507160000.0,526274000.0,1253185000.0,208107000.0,690155000.0,1212597240.0,1807048240.0,21.46219649980401,0.9636805162329889,0.3513339642917812,0.8243564096889322,0.016642570719816098,21.46219649980401,0.024233074128109978,1.7773737432959906,13.439852367441034,1.3027557547642121,0.07816102145770527,2.0175486648695142,0.0014539040184521612,0.3123844139526983,0.4256489965303245,0.01032793813493628,26.542568457918353,0.3845781769198861,0.10869565217391301,-0.04607697937603748,0.6398649987088157,0.8460580270272671,0.0220955734837536,0.09500461187436283,0.0939618592401112,-0.13458710680307256,0.3037892822289206,0.2414114812323642,Personal Services,Consumer Cyclical,RGS
2008Q1,2008,Q1,2007-11-09,2007-09-30,20599000.0,667525000.0,41006000.0,0.46,256703000.0,0.3845593797985094,2165757000.0,940472000.0,487208000.0,482034000.0,1225285000.0,213860000.0,669361000.0,1434848080.0,2008289080.0,21.420124812098575,1.0107336826862836,0.3318331650319034,0.7641588478976514,0.01587830921162374,21.420124812098575,0.02190283176957953,2.149504632785289,17.414050196611488,1.5256680475335789,0.08578086314869654,1.920985691573927,0.001231489259824636,0.3082178656238904,0.40188243982789595,0.009511224020053957,656.6810434782609,0.3845593797985094,-0.27545255605381164,0.027053460823127495,0.6437650068182329,0.9835806251050959,-0.4653357493959843,-0.26102242152466365,-0.1810265628120631,-0.1838702014073942,0.3311346745543408,0.3225032623293322,Personal Services,Consumer Cyclical,RGS
2007Q4,2007,Q4,2007-08-29,2007-06-30,27875000.0,675321000.0,50070000.0,0.6348790598095932,480120000.0,0.7109507922898888,2132114000.0,913308000.0,525064000.0,538632000.0,1218806000.0,196582000.0,654792000.0,1679404500.0,2203850500.0,20.801439438801076,0.9748102600662419,0.3326421570328791,0.7765518313646655,0.021078580959922162,20.801439438801076,0.030520919558352712,2.486824043677007,15.061923766816143,1.8388150547241455,0.06306726457399103,0.9929749417545859,0.0010467996245097594,0.3167377541726193,0.46888784921801896,0.01307387878884525,40.35187053989764,0.7109507922898888,4.290658831746611,0.34349585029962615,0.7270392090237772,1.0191661824001683,0.8808615326757187,4.2317942942942945,1.1519749000730648,0.030585617084705252,0.340392339439774,0.3409157860997662,Personal Services,Consumer Cyclical,RGS
2007Q3,2007,Q3,2007-05-10,2007-03-31,5328000.0,655034000.0,23267000.0,0.12,255266000.0,0.3896988553265937,2083967000.0,910377000.0,532579000.0,490581000.0,1173590000.0,195892000.0,628677000.0,1804660110.0,2286517110.0,20.365009059794644,1.0856086966270606,0.3205578591215696,0.7337970972465253,0.0056151386260045915,20.365009059794644,0.005852520439334473,2.7550632638916452,84.67812077702702,1.9823217304479352,0.33183183183183185,2.0407571519000265,0.0009796858645033165,0.31432071621095725,0.5256196224476692,0.0025566623655748867,32.71563957071897,0.3896988553265937,-0.7966101694915254,-0.740898625247519,0.7032918175259452,1.1606937582661694,0.01197243960261015,-0.8017414601473544,-0.5076809140922556,-0.7936551703794941,0.34669851502863885,0.35210291022137874,Personal Services,Consumer Cyclical,RGS
2007Q2,2007,Q2,2007-02-09,2006-12-31,26874000.0,656990000.0,47260000.0,0.59,252246000.0,0.3839419169241541,2091625000.0,902641000.0,509659000.0,506215000.0,1188984000.0,207407000.0,625119000.0,,,,,,,,,,,,,,,,,,,,,,,,,,,,,,,Personal Services,Consumer Cyclical,RGS
2007Q1,2007,Q1,2006-11-03,2006-09-30,23093000.0,639243000.0,44016000.0,0.5,243683000.0,0.3812055822277287,2061195000.0,877558000.0,488208000.0,457340000.0,1183637000.0,207720000.0,600044000.0,,,,,,,,,,,,,,,,,,,,,,,,,,,,,,,Personal Services,Consumer Cyclical,RGS
