Quarters,Year,Quarter,FillingDate,Date,NetIncome,Revenue,OperatingIncome,EPSDiluted,GrossProfit,GrossProfitRatio,TotalAssets,CommonStockEquity,CurrentAssets,CurrentLiability,TotalLiability,Inventory,RetainedEarnings,MarketCap,EnterpriseValue,bookValuePerShare,currentRatio,debtToAssets,debtToEquity,roic,shareholdersEquityPerShare,roe,priceToSalesRatio,peRatio,pbRatio,payoutRatio,inventoryTurnover,dividendYield,assetTurnover,quickRatio,returnOnAssets,priceToFreeCashFlowsRatio,grossProfitMargin,epsdilutedGrowth,fiveYNetIncomeGrowthPerShare,fiveYRevenueGrowthPerShare,fiveYShareholdersEquityGrowthPerShare,grossProfitGrowth,netIncomeGrowth,operatingIncomeGrowth,threeYNetIncomeGrowthPerShare,threeYRevenueGrowthPerShare,threeYShareholdersEquityGrowthPerShare,Industry,Sector,Symbol
2023Q1,2023,Q1,2023-05-09,2023-03-31,-9734000.0,9966000.0,-10371000.0,-0.17,4367000.0,0.4381898455,109797000.0,24015000.0,75578000.0,10842000.0,31363000.0,2307000.0,-460381000.0,82465600.0,23340600.0,0.4309942569992821,6.970854085961999,0.05197774073972877,0.23764313970435144,-0.3112432549423676,0.4309942569992821,-0.40533000208203207,8.274693959462171,-2.117978220669817,3.433920466375182,0.0,2.426961421759861,0.0,0.09076750730894287,6.52628666297731,-0.08865451697223058,-9.690434782608696,0.4381898454746137,-4.821917808219179,-9.27807821957374,-0.5884919323083037,-0.6466662563145273,-0.5133719634499666,-5.057249533291849,-2.44780585106383,-0.25764798910542447,-0.4952900222659065,-0.6216059094881955,Semiconductors,Technology,PXLW
2022Q4,2022,Q4,2023-03-08,2022-12-31,-1607000.0,16888000.0,-3008000.0,-0.0292,8974000.0,0.5313832307,102323000.0,32422000.0,72373000.0,12511000.0,30073000.0,1760000.0,-450985000.0,97303980.0,44021980.0,0.5897697093171317,5.784749420509951,0.034586554342620916,0.10915427795941028,-0.04636070833446505,0.5897697093171317,-0.04956511011041885,5.7617231170061585,-15.137520224019912,3.0011714268089573,0.0,4.4965909090909095,0.0,0.16504598184181465,5.3447366317640475,-0.01570516892585245,-59.47676039119804,0.5313832306963524,0.6439024390243903,0.7172347105855446,-0.4278470945391484,-0.48617041249518655,0.020236471123237836,0.6425711743772242,0.36419361657154936,0.7482872840361485,-0.26435404942699775,-0.5238809201435263,Semiconductors,Technology,PXLW
2022Q3,2022,Q3,2022-11-08,2022-09-30,-4496000.0,17552000.0,-4731000.0,-0.082,8796000.0,0.5011394713,102300000.0,33723000.0,72623000.0,12572000.0,29637000.0,2716000.0,-449051000.0,88269860.0,34497860.0,0.6150913800021888,5.7765669742284445,0.03756598240469208,0.11395783293301308,-0.1124989841251889,0.6150913800021888,-0.13332147199240874,5.0290485414767545,-4.908243994661922,2.6174972570649113,0.0,3.223858615611193,0.0,0.17157380254154447,5.439468660515431,-0.043949169110459436,-34.028473400154205,0.5011394712853237,0.11351351351351346,0.4327617678671227,-0.4444397127265462,-0.5079873546668817,-0.059050064184852376,0.10223642172523961,0.08966711564364056,-0.35439643177379687,-0.32475743098172477,-0.5333113473163065,Semiconductors,Technology,PXLW
2022Q2,2022,Q2,2022-08-10,2022-06-30,-5008000.0,19078000.0,-5197000.0,-0.0925,9348000.0,0.4899884684,96787000.0,35098000.0,66220000.0,14335000.0,31830000.0,2198000.0,-444555000.0,103369200.0,57944200.0,0.6485218033998522,4.61946285315661,0.042805335427278456,0.11804091401219442,-0.11772210692813416,0.6485218033998522,-0.14268619294546697,5.4182409057553205,-5.160203674121406,2.9451592683343777,0.0,4.426751592356688,0.0,0.19711324868009134,4.325008719916289,-0.051742486077675724,-19.372038980509746,0.4899884683929133,-0.20442708333333343,-3.1791139240506325,-0.49361034699097533,-0.2800544511990452,0.06675795960287573,-0.21494420184376517,-0.33908786395258955,-0.424617287171089,-0.2630217193713413,-0.5184037806834618,Semiconductors,Technology,PXLW
2022Q1,2022,Q1,2022-05-10,2022-03-31,-4122000.0,16628000.0,-3881000.0,-0.0768,8763000.0,0.5270026461,100352000.0,36743000.0,68678000.0,13663000.0,32082000.0,1794000.0,-439547000.0,159429600.0,108932600.0,0.6844821162444114,5.026568103637561,0.046486367984693876,0.12696295893095283,-0.09336389466738625,0.6844821162444114,-0.11218463380780012,9.588020206879962,-9.66943231441048,4.339046893285796,0.0,4.384057971014493,0.0,0.16569674744897958,4.664129400570885,-0.04107541454081633,-25.407107569721116,0.5270026461390426,-0.3150684931506848,-1.7970911029742336,-0.6005835549771925,-0.1756995472123253,-0.01239715992336301,-0.3236994219653179,-0.08196264287705604,-97.62540084279767,-0.3069624909854328,-0.45526034392214887,Semiconductors,Technology,PXLW
2021Q4,2021,Q4,2022-03-09,2021-12-31,-3114000.0,16586000.0,-3587000.0,-0.0584,8873000.0,0.5349692512,106600000.0,40221000.0,74496000.0,16438000.0,35474000.0,1469000.0,-434955000.0,234489200.00000003,178194200.00000003,0.7547145028427749,4.5319381919941595,0.04964352720450282,0.13157305884985454,-0.06172336775997402,0.7547145028427749,-0.07742224211232938,14.137778849632221,-18.82540141297367,5.83001914422814,0.0,5.250510551395507,0.0,0.1555909943714822,4.276371821389463,-0.02921200750469043,-31.907633691658734,0.5349692511756904,0.27,-5.973455686248482,-0.4416015148611327,0.13644972437094624,0.11120851596743894,0.23545298305917015,0.08119877049180328,-0.30807222779411575,-0.44334762797258953,-0.38145166596541563,Semiconductors,Technology,PXLW
2021Q3,2021,Q3,2021-11-09,2021-09-30,-4073000.0,15196000.0,-3904000.0,-0.08,7985000.0,0.5254672282179521,106903000.0,42370000.0,76248000.0,18297000.0,64533000.0,1601000.0,-431664000.0,252231040.0,191580040.0,0.8029487568223166,4.167240531234628,0.05526505336613566,0.13943828180316262,-0.07187970631221656,0.8029487568223166,-0.09612933679490206,16.598515398789154,-15.48189540878959,5.953057351899929,0.0,4.5040599625234226,0.0,0.14214755432494877,3.97032300377111,-0.038099959776619924,79.89579980994615,0.5254672282179521,0.0,-0.7595761600745684,-0.40293579983857014,0.31958951427387106,0.12290817044016313,0.07051574623459607,0.12387791741472172,-13.094289977002987,-0.5145609229535761,-0.3491427171033582,Semiconductors,Technology,PXLW
2021Q2,2021,Q2,2021-08-11,2021-06-30,-4382000.0,14051000.0,-4456000.0,-0.08,7111000.0,0.5060849761582805,63383000.0,44414000.0,33440000.0,11549000.0,18969000.0,1577000.0,-427591000.0,178285030.0,161241030.0,0.8494921867528642,2.8954887869079573,0.10381332533960211,0.14815148376637996,-0.0793332110396648,0.8494921867528642,-0.09866258386995092,12.688422888050672,-10.171441693290735,4.014162876570451,0.0,4.400760938490805,0.0,0.22168404777306217,2.5954628106329554,-0.06913525708786268,-115.32020051746443,0.5060849761582805,0.5,-0.5133098859902985,-0.3982630408732808,0.3731003342286196,0.908993288590604,0.4573374613003096,0.436947182208744,-0.1452210916743923,-0.5015629532522827,-0.2726903017643215,Semiconductors,Technology,PXLW
2021Q1,2021,Q1,2021-05-07,2021-03-31,-8075000.0,9270000.0,-7914000.0,-0.16,3725000.0,0.40183387270765913,65875000.0,47290000.0,34552000.0,10404000.0,18585000.0,1670000.0,-423209000.0,171037630.0,152722630.0,0.9151781394538734,3.321030372933487,0.10811385199240987,0.15060266441108056,-0.13216346165499138,0.9151781394538734,-0.17075491647282723,18.45066127292341,-5.2952826625387,3.6167821949672234,0.0,3.320359281437126,0.0,0.14072106261859582,2.975682429834679,-0.12258064516129032,-24.809635915288656,0.40183387270765913,-0.06666666666666674,0.4948401626228828,-0.5512093878279356,0.3986004651960288,-0.15051311288483465,-0.2540767199875757,-0.146790320243443,-8.194127859739536,-0.5872523238006904,-0.2497270835957305,Semiconductors,Technology,PXLW
2020Q4,2020,Q4,2021-03-10,2020-12-31,-6439000.0,9638000.0,-6901000.0,-0.15,4385000.0,0.45496991076986926,72038000.0,52870000.0,39634000.0,10594000.0,19168000.0,2445000.0,-415134000.0,123332700.0,99202700.0,1.2088716131244999,3.741174249575231,0.09893389599933368,0.13480234537544922,-0.10855884242492696,1.2088716131244999,-0.12178929449593343,12.796503423946877,-4.788503649635036,2.3327539247210134,0.0,2.1484662576687117,0.0,0.13379049945861907,3.415046252595809,-0.08938338099336461,-166.44089068825912,0.45496991076986926,0.25000000000000006,-0.2875792283007113,-0.5471052422607815,0.2694160247463328,0.10286720321931589,0.20887086865708318,0.1518987341772152,-0.42415366735776605,-0.5895606259650813,0.053214487799393764,Semiconductors,Technology,PXLW
2020Q3,2020,Q3,2020-11-06,2020-09-30,-8139000.0,8190000.0,-8137000.0,-0.2,3976000.0,0.48547008547008547,61543000.0,37594000.0,27794000.0,14295000.0,23949000.0,3895000.0,-408695000.0,83570300.0,78705300.0,0.9221900603444046,1.9443161944735923,0.18193783208488373,0.2978400808639676,-0.14475299213072912,0.9221900603444046,-0.21649731340107464,10.203943833943834,-2.566970758078388,2.2229690908123634,0.0,1.0818998716302952,0.0,0.13307768552069285,1.553969919552291,-0.13224899663649806,-15.729399585921325,0.48547008547008547,-0.1764705882352941,-3.1335766215350933,-0.6879763838130459,-0.1706831183225617,-0.21251733016438898,-0.24221611721611722,-0.267248092197477,-0.3810159750176388,-0.6513602135064052,-0.2623385957898744,Semiconductors,Technology,PXLW
2020Q2,2020,Q2,2020-08-10,2020-06-30,-6552000.0,9253000.0,-6421000.0,-0.17,5049000.0,0.5456608667459203,68972000.0,42455000.0,33884000.0,16591000.0,26517000.0,4767000.0,-400556000.0,127404120.0,118726120.0,1.0763360713923538,2.042312096920017,0.1701995012468828,0.2765045342126958,-0.10596067709224043,1.0763360713923538,-0.15432811211871394,13.768952772073922,-4.861268315018315,3.000921446237192,0.0,0.881896370883155,0.0,0.13415588934640144,1.6475197396178651,-0.09499507046337645,-111.56227670753064,0.5456608667459203,-0.21428571428571425,-0.3984398155825197,-0.6337767756669813,1.1360656592618343,-0.25476014760147603,-0.21355806630857566,-0.21678984271366306,-4.911707224085677,-0.6630143723395857,0.19487634733393513,Semiconductors,Technology,PXLW
2020Q1,2020,Q1,2020-05-08,2020-03-31,-5399000.0,13774000.0,-5277000.0,-0.14,6775000.0,0.49186873820241034,70743000.0,44271000.0,35874000.0,17066000.0,26472000.0,4540000.0,-394004000.0,110773800.0,105509800.0,1.139008953380673,2.102074299777335,0.1790848564522285,0.2861692755980213,-0.08463383050770847,1.139008953380673,-0.12195342323417135,8.042239001016407,-5.129366549360992,2.5021752388696887,0.0,1.5416299559471365,0.0,0.1947047764443125,1.7149302707136997,-0.07631850501109651,159.15775862068966,0.49186873820241034,-0.16666666666666682,0.03674193712993287,-0.4255870255524277,0.9468640727186652,-0.07191780821917808,-0.21162477558348294,-0.07737852184565129,-2.441894929956259,-0.5430524871023003,0.37167293888165204,Semiconductors,Technology,PXLW
2019Q4,2019,Q4,2020-03-11,2019-12-31,-4456000.0,16023000.0,-4898000.0,-0.12,7300000.0,0.45559508206952504,64657000.0,47529000.0,32237000.0,9674000.0,17128000.0,5401000.0,-388605000.0,150410400.0,148910400.0,1.2387021110242378,3.332334091378954,0.08903908316191596,0.1211260493593385,-0.08081637876942954,1.2387021110242378,-0.09375328746659933,9.387155963302753,-8.438644524236985,3.1646026636369373,0.0,1.615071283095723,0.0,0.24781539508483227,2.599441802770312,-0.06891751859814096,-19.221776357827476,0.45559508206952504,-1.0,0.02873754729326896,-0.3593054249650414,0.8303316388030293,-0.21900074890339147,-0.9323503902862099,-1.0040916530278232,-10.884693237561182,-0.25075341463179646,0.8652386662092099,Semiconductors,Technology,PXLW
2019Q3,2019,Q3,2019-11-08,2019-09-30,-2306000.0,18057000.0,-2444000.0,-0.06,9347000.0,0.5176385889128869,67666000.0,50197000.0,35854000.0,11423000.0,17469000.0,3133000.0,-384149000.0,140918200.0,130333200.0,1.3179908627842252,3.138755143132277,0.0,0.0,-0.04300092278727903,1.3179908627842252,-0.04593900033866566,7.804075981613779,-15.277341717259326,2.8073032252923484,0.0,2.780082987551867,0.0,0.26685484586055036,2.7256412501094283,-0.03407915348919694,-131.822450888681,0.5176385889128869,0.0,0.394343899047693,-0.3625225361525133,0.7892851702411442,-0.0030930034129692833,0.05800653594771242,-0.05299439896596295,-0.38025151654831857,-0.017024675770781324,1.166024802531331,Semiconductors,Technology,PXLW
2019Q2,2019,Q2,2019-08-12,2019-06-30,-2448000.0,18027000.0,-2321000.0,-0.06,9376000.0,0.5201087258001886,69274000.0,50751000.0,35819000.0,11919000.0,18523000.0,2842000.0,-381843000.0,113440879.99999999,102326879.99999999,1.3466090002122693,3.0052017786727077,0.0,0.0,-0.045454060004314685,1.3466090002122693,-0.04823550274871431,6.292831863316136,-11.585057189542482,2.2352442316407557,0.0,3.0439831104855735,0.0,0.260227502381846,2.5735380484940014,-0.03533793342379536,-266.29314553990605,0.5201087258001886,-76.02182284980745,0.38189734406905534,-0.2851031878499743,0.7256663392023693,0.10670443814919736,-83.41379310344827,0.3291907514450867,-0.17280097317244428,0.07097743408435225,1.176628928553827,Semiconductors,Technology,PXLW
2019Q1,2019,Q1,2019-05-10,2019-03-31,-29000.0,16648000.0,-3460000.0,-0.000779,8472000.0,0.5088899567515618,70611000.0,46802000.0,35611000.0,16867000.0,23809000.0,3018000.0,-384124000.0,148988000.0,137755000.0,1.2565307273068973,2.1112823857236025,0.0,0.0,0.005003294724924755,1.2565307273068973,-0.0006196316396735182,8.949303219605959,-1284.3793103448277,3.1833682321268317,0.0,2.7090788601722995,0.0,0.23577063063828582,1.7646884448923934,-0.000410700882298792,-35.38907363420427,0.5088899567515618,0.980525,0.9931042170439964,-0.26708898494373357,0.4864941269711943,-0.22310866574965613,0.9823278488726387,-1.2959522229595222,0.9974831539065441,0.11814589608924396,0.9202649014248075,Semiconductors,Technology,PXLW
2018Q4,2018,Q4,2019-03-13,2018-12-31,-1641000.0,20539000.0,-1507000.0,-0.04,10905000.0,0.5309411363747017,65341000.0,44823000.0,35443000.0,17202000.0,20518000.0,2954000.0,-384095000.0,106534400.0,88590400.0,1.2201382839721255,2.06039995349378,0.0,0.0,-0.03472138302411975,1.2201382839721255,-0.03661066862994445,5.186932177808073,-16.23010359536868,2.3767797782388502,0.0,3.2613405551794177,0.0,0.314335562663565,1.801825369143123,-0.025114399840835005,281.837037037037,0.5309411363747017,-7.578874458874458,-18.641433471254352,-0.17967464693175625,0.4161514187059013,-0.029545252291536886,-8.103896103896103,-4.496519721577727,0.609337808219894,0.14901826183607686,0.28124696887988937,Semiconductors,Technology,PXLW
2018Q3,2018,Q3,2018-11-09,2018-09-30,231000.0,21472000.0,431000.0,0.006080067380833312,11237000.0,0.5233327123695977,64088000.0,44653000.0,34700000.0,16252000.0,19435000.0,3041000.0,-382454000.0,162877500.0,144820500.0,1.2336786849012296,2.135121831159242,0.0,0.0,0.006989529220340449,1.2336786849012296,0.005173224643361028,7.585576564828614,176.27435064935065,3.647627259086735,0.0,3.365669187767182,0.0,0.33503932093371613,1.8395889736647797,0.003604418923979528,50.5046511627907,0.5233327123695977,1.086858105440476,-0.9148715388289135,-0.22003032416413978,0.40672357634783296,0.17862387245647157,1.0884041331802525,1.1759183673469389,1.1321345660856204,-0.0786480025924086,0.10943568354240978,Semiconductors,Technology,PXLW
2018Q2,2018,Q2,2018-08-10,2018-06-30,-2613000.0,19251000.0,-2450000.0,-0.07,9534000.0,0.49524700015583606,61850000.0,41702000.0,31745000.0,16837000.0,20148000.0,2890000.0,-382685000.0,128891440.0,111448440.0,1.16799238180596,1.885430896240423,0.0,0.0,-0.05947858192231291,1.16799238180596,-0.06265886528224066,6.695311412394162,-12.331748947569842,3.0907735840007673,0.0,3.3622837370242213,0.0,0.3112530315278901,1.5892379877650413,-0.04224737267582862,-785.9234146341463,0.49524700015583606,-2.5,0.7227765918274147,0.052632052316183404,2.7671440265337655,0.22199436042040502,-3.369565217391304,-0.893353941267388,0.3838685498505115,-0.15825471942047437,1.317964140909746,Semiconductors,Technology,PXLW
2018Q1,2018,Q1,2018-05-10,2018-03-31,-598000.0,15292000.0,-1294000.0,-0.02,7802000.0,0.5102014125032697,62463000.0,42916000.0,31387000.0,16021000.0,19547000.0,2589000.0,-380072000.0,136158210.0,115547210.0,1.2197936503424949,1.9591161600399476,0.0,0.0,-0.05599643156731422,1.2197936503424949,-0.013934197036070463,8.903885037928328,-56.92232859531772,3.1726677695964214,0.0,2.8930088837388954,0.0,0.2448169316235211,1.5643218276012734,-0.009573667611225845,-29.728866812227075,0.5102014125032697,0.7999999999999999,0.9419622992487304,-0.030135681790049045,1.2396052139595193,-0.1482532751091703,0.8316441441441441,0.5746219592373438,0.8821336499024651,-0.2954890017835278,1.0849462393896336,Semiconductors,Technology,PXLW
2017Q4,2017,Q4,2018-03-14,2017-12-31,-3552000.0,18448000.0,-3042000.0,-0.1,9160000.0,0.49653078924544664,67543000.0,39437000.0,36337000.0,18268000.0,28106000.0,2846000.0,-379474000.0,217492470.0,196038470.0,1.1477924270205768,1.9891066345522224,0.08985387086744741,0.15389101605091665,-0.05994578640891664,1.1477924270205768,-0.090067702918579,11.789487749349522,-15.30774704391892,5.514934452417781,0.0,3.263527758257203,0.0,0.2731297099625424,1.760619662798336,-0.052588721259049793,183.38319561551432,0.49653078924544664,0.28571428571428575,0.4652017200217948,-0.27198831616619723,0.43990513018854893,0.01653534568860282,0.2452188695282618,0.3051621745089082,0.1353991489168086,-0.17622655555874442,0.6960016256185838,Semiconductors,Technology,PXLW
2017Q3,2017,Q3,2017-11-14,2017-09-30,-4706000.0,18758000.0,-4378000.0,-0.14,9011000.0,0.48038170380637596,70479000.0,40695000.0,38662000.0,19573000.0,29784000.0,5058000.0,-375922000.0,153319920.0,132751920.0,1.250153600393217,1.9752720584478618,0.08174066033854056,0.14156530286275956,-0.09039789615285711,1.250153600393217,-0.11564074210590981,8.173575007996588,-8.144917127071823,3.7675370438628826,0.0,1.9270462633451957,0.0,0.2661502007690234,1.6049149338374291,-0.06677166248102272,-55.59097897026831,0.48038170380637596,-4.5,-5.627751597444089,-0.35110704335475557,0.2998421910761929,-0.19551825729845548,-4.723101265822785,-3.146078431372549,-0.4461268926239755,-0.22519314241811939,0.6971902923376848,Semiconductors,Technology,PXLW
2017Q2,2017,Q2,2017-08-14,2017-06-30,1264000.0,20721000.0,2040000.0,0.04,11201000.0,0.5405627141547222,46634000.0,26813000.0,41217000.0,16746000.0,19821000.0,1954000.0,-371216000.0,136625940.0,104379940.0,0.9007928509037156,2.4613041920458616,0.0,0.0,0.04975078974767454,0.9007928509037156,0.04714131205012494,6.593597799334009,27.022535601265822,5.095511132659531,0.0,4.872057318321392,0.0,0.4443324612943346,2.26454078585931,0.027104687567011194,10.60513389738415,0.5405627141547222,-0.5555555555555556,1.7047029921039554,-0.18216854412108338,-0.04462316731902967,-0.09611039380245319,-0.5519319390287132,-0.3904989542874216,1.4040907265870544,0.04043086250785941,0.15435727902727966,Semiconductors,Technology,PXLW
2017Q1,2017,Q1,2017-05-05,2017-03-31,2821000.0,22710000.0,3347000.0,0.09,12392000.0,0.5456627036547776,43272000.0,24316000.0,36984000.0,15872000.0,18956000.0,2478000.0,-372480000.0,136458780.0,116818780.0,0.8303794010176553,2.330141129032258,0.0,0.0,0.11932985563063184,0.8303794010176553,0.11601414706366178,6.008752972258916,12.093121233605105,5.6118925810166145,0.0,4.163841807909605,0.0,0.5248197448696617,1.842741935483871,0.06519227213902755,-85.50048872180452,0.5456627036547776,8.0,3.7223156427113766,-0.024275938117090525,-0.15931546378328237,0.45719661335841955,7.370919881305638,6.676605504587156,1.8532266332205827,0.2716923164616538,-0.017649090511161133,Semiconductors,Technology,PXLW
2016Q4,2016,Q4,2017-03-08,2016-12-31,337000.0,15987000.0,436000.0,0.01,8504000.0,0.5319321949083631,30857000.0,19049000.0,26279000.0,9734000.0,11808000.0,2803000.0,-375257000.0,80315200.0,60693200.0,0.664098452098731,2.699712348469283,0.0,0.0,0.02302498740483106,0.664098452098731,0.017691217386739462,5.023781822730969,59.58100890207715,4.216242322431624,0.0,2.6696396717802355,0.0,0.5180996208315779,2.3361413601808096,0.010921346858087306,30.125731432858213,0.5319321949083631,1.25,1.1082358171044207,-0.40287342951963934,-0.3273578093883135,0.2969345737379899,1.2713365539452497,1.4541666666666666,6.165907823176684,-0.1822398058510121,-0.22921526399585043,Semiconductors,Technology,PXLW
2016Q3,2016,Q3,2016-11-04,2016-09-30,-1242000.0,13656000.0,-960000.0,-0.04,6557000.0,0.4801552431165788,29248000.0,17228000.0,24220000.0,9696000.0,12020000.0,3084000.0,-375594000.0,78993270.0,62413270.0,0.6084837353865715,2.497937293729373,0.0,0.0,-0.06535246989057276,0.6084837353865715,-0.07209194334803808,5.784510105448154,-15.900416666666668,4.5851677501741355,0.0,2.3018806744487676,0.0,0.46690371991247265,2.1116955445544554,-0.0424644420131291,-73.34565459610027,0.4801552431165788,0.3333333333333333,0.2747602899248635,-0.5034220978639669,-0.4330887042305879,0.022135619641465317,0.20384615384615384,0.281437125748503,-1.5851228938311641,-0.3658508424059126,-0.3061658380998804,Semiconductors,Technology,PXLW
2016Q2,2016,Q2,2016-08-05,2016-06-30,-1560000.0,12580000.0,-1336000.0,-0.06,6415000.0,0.5099364069952306,31361000.0,17426000.0,25671000.0,11510000.0,13935000.0,3345000.0,-374352000.0,51827280.0,34077280.0,0.6186672347072816,2.2303214596003476,0.0,0.0,-0.08288329647218665,0.6186672347072816,-0.08952140479742914,4.1198155802861685,-8.305653846153847,2.9741352002754504,0.0,1.84304932735426,0.0,0.4011351678836772,1.8762814943527368,-0.049743311756640415,-31.54429701765064,0.5099364069952306,0.8064516129032259,0.573748036104115,-0.5491367237601338,-0.5016492737360203,0.785913140311804,0.8194862300393427,0.8425642234268207,0.7902068194464044,-0.12807281734878911,0.995397071028915,Semiconductors,Technology,PXLW
2016Q1,2016,Q1,2016-05-06,2016-03-31,-8642000.0,11167000.0,-8486000.0,-0.31,3592000.0,0.3216620399391063,36583000.0,18280000.0,31507000.0,15814000.0,18303000.0,2197000.0,-372792000.0,61179840.0,41244840.0,0.6543528064146621,1.9923485519160238,0.08200530300959462,0.16411378555798686,-0.4014258783242323,0.6543528064146621,-0.47275711159737416,5.478628100653712,-1.7698403147419577,3.3468183807439824,0.0,3.447883477469276,0.0,0.30525107290271436,1.8103579107120273,-0.23622994286963891,-16.87719724137931,0.3216620399391063,-1.8181818181818183,-1.859379681779451,-0.6310200209809009,-0.3097323151488338,-0.47285001467566773,-1.7287653931165141,-1.916151202749141,-0.056311293793770006,-0.10802669950612018,0.20142612367578638,Semiconductors,Technology,PXLW
2015Q4,2015,Q4,2016-03-09,2015-12-31,-3167000.0,13477000.0,-2910000.0,-0.11,6814000.0,0.505602136974104,43842000.0,26376000.0,36489000.0,14693000.0,17466000.0,3266000.0,-364150000.0,65918860.0,42327860.0,0.9523053038235187,2.4834274824746476,0.06842753524018065,0.11373976342129208,-0.10323279662857794,0.9523053038235187,-0.12007127691841067,4.891211693997181,-5.20357278181244,2.4991985138004247,0.0,2.0401102265768523,0.0,0.3073992974773049,2.2173143673858298,-0.07223666803521737,-28.74786742259049,0.505602136974104,-1.2,0.518304654337172,-0.5332273640931285,-0.07244055217993502,-0.1768543126359024,-1.5478680611423974,-1.4229808492922564,0.40847528836516134,-0.3402337856714427,0.19466661410257496,Semiconductors,Technology,PXLW
2015Q3,2015,Q3,2015-11-06,2015-09-30,-1243000.0,16570000.0,-1201000.0,-0.05,8278000.0,0.4995775497887749,45883000.0,28617000.0,38265000.0,14519000.0,17266000.0,3511000.0,-360983000.0,92903350.0,66879350.0,1.111987565572178,2.6355120876093396,0.06538369330688926,0.1048327916972429,-0.036153496037784935,1.111987565572178,-0.04343572002655764,5.6067199758599875,-18.6853077232502,3.2464391795086835,0.0,2.361720307604671,0.0,0.361135932698385,2.3250912597286315,-0.027090643593487784,-42.55765002290426,0.4995775497887749,0.5833333333333333,-93.90846262732799,-0.5190707020659779,-0.1433770484335844,0.1443184959911529,0.5554363376251789,0.5107942973523422,-1.2143126092869634,-0.2749590411565316,0.15618461061759947,Semiconductors,Technology,PXLW
2015Q2,2015,Q2,2015-07-31,2015-06-30,-2796000.0,15078000.0,-2455000.0,-0.12,7234000.0,0.47977185303090597,31235000.0,11861000.0,23279000.0,16376000.0,19374000.0,2875000.0,-359740000.0,138409320.0,126977320.0,0.5038871659798632,1.4215315095261358,0.09604610212902193,0.25292976983390947,-0.18042664104030684,0.5038871659798632,-0.2357305454852036,9.179554317548746,-12.375654506437767,11.669279150155974,0.0,2.7283478260869565,0.0,0.4827277093004642,1.1703102100635077,-0.08951496718424844,-366.1622222222222,0.47977185303090597,0.14285714285714296,-0.5704916502682792,-0.5394463255018115,-0.6164398316818058,0.03832352519018229,0.16884661117717004,0.24181593576281654,-0.9711908616529029,-0.24746048811700322,-0.46557954564196646,Semiconductors,Technology,PXLW
2015Q1,2015,Q1,2015-05-08,2015-03-31,-3364000.0,14392000.0,-3238000.0,-0.14,6967000.0,0.48408838243468594,31519000.0,13648000.0,24546000.0,14586000.0,17871000.0,3295000.0,-356944000.0,117106559.99999999,104515559.99999999,0.5850480109739369,1.6828465651995064,0.0951806846663917,0.2198124267291911,-0.19560260855386732,0.5850480109739369,-0.24648300117233293,8.136920511395218,-8.702925089179548,8.580492379835873,0.0,2.2534142640364188,0.0,0.4566134712395698,1.3952420128890717,-0.1067292744059139,-56.84784466019417,0.48408838243468594,-0.16666666666666682,-1.4187316944562185,-0.5589459242116153,-0.6260763071243199,-0.07831723772985845,-0.21400216528329122,-0.24204065976217876,-3.075017146776406,-0.22380812553785595,-0.4076914538494436,Semiconductors,Technology,PXLW
2014Q4,2014,Q4,2015-03-04,2014-12-31,-2771000.0,15105000.0,-2607000.0,-0.12,7559000.0,0.5004303210857332,34144000.0,15684000.0,26360000.0,14890000.0,18460000.0,2898000.0,-353580000.0,105677999.99999999,90751999.99999999,0.6767637540453074,1.7703156480859636,0.08786316776007498,0.19127773527161437,-0.14188653786097707,0.6767637540453074,-0.17667686814588116,6.9962264150943385,-9.53428365211115,6.737949502677888,0.0,2.603864734299517,0.0,0.4423910496719775,1.516051040967092,-0.0811562792877226,-301.9371428571428,0.5004303210857332,-0.1999999999999999,-1.0723655936545515,-0.5503028048801679,-0.3082235106473309,-0.11755778659817885,-0.20478260869565218,-0.3246951219512195,-0.10153321217392941,-0.30170308693401277,-0.31452956619759287,Semiconductors,Technology,PXLW
2014Q3,2014,Q3,2014-11-07,2014-09-30,-2300000.0,17111000.0,-1968000.0,-0.1,8566000.0,0.5006136403483139,37403000.0,16947000.0,28993000.0,16655000.0,20456000.0,2428000.0,-350809000.0,148625220.0,132310220.0,0.7366019037684183,1.740798558991294,0.08020746998903831,0.17702248185519562,-0.10852287974898187,0.7366019037684183,-0.1357172360889833,8.685945882765472,-16.154915217391306,8.77000177022482,0.0,3.519357495881384,0.0,0.45747667299414485,1.5274091864305013,-0.06149239365826271,-153.38,0.5006136403483139,0.09090909090909087,-0.49471362648299994,-0.4085096007689497,-0.23170077336209893,0.11813079232476179,0.03442485306465155,-0.017054263565891473,-0.652774913219434,-0.23428850110062305,-0.31372374404342135,Semiconductors,Technology,PXLW
2014Q2,2014,Q2,2014-08-08,2014-06-30,-2382000.0,15166000.0,-1935000.0,-0.11,7661000.0,0.5051430832124489,38453000.0,17688000.0,29474000.0,16993000.0,20765000.0,3019000.0,-348509000.0,171589190.0,153684190.0,0.7803414655666828,1.7344789030777379,0.0780173198450056,0.16960651289009498,-0.10789073779655398,0.7803414655666828,-0.1346675712347354,11.314070288803903,-18.00894101595298,9.700881388511986,0.0,2.4859224908910234,0.0,0.39440355758978496,1.4729006061319367,-0.06194575195693444,-226.37096306068602,0.5051430832124489,0.0,-1.6294309127906352,-0.3743248462684948,-0.23794868340582065,-0.041776110068793,0.0498603909054647,0.2066420664206642,0.19122056299720858,-0.3245677047320444,-0.3714169519854199,Semiconductors,Technology,PXLW
2014Q1,2014,Q1,2014-05-09,2014-03-31,-2507000.0,13541000.0,-2439000.0,-0.11,7995000.0,0.5904290672771583,38170000.0,18769000.0,29876000.0,15396000.0,19401000.0,2027000.0,-346127000.0,123010160.0,104090160.0,0.8452981444784724,1.9405040270200051,0.07859575582918522,0.1598380307954606,-0.10967763483134267,0.8452981444784724,-0.13357131440140657,9.084274425817886,-12.266669325887516,6.553900580744845,0.0,2.7360631475086334,0.0,0.3547550432276657,1.7070667705897635,-0.06567985328792245,136.07318584070796,0.5904290672771583,-47.372911169744945,-1.2556455934361344,-0.2446520023970677,0.06626554795243875,-0.05819295558958652,-49.14,-11.247899159663865,-0.0436260287932017,-0.4370756602046332,-0.10830673074489679,Semiconductors,Technology,PXLW
2013Q4,2013,Q4,2014-03-05,2013-12-31,-50000.0,14984000.0,238000.0,-0.002274,8489000.0,0.5665376401494928,36744000.0,18942000.0,30087000.0,14924000.0,17802000.0,1663000.0,-343620000.0,105967700.0,88162700.0,0.8615874459858994,2.0160144733315466,0.08164598301763554,0.15837820715869497,-0.004204177468576423,0.8615874459858994,-0.0026396367859782494,7.072056860651362,-529.8385,5.5943247809101475,0.0,3.9055923030667468,0.0,0.40779446984541695,1.7130796033235058,-0.0013607663836272589,-27.143365778688526,0.5665376401494928,-1.0324857142857142,0.9940737395112025,-0.518918880705154,1.4419264654645998,-0.08935850675820639,-1.0331345261762757,-0.8671875,0.9904192247586042,-0.3461980898477246,-0.1608010871737371,Semiconductors,Technology,PXLW
2013Q3,2013,Q3,2013-11-08,2013-09-30,1509000.0,15309000.0,1792000.0,0.07,9322000.0,0.6089228558364361,35145000.0,17652000.0,27486000.0,14171000.0,17493000.0,2269000.0,-343570000.0,80914559.99999999,59437559.999999985,0.8769872813990461,1.9395949474278456,0.0,0.0,0.09059197310028178,0.8769872813990461,0.0854860639021074,5.285424260239074,13.405328031809145,4.5838749150237925,0.0,2.6386073159982373,0.0,0.435595390524968,1.6898595723660998,0.042936406316688006,15.189517552093108,0.6089228558364361,1.2692307692307692,-0.8688044465294363,-0.49069068210669925,0.5868295469068413,1.0168758113370835,1.3064581640942323,1.3843843843843844,143.2105169770611,-0.4318943633436967,-0.32441022117751833,Semiconductors,Technology,PXLW
2013Q2,2013,Q2,2013-08-08,2013-06-30,-4924000.0,9554000.0,-4662000.0,-0.26,4622000.0,0.48377642872095455,23375000.0,5783000.0,17269000.0,14609000.0,17592000.0,1909000.0,-345079000.0,61924640.0,54193640.0,0.3100471799270856,1.1820795400095832,0.1497326203208556,0.6052222030088189,-0.5196204781329408,0.3100471799270856,-0.8514611793186927,6.4815407159305005,-3.144021121039805,10.708047726093723,0.0,2.5835515976951284,0.0,0.4087272727272727,0.9476350195085221,-0.2106524064171123,-27.005948539031834,0.48377642872095455,0.10344827586206887,-2.078582371863607,-0.6409037826462141,2.0998338421105123,0.16218254966054815,0.08899167437557817,0.15313351498637603,-2.4904314332830824,-0.631714727753736,-0.7639913128405281,Semiconductors,Technology,PXLW
2013Q1,2013,Q1,2013-05-03,2013-03-31,-5405000.0,8271000.0,-5505000.0,-0.29,3977000.0,0.48083665820336113,25987000.0,10052000.0,19177000.0,12982000.0,15935000.0,2424000.0,-340155000.0,40603200.0,30256200.0,0.5446467273515387,1.4771991988907718,0.08850579135721708,0.22881018702745723,-0.4299273918996022,0.5446467273515387,-0.5377039395145244,4.909104098657962,-1.8780388529139687,4.039315559092719,0.0,1.7714521452145215,0.0,0.31827452187632277,1.158912340163303,-0.20798860968946012,-15.592626728110599,0.48083665820336113,-0.5263157894736841,-1.7129420161107303,-0.7209302475020534,1.8764587325849913,-0.39669296116504854,-0.5195389373067192,-0.7038068709377902,-1.8503847646761071,-0.6796176110751051,-0.6518981147121383,Semiconductors,Technology,PXLW
2012Q4,2012,Q4,2013-03-06,2012-12-31,-3557000.0,13571000.0,-3231000.0,-0.19,6592000.0,0.48574165499963157,29541000.0,14668000.0,21605000.0,11097000.0,14873000.0,2702000.0,-334750000.0,41218240.00000001,27814240.000000007,0.7971305907287647,1.946922591691448,0.0,0.0,-0.23465699393659634,0.7971305907287647,-0.24250068175620398,3.0372293861911435,-2.8969806016305877,2.8100790837196623,0.0,2.582901554404145,0.0,0.45939541653972443,1.547805713255835,-0.12040892319149657,-26.852273615635184,0.48574165499963157,-8.5,0.5524731250448046,-0.5917195953324021,2.4826726307597244,-0.15356959424756034,-7.8925,-5.859872611464968,-2.3503642833373903,-0.4911501894741501,-0.18518656131656983,Semiconductors,Technology,PXLW
2012Q3,2012,Q3,2012-11-02,2012-09-30,-400000.0,16285000.0,-471000.0,-0.02,7788000.0,0.47823150138163956,35164000.0,17637000.0,26227000.0,13659000.0,17527000.0,4729000.0,-331193000.0,55014000.0,39448000.0,0.9617733667793652,1.920125924298997,0.0,0.0,-0.018545293039254597,0.9617733667793652,-0.02267959403526677,3.378200798280626,-34.38375,3.1192379656404152,0.0,1.7967857898075703,0.0,0.4631156864975543,1.4145984332674426,-0.011375270162666363,97.36991150442478,0.47823150138163956,0.6666666666666666,0.9196888284837581,-0.48525354217103395,7.237196398069261,0.016842929886408148,0.6360327570518653,0.44457547169811323,0.6738644259295795,-0.2937343319498939,0.00316022822801476,Semiconductors,Technology,PXLW
2012Q2,2012,Q2,2012-08-03,2012-06-30,-1099000.0,15524000.0,-848000.0,-0.06,7659000.0,0.4933651120845143,38491000.0,17196000.0,30276000.0,17235000.0,21295000.0,4163000.0,-330793000.0,44135960.0,29038960.0,0.9428665423840333,1.7566579634464752,0.0,0.0,-0.05710838725206514,0.9428665423840333,-0.06391021167713422,2.843079103323886,-10.04002729754322,2.5666410793207723,0.0,1.8892625510449195,0.0,0.40331506066353173,1.1817812590658543,-0.028552129069133046,12.121933534743203,0.4933651120845143,-0.4999999999999999,0.8712134210996682,-0.4846007009147801,1.6547708343666208,-0.01920860545524395,-0.7225705329153606,0.34919416730621644,-1.3609282176119954,-0.2040270215003976,-0.07923297466376293,Semiconductors,Technology,PXLW
2012Q1,2012,Q1,2012-05-04,2012-03-31,-638000.0,14330000.0,-1303000.0,-0.04,7809000.0,0.5449406838799721,33082000.0,17808000.0,23906000.0,10942000.0,15274000.0,3139000.0,-329694000.0,41106120.0,29459120.0,0.9877419712685118,2.184792542496801,0.0,0.0,-0.0333205232047703,0.9877419712685118,-0.03582659478885894,2.86853593859037,-16.107413793103447,2.308295148247978,0.0,2.077413188913667,0.0,0.4331660721842694,1.6725461524401388,-0.01928541200652923,-15.101440117560617,0.5449406838799721,0.6314971895758814,0.9536790345888914,-0.4610762168570095,0.33571753669431886,-0.014015151515151515,0.6739908022483393,0.17998741346758967,-1.0801242976982433,-0.01553084285665929,0.24594528109373365,Semiconductors,Technology,PXLW
2011Q4,2011,Q4,2012-03-08,2011-12-31,-1957000.0,16828000.0,-1589000.0,-0.10854734039602862,7920000.0,0.4706441644877585,36377000.0,17800000.0,26097000.0,12887000.0,18577000.0,4107000.0,-329056000.0,43630180.0,28538180.0,0.9872982417216707,2.0250640180026385,0.0,0.0,-0.10411247338324116,0.9872982417216707,-0.1099438202247191,2.5927133349179936,-5.573605007664793,2.4511337078651683,0.0,2.168979790601412,0.0,0.4625999945020205,1.5247148288973384,-0.05379772933446958,-30.855855728429987,0.4706441644877585,-0.8091223399338103,0.885761947602936,-0.4912056761070224,-0.2685687704426711,-0.06338694418164617,-0.8070175438596491,-0.3616109682947729,0.7171498655410276,-0.3411631487115264,1.7982182389020902,Semiconductors,Technology,PXLW
2011Q3,2011,Q3,2011-11-04,2011-09-30,-1083000.0,17391000.0,-1167000.0,-0.06,8456000.0,0.48622850899890746,39056000.0,19218000.0,28206000.0,14271000.0,19838000.0,4683000.0,-327099000.0,37600500.0,20583500.0,1.073331471655962,1.9764557494219046,0.0,0.0,-0.05236022260182035,1.073331471655962,-0.05635341866999688,2.162066586165258,-8.67970914127424,1.9565251326881048,0.0,1.9079649797138587,0.0,0.44528369520688243,1.497722654333964,-0.02772941417451864,44.922939068100355,0.48622850899890746,0.5384615384615385,0.9033926771241196,-0.5682968720705317,-0.5066813327936632,0.13977625016848633,0.4737609329446064,0.34877232142857145,-1.1058484813200926,-0.3495923328292226,0.9420966859765636,Semiconductors,Technology,PXLW
2011Q2,2011,Q2,2011-08-05,2011-06-30,-2058000.0,15690000.0,-1792000.0,-0.13,7419000.0,0.472848948374761,40187000.0,19663000.0,28575000.0,14439000.0,20524000.0,4745000.0,-326016000.0,38805550.0,21987550.0,1.2414293831681293,1.97901516725535,0.0,0.0,-0.09707926385685763,1.2414293831681293,-0.10466358134567462,2.4732664117272147,-4.713988095238095,1.9735315058739766,0.0,1.7430979978925185,0.0,0.39042476422723765,1.4870143361728652,-0.05121059048946176,-46.641286057692305,0.472848948374761,-0.18181818181818185,0.9856710787883107,-0.48552892637372225,-0.5375015219050256,0.12888009738283626,-0.4019073569482289,0.4498004298434142,-0.5152202032956628,-0.3055416805971654,11.411739450234446,Semiconductors,Technology,PXLW
2011Q1,2011,Q1,2011-05-12,2011-03-31,-1468000.0,14700000.0,-3257000.0,-0.11,6572000.0,0.4470748299319728,53528000.0,12863000.0,40937000.0,34391000.0,40665000.0,4662000.0,-323960000.0,48848400.0,26144400.0,0.9479696366718254,1.1903404960600157,0.0747272455537289,0.31096944725180753,-0.18187075050009666,0.9479696366718254,-0.11412578714141336,3.3230204081632655,-8.318869209809264,3.797589986783799,0.0,1.7434577434577434,0.0,0.2746226274099537,0.9865662527986974,-0.027424899118218504,-23.689815712900096,0.4470748299319728,0.5366066438994102,0.9476904731202423,-0.526396476550339,-0.9188062634530336,0.0009137983551629607,0.5442409189692642,0.061653702103140307,-1.263374853027284,-0.32537594894621935,4.006539840769301,Semiconductors,Technology,PXLW
2010Q4,2010,Q4,2011-03-09,2010-12-31,-3221000.0,14145000.0,-3471000.0,-0.237379320509986,6566000.0,0.46419229409685403,52414000.0,13931000.0,40920000.0,32848000.0,38483000.0,4858000.0,-322490000.0,47220120.0,33348120.0,1.0266784582504238,1.245737944471505,0.057236616171251954,0.21534706769076162,-0.23032179462809482,1.0266784582504238,-0.23121096834398105,3.3382905620360552,-3.6650201800683018,3.3895714593352952,0.0,1.5601070399341292,0.0,0.26987064524745297,1.026698733560643,-0.061453046895867516,-13.407189097103918,0.46419229409685403,-487.11893707294985,0.8943623225027789,-0.6155268014414431,-0.9237574142524543,-0.20834338075717387,-461.14285714285717,-2.46061814556331,0.4504343709353368,-0.42291043593691735,2.9096344668529404,Semiconductors,Technology,PXLW
2010Q3,2010,Q3,2010-11-04,2010-09-30,7000.0,18027000.0,-1003000.0,0.0004883153121730032,8294000.0,0.4600876463083153,55833000.0,17479000.0,42401000.0,32005000.0,38354000.0,5466000.0,-319269000.0,45781000.0,45182000.0,1.2981062012625324,1.3248242462115294,0.2826106424515967,0.9027404313747927,0.0002593453342145366,1.2981062012625324,0.00040048057669203043,2.539579519609475,1635.0357142857142,2.619200183076835,0.0,1.7806439809732895,0.0,0.32287356939444417,1.0716763005780348,0.00012537388282915122,-163.50357142857143,0.4600876463083153,1.0061039414021624,1.001566420808893,-0.5468085906450059,-0.9188152693987567,-0.04082340696195212,1.006896551724138,-0.16222479721900349,1.0019140779507711,-0.22397685699573885,10.11774987194469,Semiconductors,Technology,PXLW
2010Q2,2010,Q2,2010-08-05,2010-06-30,-1015000.0,18665000.0,-863000.0,-0.08,8647000.0,0.46327350656308597,55143000.0,17630000.0,42038000.0,31824000.0,37513000.0,5655000.0,-319276000.0,39991600.0,45743600.0,1.3137108792846497,1.320952740070387,0.10316812650744428,0.32268859897901303,-0.05851024107064967,1.3137108792846497,-0.057572319909245606,2.1425984462898473,-9.85014778325123,2.2683834373227456,0.0,1.771529619805482,0.0,0.33848357905808535,1.07114127702363,-0.01840668806557496,13.570274855785545,0.46327350656308597,-1.25,0.4780360048148573,-0.4714620906170885,-0.9199829409188267,-0.0010397412199630314,-1.2205562798783138,-0.51138353765324,0.8383544876609127,-0.1578433558671875,2.6989342291186125,Semiconductors,Technology,PXLW
2010Q1,2010,Q1,2010-05-06,2010-03-31,4602000.0,18692000.0,-571000.0,0.32,8656000.0,0.4630858121121335,56813000.0,20908000.0,40802000.0,14403000.0,35905000.0,6136000.0,-318261000.0,76837250.0,102612250.0,1.5646187233405673,2.832882038464209,0.37846971643813915,1.0284101779223265,0.08864153628031288,1.5646187233405673,0.22010713602448823,4.11070243954633,4.174122664059105,3.675016740003826,0.0,1.6355932203389831,0.0,0.3290092056395543,2.2389085607165176,0.08100258743597416,-98.13186462324393,0.4630858121121335,6.546251621271077,5.449498922970553,-0.4560526662085604,-0.9029166549088058,-0.04088642659279779,6.968871595330739,-0.34988179669030733,1.4507868183960468,-0.05157148659773462,1.1158245045741289,Semiconductors,Technology,PXLW
2009Q4,2009,Q4,2010-03-10,2009-12-31,-771000.0,19368000.0,-423000.0,-0.057696625009354185,9025000.0,0.4659748038000826,56078000.0,13073000.0,41661000.0,16302000.0,43005000.0,6158000.0,-322863000.0,40623520.0,59351520.0,0.9782982863129537,2.555576002944424,0.47617604051499696,2.042606899716974,-0.01504447843704562,0.9782982863129537,-0.058976516484357075,2.0974555968608013,-13.172347600518806,3.107436701598715,0.0,1.6796037674569666,0.0,0.345376083312529,2.038890933627776,-0.013748707157887228,22.732803581421376,0.4659748038000826,0.17576249986636885,-1.224705634571288,-0.41001828691548187,-0.9392255941280265,0.22939653998092902,0.13370786516853933,0.34316770186335405,0.9392785668731732,-0.20993613121094218,-0.2752363083480154,Semiconductors,Technology,PXLW
2009Q3,2009,Q3,2009-11-04,2009-09-30,-890000.0,16732000.0,-644000.0,-0.07,7341000.0,0.43874013865646666,53802000.0,12758000.0,39762000.0,14379000.0,41044000.0,4847000.0,-322092000.0,44977660.0,47297660.0,0.9587435184489367,2.7652827039432504,0.29327906025798295,1.236792600721116,-0.02736349071748623,0.9587435184489367,-0.06976015049380781,2.6881221611283768,-12.63417415730337,3.525447562313842,0.0,1.9374871054260367,0.0,0.31099215642541167,2.2340218374017664,-0.01654213598007509,27.62755528255528,0.43874013865646666,-1.4375,-1.191587723614296,-0.5536393833905657,-0.939738610185543,0.08386239480289384,-1.4010815682739972,0.44625967325881344,0.8931767551633003,-0.4411404655153194,-0.5593476132920617,Semiconductors,Technology,PXLW
2009Q2,2009,Q2,2009-08-06,2009-06-30,2219000.0,14213000.0,-1163000.0,0.16,6773000.0,0.4765355660310983,52585000.0,13610000.0,37739000.0,12163000.0,38975000.0,3720000.0,-321202000.0,21930150.0,36795150.0,1.0240012038221353,3.1027706980185807,0.5098792431301702,1.9700220426157238,-0.024774494431055432,1.0240012038221353,0.1630418809698751,1.5429641877154718,2.4707244254168543,1.611326230712711,0.0,2.0,0.0,0.2702862032899116,2.531365617035271,0.04219834553579918,15.54227498228207,0.4765355660310983,-0.6363636363636365,-0.5493367458828856,-0.6573069010884797,-0.934551608118556,0.6296920115495669,-0.6237069696455825,0.7432671081677704,1.0184117694173405,-0.4446153470599792,-0.6185050839327373,Semiconductors,Technology,PXLW
2009Q1,2009,Q1,2009-05-07,2009-03-31,5897000.0,10780000.0,-4530000.0,0.44,4156000.0,0.3855287569573284,64366000.0,10585000.0,49716000.0,9647000.0,53781000.0,4165000.0,-323421000.0,8278240.0,16711240.0,0.7927651288196524,5.153519228775785,0.5478979585495448,3.3316957959376476,-0.13612464143812436,0.7927651288196524,0.5571091166745394,0.767925788497217,0.3509513311853485,0.782072744449693,0.0,1.5903961584633854,0.0,0.16747972532082156,4.426453819840365,0.09161669204238262,-1.871634637124124,0.3855287569573284,2.146541764246682,0.0406183553615507,-0.7246349684331927,-0.9474762987743318,-0.5156741638503671,2.1508587041373928,-0.8026263430163152,1.2135440046973112,-0.6470461937958211,-0.932099552007816,Semiconductors,Technology,PXLW
2008Q4,2008,Q4,2009-03-16,2008-12-31,-5124000.0,18916000.0,-2513000.0,-0.38376273217495505,8581000.0,0.45363713258617044,91732000.0,4711000.0,75718000.0,13771000.0,87021000.0,4981000.0,-329318000.0,9613440.0,25156440.0,0.35283103654883163,5.498366131726091,0.6609907120743034,12.87072808320951,-0.047097469278737786,0.35283103654883163,-1.087667161961367,0.5082173821103827,-0.46903981264637,2.0406368074718744,0.0,2.0748845613330658,0.0,0.2062093925783805,4.8911480647738,-0.05585837003444818,8.779397260273972,0.45363713258617044,-1.6852905931695625,-3.013350473862586,-0.46440876602975467,-0.9752719840266114,-0.2506331324775129,-1.6234335077260007,-6.698412698412699,0.8292193117334122,-0.4774907982495987,-0.9737982711702049,Semiconductors,Technology,PXLW
2008Q3,2008,Q3,2008-11-07,2008-09-30,8219000.0,21479000.0,441000.0,0.56,11451000.0,0.5331253782764561,92887000.0,7949000.0,76316000.0,11937000.0,84938000.0,5257000.0,-324194000.0,19417050.0,55831050.0,0.5526663422095529,6.39323113009969,0.6527716472703392,7.627877720467984,0.006193545692322747,0.5526663422095529,1.0339665366712794,0.9040015829414777,0.5906147341525734,2.4427034847150586,0.0,1.907551835647708,0.0,0.23123795579575182,5.636927201139315,0.08848385672914401,3.8656281106908223,0.5331253782764561,7.222222222222222,3.0871306297449315,-0.36404572310392563,-0.9608964809374585,0.09077919603734044,7.5752,1.4001814882032668,2.721814106335324,-0.4944907051696161,-0.9654357493546994,Semiconductors,Technology,PXLW
2008Q2,2008,Q2,2008-08-11,2008-06-30,-1250000.0,20793000.0,-1102000.0,-0.09,10498000.0,0.504881450488145,117380000.0,1458000.0,91069000.0,13927000.0,115922000.0,6271000.0,-332413000.0,25655520.0,70817520.0,0.10002058036633052,6.539024915631507,0.7646277048901006,61.55829903978052,-0.01726001221670556,0.10002058036633052,-0.8573388203017832,1.2338537007646804,-5.131104,17.596378600823044,0.0,1.641683941955031,0.0,0.1771426137331743,5.811445393839305,-0.010649173624126767,12.656891958559447,0.504881450488145,-1.2142857142857144,-4.0750738279808045,-0.34015653443444704,-0.9930445380663306,-0.10050552651872162,-1.2038154247513453,-0.3197604790419162,0.4082082868767372,-0.45793712536441855,-0.9939078279591748,Semiconductors,Technology,PXLW
2008Q1,2008,Q1,2008-05-08,2008-03-31,6133000.0,23976000.0,-835000.0,0.42,11671000.0,0.4867784451117784,120375000.0,2827000.0,91796000.0,15823000.0,117548000.0,8253000.0,-331163000.0,34489034.58,106847034.58,0.1893462684451865,5.801428300575112,0.7456033229491174,31.74814290767598,-0.012303272757451468,0.1893462684451865,2.169437566324726,1.438481589089089,1.4058794464373063,12.19987073929961,0.0,1.4909729795225979,0.0,0.19917757009345793,4.997661631801807,0.050949117341640704,7.404258175182481,0.4867784451117784,1.972357506590169,23.86179352340913,-0.24686978783668373,-0.986833850822874,-0.11206634205721241,1.9510001550628004,0.8728103579588729,6.692849488389935,-0.37552835916636684,-0.9882512149145536,Semiconductors,Technology,PXLW
2007Q4,2007,Q4,2008-03-12,2007-12-31,-6449000.0,26970000.0,-6565000.0,-0.4319398957209083,13144000.0,0.48735632183908045,161916000.0,-8027000.0,130432000.0,18072000.0,169943000.0,11265000.0,-337296000.0,34041125.04,134050125.03999999,-0.5376308796637821,7.217352810978309,0.8646458657575533,-17.441136165441634,-0.05339641431720444,-0.5376308796637821,0.803413479506665,1.2621848364849833,-1.3196280446580864,-4.24082783605332,0.0,1.22734132268087,0.0,0.16656784999629437,6.384240814519699,-0.03982929420193187,8.79388401963317,0.48735632183908045,-0.5997773915589195,-10.534427829018385,-0.0691782077050291,-1.0375662469353275,0.08556326395771391,-0.4560848950101603,-0.5320886814469078,-2.6822358040680307,-0.26469142411771757,-1.0333990131099346,Semiconductors,Technology,PXLW
2007Q3,2007,Q3,2007-11-09,2007-09-30,-4429000.0,28133000.0,-4285000.0,-0.27,12108000.0,0.4303842462588419,178073000.0,1904000.0,136557000.0,23946000.0,176169000.0,15512000.0,-330847000.0,54302253.39,156592253.39,0.11675979548148177,5.702706088699574,0.7861944258815206,73.52941176470588,-0.03660103158464848,0.11675979548148177,-2.326155462184874,1.930197753172431,-3.065153160419959,28.52009106617647,0.0,1.0330711707065499,0.0,0.15798576988089155,4.937985467301428,-0.024871822230208958,-42.59000265882353,0.4303842462588419,0.43749999999999994,0.7925998358873693,-0.06890987988281483,-0.9920026090894692,0.04361317014307878,0.4187664041994751,0.4514146716169505,-1.7780184381092854,-0.3875641604013394,-0.9926611159139319,Semiconductors,Technology,PXLW
2007Q2,2007,Q2,2007-08-09,2007-06-30,-7620000.0,26896000.0,-7811000.0,-0.48,11602000.0,0.43136525877453896,190473000.0,5784000.0,141261000.0,30294000.0,184689000.0,16869000.0,-326418000.0,71819716.5,186655716.5,0.35515929668143426,4.6630025747672805,0.7350123114562169,24.20470262793914,-0.05653981745471973,0.35515929668143426,-1.3174273858921162,2.670275003718025,-2.356289911417323,12.41696343360996,0.0,0.9066334696781078,0.0,0.14120636520661722,3.922756981580511,-0.04000567009497409,17.89230605381166,0.43136525877453896,0.3600008533321956,-5.905231137378411,-0.043821165261377686,-0.9762325086568933,0.1775093880036537,0.38657221059410724,0.37536985205917633,-2.262997172846655,-0.47075122698845745,-0.977300217282184,Semiconductors,Technology,PXLW
2007Q1,2007,Q1,2007-05-10,2007-03-31,-12422000.0,23981000.0,-12505000.0,-0.750001,9853000.0,0.4108669363245903,193438000.0,12024000.0,137251000.0,24777000.0,181414000.0,13892000.0,-318798000.0,80486915.85000001,192261915.85000002,0.7394841679723774,5.539451911046535,0.7237461098646595,11.64337990685296,-0.08659265553075027,0.7394841679723774,-1.0331004657351963,3.356278547600184,-1.6198461570198037,6.693855276946108,0.0,1.0169881946443997,0.0,0.12397253900474571,4.747467409290874,-0.06421695840527715,-7.436654887739075,0.4108669363245903,0.21067938446711973,-1.7655885210914197,-0.05229276928546833,-0.950571835814282,0.050202515455126835,0.19598705501618122,0.4438761896291026,-2.800023254162347,-0.4969819684847769,-0.9510063648264621,Semiconductors,Technology,PXLW
