Quarters,Year,Quarter,FillingDate,Date,NetIncome,Revenue,OperatingIncome,EPSDiluted,GrossProfit,GrossProfitRatio,TotalAssets,CommonStockEquity,CurrentAssets,CurrentLiability,TotalLiability,Inventory,RetainedEarnings,MarketCap,EnterpriseValue,bookValuePerShare,currentRatio,debtToAssets,debtToEquity,roic,shareholdersEquityPerShare,roe,priceToSalesRatio,peRatio,pbRatio,payoutRatio,inventoryTurnover,dividendYield,assetTurnover,quickRatio,returnOnAssets,priceToFreeCashFlowsRatio,grossProfitMargin,epsdilutedGrowth,fiveYNetIncomeGrowthPerShare,fiveYRevenueGrowthPerShare,fiveYShareholdersEquityGrowthPerShare,grossProfitGrowth,netIncomeGrowth,operatingIncomeGrowth,threeYNetIncomeGrowthPerShare,threeYRevenueGrowthPerShare,threeYShareholdersEquityGrowthPerShare,Industry,Sector,Symbol
2023Q1,2023,Q1,2023-05-02,2023-03-31,8700000.0,262709000.0,10584000.0,0.26,35209000.0,0.1340228161,497840000.0,133789000.0,373027000.0,182796000.0,364051000.0,139553000.0,-86895000.0,239936400.0,364072400.0,4.0704940976025314,2.040673756537342,0.33267716535433073,1.2379194104149072,0.025173198356122632,4.0704940976025314,0.0650277676042126,0.9133162548675531,6.894724137931035,1.7933940757461375,0.0,1.630205011715979,0.0,0.5276976538646955,1.1672137245891594,0.017475494134661738,-73.53245479619981,0.13402281611973704,1.2653061224489797,-0.18818404922569887,0.1196007112940488,0.42368357795660755,1.8392065156035804,1.2719684891681515,3.642696629213483,1.3315523547463752,0.3159869747523481,0.2937255346423413,Auto Parts,Consumer Cyclical,CVGI
2022Q4,2022,Q4,2023-03-06,2022-12-31,-31989000.0,234918000.0,-4005000.0,-0.98,12401000.0,0.0527886326,470268000.0,120040000.0,339575000.0,175838000.0,350228000.0,142542000.0,-95595000.0,221781270.0,369236270.0,3.685939754966684,1.9311809733959668,0.3812294266248182,1.4935021659446852,-0.026894713979471636,3.685939754966684,-0.26648617127624125,0.9440795085944883,-1.7332619806808591,1.847561396201266,0.0,1.5610627043257426,0.0,0.49954068743780145,1.0489825862441566,-0.06802291459338079,7.9252883790737565,0.05278863262925787,-9.90909090909091,-3.09656692331805,0.15455831819492172,0.4866160112583378,-0.5380001490201922,-10.008448324415658,-1.5260047281323876,-1.7343747109334393,0.17090536831631767,-0.1190154871995426,Auto Parts,Consumer Cyclical,CVGI
2022Q3,2022,Q3,2022-11-02,2022-09-30,3551000.0,251412000.0,7614000.0,0.11,26842000.0,0.1067649913,521450000.0,135761000.0,383188000.0,179640000.0,385689000.0,150347000.0,-63606000.0,146070000.0,298863000.0,4.182409118915588,2.133088399020263,0.36725668808131173,1.4106112948490361,0.016838946713439086,4.182409118915588,0.026156259897908825,0.5809985203570235,10.283722894959167,1.0759349150345092,0.0,1.4936779583230793,0.0,0.4821401860197526,1.2082665330661322,0.006809857129159076,4.249185478240633,0.10676499132897395,0.375,-0.3138335345532265,0.16658230886355027,0.5930524061963331,0.22683852095616802,0.4289738430583501,0.22273968202986993,-0.607342185687549,0.050841426334384016,-0.08474540580659344,Auto Parts,Consumer Cyclical,CVGI
2022Q2,2022,Q2,2022-08-04,2022-06-30,2485000.0,250849000.0,6227000.0,0.08,21879000.0,0.0872198016,556572000.0,133454000.0,416903000.0,192537000.0,423118000.0,150025000.0,-67157000.0,188264080.0,373151080.0,4.139777274560288,2.165313679968006,0.38339514025139604,1.5989554453219836,0.013017147959802765,4.139777274560288,0.018620648313276485,0.7505075962032937,18.940048289738428,1.4107039129587722,0.0,1.5262122979503416,0.0,0.4507035927067837,1.2870876766543573,0.004464831144937223,15.867179098187949,0.08721980155392288,-0.3333333333333333,16.578987399382484,0.19133462411113233,0.7059578213398908,-0.13804514832762085,-0.37594173782019086,-0.2572757633587786,-0.6719066767542218,-0.022581382581021832,-0.07358297749488563,Auto Parts,Consumer Cyclical,CVGI
2022Q1,2022,Q1,2022-05-04,2022-03-31,3982000.0,244374000.0,8384000.0,0.12,25383000.0,0.1038694787,565788000.0,134401000.0,429892000.0,185667000.0,431387000.0,158355000.0,-69642000.0,270949250.0,465400250.0,4.191517230625292,2.3153926115033903,0.41121232687861886,1.7310808699340035,0.01650647610167491,4.191517230625292,0.029627755745864987,1.1087482710926695,17.010877071823202,2.0159764436276513,0.0,1.3829118120678223,0.0,0.4319179622049248,1.338880899675225,0.007037971819833577,-10.843174723867456,0.10386947874978517,0.4906832298136645,4.907104696769401,0.3128009711728051,0.7877806087332048,0.08688019183009335,0.5106221547799696,0.34617854849068724,-0.6595449690928509,-0.043666468495229004,0.009828309749386402,Auto Parts,Consumer Cyclical,CVGI
2021Q4,2021,Q4,2022-03-02,2021-12-31,2636000.0,228905000.0,6228000.0,0.0805,23354000.0,0.1020248575,507693000.0,126653000.0,370676000.0,162130000.0,381040000.0,141045000.0,0.0,255542300.00000003,470347300.0,3.9947326920044155,2.286288780608154,0.491956753392306,1.9720259291134044,0.009610842117721877,3.9947326920044155,0.020812771904337047,1.1163683624210918,24.23580235204856,2.017656905087128,0.0,1.4573434010422206,0.0,0.4508728700218439,1.2917411953370752,0.005192114131965578,-16.86191355988123,0.10202485747362443,-0.65,5.991868006347357,0.43323182916049474,0.756879779006817,-0.22525212314225054,-0.6490480628411663,-0.4523390784382694,-0.7149636253917979,-0.016903058294427988,0.05728217000867918,Auto Parts,Consumer Cyclical,CVGI
2021Q3,2021,Q3,2021-11-02,2021-09-30,7511000.0,239610000.0,11372000.0,0.23,30144000.0,0.1258044322023288,529192000.0,120658000.0,392101000.0,199584000.0,408534000.0,146469000.0,-76260000.0,298652200.0,452818200.0,3.8219195438707634,1.9645913500080168,0.3548220683608218,1.5562084569609973,0.02709706640619503,3.8219195438707634,0.06225032737157917,1.2464095822378032,9.940493942218081,2.475196008553101,0.0,1.4301046637855108,0.0,0.45278462259444585,1.1309223184223185,0.014193336256028057,-520.3,0.1258044322023288,0.43750000000000006,5.108440025749231,0.4551185728198712,0.5003493694422613,-0.12290502793296089,0.4741903827281649,-0.3035703349868332,-0.4286278445930551,0.019315495315261156,0.09665846931805161,Auto Parts,Consumer Cyclical,CVGI
2021Q2,2021,Q2,2021-08-03,2021-06-30,5095000.0,257941000.0,16329000.0,0.16,34368000.0,0.13323977188581884,529955000.0,111637000.0,392998000.0,195798000.0,418318000.0,128319000.0,-83771000.0,334398540.0,486747540.0,3.548763430605887,2.0071604408625214,0.36478568935098266,1.7316839399123947,0.03995404200466842,3.548763430605887,0.04563899065721938,1.2964148390523413,16.408171736997055,2.9954095864274395,0.0,1.7423218697153189,0.0,0.48672245756715193,1.2412230972737208,0.009614023832212168,-22.82739709195167,0.13323977188581884,-0.38461538461538464,0.7535361691405535,0.35465232957320786,0.4687926448717222,0.10433469361524372,-0.3998822143698469,0.06011815880023372,-0.6290769908697259,0.061659511435221685,0.13432354332489926,Auto Parts,Consumer Cyclical,CVGI
2021Q1,2021,Q1,2021-05-04,2021-03-31,8490000.0,245122000.0,15403000.0,0.26,31121000.0,0.12696126826641427,491886000.0,102615000.0,355223000.0,189564000.0,389271000.0,109008000.0,-88866000.0,301697600.0,426665600.0,3.2822095701125895,1.8738948323521343,0.3315890267257047,1.5894752229206257,0.04326060704848312,3.2822095701125895,0.08273644204063733,1.2308058844167393,8.883910482921085,2.9400925790576427,0.0,1.9631678408924116,0.0,0.49833091407358615,1.182566310058872,0.017260096851709542,-17.63591512246449,0.12696126826641427,3.0,2.1202191219348165,0.280661205601723,0.38846210773893064,0.3449587276891828,3.0527079303675047,2.094836246734981,-0.1671347272147238,0.09824501876239627,0.1479755902688928,Auto Parts,Consumer Cyclical,CVGI
2020Q4,2020,Q4,2021-03-09,2020-12-31,-4136000.0,216001000.0,4977000.0,-0.13,23139000.0,0.10712450405322198,454373000.0,95370000.0,310537000.0,164887000.0,359003000.0,91247000.0,-97356000.0,268911200.0,398152200.0,3.0677431806484816,1.883332221460758,0.3955868856644211,1.8847016881618959,0.31496633870997554,3.0677431806484816,-0.0433679354094579,1.2449534955856685,-16.25430367504836,2.8196623676208454,0.0,2.1136256534461406,0.0,0.47538256014331837,1.222679774633537,-0.00910265354675564,108.47567567567567,0.10712450405322198,-2.0,-0.7065456519087309,0.10552902003412189,0.36738614969993816,-0.04222029057494102,-1.989947343226424,-0.4403463398178343,0.4451381173061472,0.11209096515202381,0.23728450109240415,Auto Parts,Consumer Cyclical,CVGI
2020Q3,2020,Q3,2020-11-09,2020-09-30,4178000.0,187697000.0,8893000.0,0.13,24159000.0,0.1287127657874127,427117000.0,95345000.0,278583000.0,137189000.0,331772000.0,83303000.0,-93220000.0,202338580.0,333146580.0,3.0770347899051185,2.030651145500004,0.4317528920647036,1.9341234464313808,0.03678697036708195,3.0770347899051185,0.04381981226073732,1.0780064678710901,12.10738271900431,2.1221729508626566,0.0,1.963170594096251,0.0,0.43945101693447,1.3284519895910023,0.009781863049234753,23.169424023817704,0.1287127657874127,1.325,0.5388832989521475,-0.12903721863688652,0.366784314812555,2.7311196911196913,1.3343202368568456,1.8457441749881123,-0.1542728913394262,-0.0876326958081108,0.1720225201878702,Auto Parts,Consumer Cyclical,CVGI
2020Q2,2020,Q2,2020-08-10,2020-06-30,-12497000.0,126896000.0,-10515000.0,-0.4,6475000.0,0.05102603706972639,400988000.0,87861000.0,250556000.0,117419000.0,313127000.0,70711000.0,-97398000.0,89272100.0,228505100.0,2.8443185496924572,2.133862492441598,0.5053093858170319,2.306176801994059,-0.025971993657129655,2.8443185496924572,-0.14223603191404605,0.7035060206783508,-1.7858706089461471,1.0160605957136841,0.0,1.7030023617258985,0.0,0.31645834788073457,1.4151116940188555,-0.031165521162728062,9.761848004373975,0.05102603706972639,0.5,-4.679454932680959,-0.44974896830967326,0.287847423110153,-0.6810816135546471,0.49186793526876477,0.6035516344304943,-93.25925482937487,-0.37106460947532427,0.17211317286275377,Auto Parts,Consumer Cyclical,CVGI
2020Q1,2020,Q1,2020-05-18,2020-03-31,-24594000.0,187105000.0,-26523000.0,-0.8,20303000.0,0.10851126372892227,431188000.0,96926000.0,279850000.0,138904000.0,334262000.0,84459000.0,-84901000.0,46517060.0,166764060.0,3.1463351295202235,2.0147008005529,0.4135133630806052,1.839568330478922,-0.06615712443115272,3.1463351295202235,-0.2537399665724367,0.24861473504182144,-0.4728496787834431,0.47992344675319315,0.0,1.974946423708545,0.0,0.4339290518289006,1.3055635546852502,-0.05703776542946464,6.768086716135603,0.10851126372892227,-2.3333333333333335,-7.4786003456938,-0.19637519905835873,0.5257194638316613,2.631371847612234,-1.2259027966331795,-1.9955952112039756,-38.97506400233886,0.046225300508476695,0.34198587853429824,Auto Parts,Consumer Cyclical,CVGI
2019Q4,2019,Q4,2020-03-16,2019-12-31,-11049000.0,189485000.0,-8854000.0,-0.24,5591000.0,0.02950629337414571,435826000.0,128688000.0,255972000.0,106607000.0,307138000.0,82872000.0,-60307000.0,195313300.0,319806300.0,4.183887118798362,2.4010806044631217,0.3763061405239706,1.2744311823946288,-0.024225880984050218,4.183887118798362,-0.08585882133532265,1.0307586352481726,-4.419252873563218,1.517727371627502,0.0,2.219012452939473,0.0,0.43477213383322705,1.4502800003752099,-0.025351860604920312,65.5633769721383,0.02950629337414571,-1.857142857142857,-3.4662392692615316,-0.15419963281689247,1.0697792962487973,-0.8208242533008588,-2.296830985915493,-1.6689332124508915,-31.20928549937676,0.22294145331571993,0.8400697226566292,Auto Parts,Consumer Cyclical,CVGI
2019Q3,2019,Q3,2019-11-06,2019-09-30,8520000.0,225399000.0,13236000.0,0.28,31204000.0,0.13843894604678814,471451000.0,139745000.0,306575000.0,136540000.0,331706000.0,90186000.0,-43816000.0,220489010.0,345556010.0,4.569667440567673,2.2453127288706605,0.34737438249149966,1.1719202833732871,0.03641500974791005,4.569667440567673,0.060968192064116786,0.9782164517145151,6.469747946009389,1.577795341514902,0.0,2.153272126494134,0.0,0.4780963451132779,1.40539768565988,0.01807186748994063,15.958961349160393,0.13843894604678814,0.21739130434782614,5.925068668682213,-0.00429465386276677,1.0888771810701288,-0.07634017109196933,0.1871255399191863,-0.23104630221344333,6.153112346997229,0.41308513847223044,0.7938885380284123,Auto Parts,Consumer Cyclical,CVGI
2019Q2,2019,Q2,2019-08-08,2019-06-30,7177000.0,243190000.0,17213000.0,0.23,33783000.0,0.1389160738517209,460326000.0,136502000.0,333686000.0,136345000.0,323824000.0,92913000.0,-52336000.0,241321300.0,343647300.0,4.4685893868464985,2.447365139902453,0.3537645060239917,1.1930008351525985,0.03936498620528058,4.4685893868464985,0.052577984205359626,0.9923158846992064,8.406064511634387,1.767895708487788,0.0,2.253796562375556,0.0,0.5282995094780656,1.6018409182588287,0.015591124550861781,32.17617333333333,0.1389160738517209,-0.36111111111111105,1.4762759839806823,0.0640159441583317,1.016842113467343,-0.02248263888888889,-0.35516621743036836,-0.09595588235294118,1.5437593876552815,0.31527245461397213,0.8494981005908835,Auto Parts,Consumer Cyclical,CVGI
2019Q1,2019,Q1,2019-05-06,2019-03-31,11130000.0,243164000.0,19040000.0,0.36,34560000.0,0.142126301590696,453595000.0,126651000.0,331901000.0,139687000.0,326944000.0,97280000.0,-59513000.0,238611660.0,347520660.0,4.150722642807984,2.376033560746526,0.3599179885139827,1.2890304853495038,0.04654562565398283,4.150722642807984,0.08787929033327806,0.9812787254692307,5.359650943396226,1.8840092853589785,0.0,2.1443667763157896,0.0,0.5360817469328366,1.5274434986791898,0.024537307510003416,-20.657229677084235,0.142126301590696,0.24137931034482762,21.80444167580228,0.16115394587323092,0.9834399448868022,0.17663080484815472,0.2532372480576512,0.3795102159107376,3.1911403183479012,0.30169990826013754,0.7558662803713614,Auto Parts,Consumer Cyclical,CVGI
2018Q4,2018,Q4,2019-03-11,2018-12-31,8881000.0,223602000.0,13802000.0,0.29,29372000.0,0.1313583957209685,418130000.0,115038000.0,314724000.0,132716000.0,303092000.0,92359000.0,-70571000.0,173547900.0,266392900.0,3.7783032811114396,2.371409626571024,0.3916437471599742,1.4235122307411463,0.04635811936134682,3.7783032811114396,0.0772005772005772,0.7761464566506561,4.885370453777728,1.5086136754811454,0.0,2.1029894217130978,0.0,0.5347666993518763,1.5486979716085476,0.021239805802023295,10.438343558282208,0.1313583957209685,-0.2926829268292683,6.654796447324663,0.15609076000890035,0.817316703031751,-0.0955504234026174,-0.29420646904553766,-0.1614823815309842,4.741515309563912,0.1685259065774891,0.6841043306843906,Auto Parts,Consumer Cyclical,CVGI
2018Q3,2018,Q3,2018-11-05,2018-09-30,12583000.0,225010000.0,16460000.0,0.41,32475000.0,0.14432691880360873,414970000.0,105315000.0,316053000.0,129199000.0,309655000.0,93195000.0,-79452000.0,275295090.0,382327090.0,3.485059068797776,2.446249583975108,0.39655155794394775,1.5625219579357166,0.05995319086237978,3.485059068797776,0.11947965626928737,1.2234793564730457,5.469583763808313,2.614015952143569,0.0,2.0659370137882935,0.0,0.5422319685760416,1.6155001199699688,0.030322673928235778,19.021287224486976,0.14432691880360873,-0.046511627906976785,2.6366385165367268,0.13162284606513316,0.8182833847599985,-0.09500055735146583,-0.04638120500189466,-0.22079151675818973,3.7523331183275683,0.07060560583398517,0.5480241195371497,Auto Parts,Consumer Cyclical,CVGI
2018Q2,2018,Q2,2018-08-06,2018-06-30,13195000.0,233391000.0,21124000.0,0.43,35884000.0,0.1537505730726549,401288000.0,94541000.0,300370000.0,123551000.0,306747000.0,91109000.0,-92035000.0,221807460.0,342486460.0,3.1285284092789305,2.4311417956957047,0.4120556807081199,1.749008366740356,0.060605800290731954,3.1285284092789305,0.13956907585068912,0.9503685232078358,4.202490716180371,2.3461509821135804,0.0,2.1678099858411355,0.0,0.5816047327605112,1.5805618732345348,0.03288162117980104,12.693571019800848,0.1537505730726549,0.34374999999999994,8.485244299047757,0.10626016643215032,0.5053774283286214,0.1530477812409627,0.33918603471024056,0.36415886341620923,2.971229008993577,0.03451039142479656,0.416531650596035,Auto Parts,Consumer Cyclical,CVGI
2018Q1,2018,Q1,2018-05-03,2018-03-31,9853000.0,215734000.0,15485000.0,0.32,31121000.0,0.1442563527306776,399642000.0,86400000.0,292753000.0,120562000.0,313242000.0,94637000.0,-105230000.0,234197250.0,369939250.0,2.859128362950462,2.4282360942917336,0.4345138899314887,2.009837962962963,0.04337639462013854,2.859128362950462,0.11403935185185185,1.085583403635959,5.942282807266822,2.710616319444444,0.0,1.9507486501051385,0.0,0.5398181372328233,1.4907765299182163,0.0246545658364236,-10.777104136947218,0.1442563527306776,2.3333333333333335,3.0113677236078376,0.1427038472010923,0.2807379580846853,0.34078669596312094,2.36317100166021,0.7926603380412133,1.645914012932025,-0.05541345235051935,0.38644728338645196,Auto Parts,Consumer Cyclical,CVGI
2017Q4,2017,Q4,2018-03-12,2017-12-31,-7228000.0,188338000.0,8638000.0,-0.24,23211000.0,0.12324119402351093,384388000.0,74742000.0,274646000.0,123743000.0,309646000.0,99015000.0,-115083000.0,322250050.0,436955050.0,2.479416155249627,2.2194871629102253,0.4343241724507529,2.2336704931631477,-0.04593307845263529,2.479416155249627,-0.09670600198014503,1.7110198154382015,-11.145892708909795,4.311498889513258,0.0,1.6676968136140988,0.0,0.4899684693590851,1.2997826139660424,-0.018803916875656888,230.34313795568264,0.12324119402351093,-2.5,-0.2196548582519732,0.023671912431209585,0.06244661729038425,-0.07709741550695826,-2.5175309678773883,-0.1913499344692005,-2.6461643164168405,-0.1422241953035636,0.22657329875438165,Auto Parts,Consumer Cyclical,CVGI
2017Q3,2017,Q3,2017-11-07,2017-09-30,4763000.0,198349000.0,10682000.0,0.16,25150000.0,0.1267967068147558,400787000.0,78434000.0,281891000.0,134675000.0,322353000.0,88442000.0,-107855000.0,219581250.0,337098250.0,2.625405857740586,2.0931204752181176,0.41854900483299107,2.1387281026085625,0.0287040117401373,2.625405857740586,0.060726215671775,1.1070449056965248,11.525364791098047,2.799567152000408,0.0,1.9583342755704303,0.0,0.49489878663729114,1.325516985335066,0.011884117997839252,-228.73046875,0.1267967068147558,36.2006510113927,-0.8527428913435721,-0.08681464531565583,-0.0007574565413234167,0.10788071010087662,35.3587786259542,0.4114693446088795,2.9628610028878213,-0.10308221015032905,0.20012024039125328,Auto Parts,Consumer Cyclical,CVGI
2017Q2,2017,Q2,2017-08-07,2017-06-30,131000.0,195127000.0,7568000.0,0.004301,22701000.0,0.11633961471246931,391792000.0,72494000.0,271033000.0,130783000.0,319298000.0,80702000.0,-112618000.0,252435299.99999997,369477300.0,2.4266586329249513,2.0723870839482195,0.4304426838730755,2.3263166606891605,0.004965425013912494,2.4266586329249513,0.0018070461003669269,1.2936974380787896,481.7467557251908,3.4821543851904986,0.0,2.1365765408540063,0.0,0.49803722383305427,1.339952440301874,0.0003343610895577245,1243.523645320197,0.11633961471246931,-0.78495,-0.9906094867415652,-0.24198820887463143,0.7113453248918241,0.05571315630377157,-0.7914012738853503,0.6607417160412552,-0.9537829114726784,-0.12703872446674477,0.09524212278228139,Auto Parts,Consumer Cyclical,CVGI
2017Q1,2017,Q1,2017-03-31,2017-03-31,628000.0,173416000.0,4557000.0,0.02,21503000.0,0.1239966323753287,446156000.0,70036000.0,325809000.0,186797000.0,376120000.0,76443000.0,-112750000.0,202233440.0,316588440.0,2.344536689876808,1.7441875404851255,0.5230278198656972,3.3318864583928267,-1.1790990414914235,2.344536689876808,0.008966817065509166,1.1661752087465977,80.50694267515922,2.887564109886344,0.0,1.9872715618173018,0.0,0.38868915805234044,1.2464011734663833,0.0014075794116855988,-17.07620028708942,0.1239966323753287,1.0,-0.950667236714215,-0.3099237088667362,1.3753980611587684,0.17663474692202463,0.7740112994350282,0.16606960081883315,2.1990606561645896,-0.15413647760664465,0.1203465331541465,Auto Parts,Consumer Cyclical,CVGI
2016Q4,2016,Q4,2017-03-09,2016-12-31,354000.0,149965000.0,3908000.0,0.01,18275000.0,0.12186176774580736,428765000.0,67690000.0,308948000.0,106255000.0,361075000.0,71054000.0,-113378000.0,164628100.0,267622100.0,2.2737655357742694,2.907609053691591,0.5437803925227106,3.444437878564042,-0.07928453238910853,2.2737655357742694,0.005229723740582066,1.097776814590071,116.2627824858757,2.432088934850052,0.0,1.853379120105835,0.0,0.34976035823819573,2.145339042868571,0.0008256270917635535,-34.82718426063042,0.12186176774580736,-0.75,-0.9669018845765366,-0.37160090266170803,4.017566105929574,-0.034039854114910936,-0.6913687881429816,-0.12494402149574563,-0.6879381267311685,-0.20700247693735216,0.09365283289937197,Auto Parts,Consumer Cyclical,CVGI
2016Q3,2016,Q3,2016-11-04,2016-09-30,1147000.0,153604000.0,4466000.0,0.04,18919000.0,0.12316736543319184,438373000.0,75017000.0,318738000.0,110236000.0,363356000.0,67943000.0,-113722000.0,170215220.0,266107220.0,2.5473530510373865,2.8914147828295658,0.5314104655168087,3.105376114747324,-0.04994882307503869,2.5473530510373865,0.015289867630003865,1.108143147313872,37.10009154315606,2.269021955023528,0.0,1.9823234181593394,0.0,0.3503956676163906,2.195090533038209,0.0026164932603057215,16.950330611431987,0.12316736543319184,-0.5555555555555556,-0.8533721189668023,-0.33227290130810017,6.424677182870384,-0.22243228802761908,-0.5783088235294118,-0.4700367865195206,1.1530881326285782,-0.20729435841670352,0.32904769657656946,Auto Parts,Consumer Cyclical,CVGI
2016Q2,2016,Q2,2016-08-03,2016-06-30,2720000.0,178251000.0,8427000.0,0.09,24331000.0,0.13649853296755698,438427000.0,71152000.0,319010000.0,113977000.0,367275000.0,66977000.0,-117148000.0,153134800.0,261507800.0,2.416109205745526,2.7988980232853997,0.530893398444895,3.2712783899257927,0.021542931307432518,2.416109205745526,0.038228018889138744,0.8590964426567032,14.074889705882354,2.1522205981560605,0.0,2.29810233363692,0.0,0.4065693946768789,2.112356001649456,0.006203997472783382,5.596214003800614,0.13649853296755698,0.0,2.1824090912983465,-0.18718772551804486,12.123651079017218,-0.053415810768751945,0.06125634022629731,-0.01783216783216783,2.5833430689022068,-0.1330088154909616,0.16257734848078528,Auto Parts,Consumer Cyclical,CVGI
2016Q1,2016,Q1,2016-05-05,2016-03-31,2563000.0,180291000.0,8580000.0,0.09,25704000.0,0.1425695126212623,436794000.0,69615000.0,315388000.0,113656000.0,367179000.0,71412000.0,-119868000.0,78039850.0,212802850.0,2.363917280722605,2.774934891250792,0.5324248959463729,3.340659340659341,0.019547189670483942,2.363917280722605,0.03681677799324858,0.4328549400691105,7.612158603199375,1.1210206133735545,0.0,2.164720215089901,0.0,0.41275979065646506,2.049157105652143,0.005867754593698631,14.844940079893476,0.1425695126212623,2.1249999999999996,-0.2626065245768707,-0.06864148852485442,10.329909079796845,0.05556239990144142,2.118725447402881,0.6210088796523711,1.5368848347917847,-0.02006182226815037,0.058909641982460195,Auto Parts,Consumer Cyclical,CVGI
2015Q4,2015,Q4,2016-03-11,2015-12-31,-2291000.0,184692000.0,5293000.0,-0.08,24351000.0,0.13184653368851926,436679000.0,65930000.0,308277000.0,114853000.0,370749000.0,75658000.0,-122431000.0,81108120.0,223914120.0,2.2435090346071394,2.6841005459152134,0.5381527391974426,3.5643864704990142,0.06616742067843652,2.2435090346071394,-0.03474897618686486,0.43915340133844455,-8.850733304233957,1.23021568330047,0.0,2.1192867905575086,0.0,0.42294683279937895,1.936684283388331,-0.005246416704261025,-53.32552268244576,0.13184653368851926,-1.8888888888888888,-1.5444037878887986,0.10390782900772749,557.1698959452431,-0.12689135891000358,-1.8970242756460454,-0.4678262618137945,0.6034445429986146,0.02974798893972491,-0.038641181863724006,Auto Parts,Consumer Cyclical,CVGI
2015Q3,2015,Q3,2015-11-04,2015-09-30,2554000.0,202729000.0,9946000.0,0.09,27890000.0,0.1375728188862965,473810000.0,65623000.0,352586000.0,133433000.0,408187000.0,79837000.0,-120140000.0,117470470.0,257321470.0,2.2512950701567807,2.6424197912060734,0.5276376606656676,3.809639912835439,0.016788143572019857,2.2512950701567807,0.038919281349526845,0.57944581189667,11.498675606891151,1.7900807643661523,0.0,2.1899495221513834,0.0,0.4278698212363606,1.8986532566906238,0.005390346341360461,5.387318046319652,0.1375728188862965,-0.18181818181818185,1.0976336389655446,0.2596723910482163,11.85736588782614,-0.05476852165661222,-0.2031201248049922,-0.14169830859509838,-0.9190716223780466,-0.04340291214635041,-0.14314588529354866,Auto Parts,Consumer Cyclical,CVGI
2015Q2,2015,Q2,2015-08-05,2015-06-30,3205000.0,217617000.0,11588000.0,0.11,29506000.0,0.13558683374920158,473214000.0,64378000.0,346843000.0,133191000.0,408836000.0,81697000.0,-122695000.0,210164290.0,371567290.0,2.208583484853683,2.604102379289892,0.5283022057673695,3.883314175650067,0.018085819724775257,2.208583484853683,0.049784087731833855,0.9657530891428519,16.39347035881435,3.264535866289726,0.0,2.302544769085768,0.0,0.45987016444991063,1.826061820993911,0.006772834277937677,29.827460970763553,0.13558683374920158,-0.0833333333333333,3.317809916972838,0.42727322466506706,6.791519652804792,0.014858636582513586,-0.10773942093541203,0.034827647794248975,-0.7645407345545898,-0.13359464241396432,0.5575528301159842,Auto Parts,Consumer Cyclical,CVGI
2015Q1,2015,Q1,2015-05-08,2015-03-31,3592000.0,220303000.0,11198000.0,0.12,29074000.0,0.1319727829398601,465790000.0,60111000.0,336783000.0,129956000.0,405643000.0,81322000.0,-125900000.0,187719560.0,356532560.0,2.062197674019692,2.5915155898919635,0.5367225573756413,4.158972567416945,0.021265690257353437,2.062197674019692,0.05975611784864667,0.8520971570972706,13.065114142538976,3.1228820016303174,0.0,2.351503898084159,0.0,0.4729663582301037,1.8340207454830866,0.007711629704373215,14.13125263474857,0.1319727829398601,-0.2,3.1741064731482664,0.18204078152931186,5.402405588262438,0.08594479512942144,-0.15223035166391313,0.17948177796503054,-0.7108303116065585,-0.10160155060084641,1.0893425885563295,Auto Parts,Consumer Cyclical,CVGI
2014Q4,2014,Q4,2015-03-16,2014-12-31,4237000.0,211874000.0,9494000.0,0.15,26773000.0,0.1263628382906822,442013000.0,58801000.0,309272000.0,107512000.0,383177000.0,83776000.0,-129492000.0,193732740.0,373641740.0,2.021417030492626,2.8766277252771784,0.5655942246042537,4.251628373667114,0.03175655163049587,2.021417030492626,0.07205659767691025,0.9143771298035624,11.431008968609866,3.2947184571690955,0.0,2.209475267379679,0.0,0.4793388429752066,1.9532982364759284,0.009585690918592892,-21.537825458588106,0.1263628382906822,2.7499999999999996,1.1405140301205707,0.22881520012441925,2.225642980649283,-0.05815098853162597,2.6462994836488813,-0.02174137042761463,-0.5945768803616024,-0.09139870922424696,3.46070336565939,Auto Parts,Consumer Cyclical,CVGI
2014Q3,2014,Q3,2014-11-07,2014-09-30,1162000.0,213802000.0,9705000.0,0.04,28426000.0,0.13295478994583773,453501000.0,63185000.0,321744000.0,122920000.0,390282000.0,83463000.0,-133729000.0,178496940.0,352425940.0,2.187619014645293,2.61750732183534,0.5512667006246954,3.956635277360133,0.00804624474805613,2.187619014645293,0.0183904407691699,0.8348703005584607,38.4029561101549,2.82498915881934,0.0,2.2210560368067287,0.0,0.4714476925078445,1.8196876016921575,0.002562287624503584,29.61130391506304,0.13295478994583773,-0.5555555555555556,1.0550881249718702,0.45273347359273336,8.791377450293348,0.008550647507539472,-0.5757575757575758,0.07273129214104122,-0.8485436381337437,-0.052375039084445844,5.3761734857426795,Auto Parts,Consumer Cyclical,CVGI
2014Q2,2014,Q2,2014-08-08,2014-06-30,2739000.0,215996000.0,9047000.0,0.09,28185000.0,0.13048852756532528,456044000.0,63961000.0,319225000.0,123124000.0,392051000.0,82574000.0,-134891000.0,289834720.0,469574720.0,2.2156366911459053,2.592711412884572,0.548192718246485,3.9086318225168464,0.02054298544071432,2.2156366911459053,0.04282297024749457,1.341852256523269,26.454428623585247,4.531428839449039,0.0,2.274456850824715,0.0,0.4736297374814711,1.7922744550209544,0.00600599942110849,-279.2242003853565,0.13048852756532528,5.5,1.091651867535824,0.5720828449659234,7.381188227926597,0.15968564845292957,6.413043478260869,0.6606093979441997,2.2146320706967626,0.004749601044665452,11.034738654743418,Auto Parts,Consumer Cyclical,CVGI
2014Q1,2014,Q1,2014-05-09,2014-03-31,-506000.0,198071000.0,5448000.0,-0.02,24304000.0,0.12270347501653447,450112000.0,60395000.0,310180000.0,120514000.0,389686000.0,82503000.0,-137628000.0,263203199.99999997,439255200.0,2.0926888426888426,2.5738088520835753,0.5554173183563202,4.1394155145293485,-0.02622449762778547,2.0926888426888426,-0.0083781770014074,1.328832590333769,-130.04110671936758,4.358029638215084,0.0,2.10619007793656,0.0,0.4400482546566188,1.7568166354116534,-0.001124164652353192,-1462.2399999999998,0.12270347501653447,-1.5,0.9803509160652017,0.37516290305288746,0.9186951502281632,0.17524177949709865,-1.4608378870673953,-0.3196803196803197,-1.1485509476049602,0.044090056493554367,9.029950926507116,Auto Parts,Consumer Cyclical,CVGI
2013Q4,2013,Q4,2014-03-17,2013-12-31,1098000.0,183045000.0,8008000.0,0.04,20680000.0,0.1129776830833948,432441000.0,59908000.0,287613000.0,102565000.0,372500000.0,80133000.0,-137122000.0,209485050.0,386790050.0,2.07905604719764,2.804202213230634,0.5781135461253674,4.173065366895907,0.010487294189500635,2.07905604719764,0.018328103091406825,1.1444456281242317,47.69696038251366,3.4967792281498298,0.0,2.026193952553879,0.0,0.4232831762020715,1.8696826402768976,0.0025390746945826138,1052.6886934673366,0.1129776830833948,1.16,1.0039893634397938,-0.15965727604238839,0.028882454197803574,0.14317302377003868,1.15109398651438,3.336056009334889,-0.7339060390453078,0.11578168539234042,516.4017067003792,Auto Parts,Consumer Cyclical,CVGI
2013Q3,2013,Q3,2013-11-08,2013-09-30,-7267000.0,187942000.0,-3428000.0,-0.25,18090000.0,0.09625309936044099,453269000.0,54746000.0,301891000.0,119800000.0,398510000.0,81600000.0,-138220000.0,227075850.0,402013850.0,1.9166754192486783,2.519958263772955,0.5515488595072683,4.566543674423702,-0.009336880686507659,1.9166754192486783,-0.13274029152814817,1.2082230156111993,-7.811884202559517,4.147807145727542,0.0,2.0815196078431373,0.0,0.4146367830140601,1.7159265442404006,-0.016032422248157274,25.121788914702954,0.09625309936044099,-3.166666666666667,-1.1050498275785052,-0.26521028312913664,-0.8448468047916274,-0.2091457550056833,-3.3724428399518653,-2.608634443923041,-7.0909319387573095,0.19175070392039245,10.243588986110225,Auto Parts,Consumer Cyclical,CVGI
2013Q2,2013,Q2,2013-08-02,2013-06-30,-1662000.0,198909000.0,2131000.0,-0.06,22874000.0,0.11499731032783836,451365000.0,59211000.0,296817000.0,110032000.0,392139000.0,79631000.0,-130953000.0,216246690.0,401375690.0,2.078235232178583,2.697551621346517,0.5538754666400807,4.222188444714664,0.0036923176053638616,2.078235232178583,-0.02806910878046309,1.0871639292339712,-32.5280821299639,3.6521371029031764,0.0,2.210634049553566,0.0,0.4406832607756472,1.8366838737821725,-0.0036821641022232563,90.89814627994956,0.11499731032783836,0.625,-1.4075069406659344,-0.2813999584370052,-0.8369157845043408,0.26480508708874756,0.6397919375812744,8.805860805860807,-3.290775198851433,0.3347031983266744,6.449710311091535,Auto Parts,Consumer Cyclical,CVGI
2013Q1,2013,Q1,2013-05-03,2013-03-31,-4614000.0,177822000.0,-273000.0,-0.16,18085000.0,0.10170282642192754,445081000.0,63541000.0,291059000.0,98722000.0,381520000.0,86122000.0,-129291000.0,214326390.0,399051390.0,2.232406984506201,2.948268876238326,0.5616955116035058,3.9344675091673094,-0.0007142614200844451,2.232406984506201,-0.07261453234919187,1.2052861288254546,-11.612829973992199,3.3730408712484854,0.0,1.8547757831912868,0.0,0.3995272770574345,1.8871072304045704,-0.010366652362154305,-42.115619964629595,0.10170282642192754,0.20000000000000004,-8.396736143324935,-0.3170089989286035,-0.8216297311599045,0.13749292408327568,0.17371060171919772,0.8802106186924089,-6.490953583048854,-0.022896594125863038,5.765770569757878,Auto Parts,Consumer Cyclical,CVGI
2012Q4,2012,Q4,2013-03-11,2012-12-31,-5584000.0,173357000.0,-2279000.0,-0.2,15899000.0,0.09171247771938831,439665000.0,66286000.0,286250000.0,90932000.0,373357000.0,88481000.0,-124677000.0,233196840.00000003,414827840.0,2.333685396423039,3.1479567149078433,0.5686147407685397,3.7715354675195365,-0.0054126032636226395,2.333685396423039,-0.08424101620251637,1.345182715436931,-10.440402936962752,3.5180406118939147,0.0,1.7795684949311152,0.0,0.3942933824616469,2.0118550125368406,-0.012700578849806103,-52.33322262118492,0.09171247771938831,-1.1869158878504673,-0.2841985243719279,-0.26361245671236966,-0.8105768843810165,-0.3978791895474342,-1.183075964722468,-1.2569624534896833,0.8103486566093621,0.02967360372971837,2.4149802252692902,Auto Parts,Consumer Cyclical,CVGI
2012Q3,2012,Q3,2012-11-02,2012-09-30,30501000.0,204824000.0,8869000.0,1.07,26405000.0,0.12891555677069094,463075000.0,74019000.0,338493000.0,110713000.0,389005000.0,90684000.0,-119093000.0,197767440.0,348224440.0,2.6273959960244215,3.05739163422543,0.5398693516169087,3.3775111795620045,0.23649062527672624,2.6273959960244215,0.4120698739512828,0.9655481779478967,1.6209914429035113,2.671846958213431,0.0,1.9674804816726215,0.0,0.44231280030232684,2.083748069332418,0.06586622037466933,19.115352793350088,0.12891555677069094,1.3260869565217392,9.65409964865872,-0.031403704180672405,-0.7910450125842702,-0.29503951302862025,1.3185860889395666,-0.533284218281324,2.482485865470682,0.42685435075316625,10.357677812896018,Auto Parts,Consumer Cyclical,CVGI
2012Q2,2012,Q2,2012-08-06,2012-06-30,13155000.0,242745000.0,19003000.0,0.46,37456000.0,0.15430183937877195,448206000.0,39946000.0,347634000.0,129319000.0,408266000.0,90154000.0,-149594000.0,242834019.99999997,405263020.0,1.4179830321962301,2.688189670504721,0.5577792354408464,6.258448906023132,0.06247607334957195,1.4179830321962301,0.32931958143493717,1.0003667222805823,4.614861649562903,6.079057227256796,0.0,2.2770925305588214,0.0,0.5415924820283531,1.8928463721494908,0.029350343368897337,-140.9367498549042,0.15430183937877195,0.09523809523809533,44.28666488103498,0.16363151743525617,-0.8873243504279883,0.018434933927891674,0.09579341940857976,0.0270226449764903,1.4510810388125266,0.8104829788306335,4.3638679772432445,Auto Parts,Consumer Cyclical,CVGI
2012Q1,2012,Q1,2012-05-04,2012-03-31,12005000.0,236990000.0,18503000.0,0.42,36778000.0,0.15518798261530023,437094000.0,27805000.0,337277000.0,129379000.0,409293000.0,85803000.0,-162749000.0,343967910.0,503113910.0,0.987007915941926,2.6068913811360424,0.5719593497050978,8.991188635137565,0.06052731427652008,0.987007915941926,0.43175687825930587,1.4514026330224905,7.163013536026655,12.370721452976085,0.0,2.3333916063540903,0.0,0.5421945851464445,1.8420841094768083,0.027465487972838796,134.41497069167644,0.15518798261530023,0.16903665645687183,2.0803879517774835,-0.09489352210572519,-0.9215188615664104,0.10186350290610582,0.186147613872147,0.15168679198306984,1.4775820754131785,0.6856109273523161,-0.09505547937966417,Auto Parts,Consumer Cyclical,CVGI
2011Q4,2011,Q4,2012-03-13,2011-12-31,10121000.0,225828000.0,16066000.0,0.35927017145291257,33378000.0,0.1478027525373293,406884000.0,12766000.0,306982000.0,113199000.0,394109000.0,79423000.0,-174754000.0,254665839.99999997,416710840.0,0.4531610521458237,2.7118790802038886,0.6144257331327848,19.583268055773146,0.05871337522101692,0.4531610521458237,0.7928090239699201,1.127698248224312,6.290530579982215,19.94875763747454,0.0,2.423101620437405,0.0,0.5550181378476421,1.9280382335533,0.02487441138014766,94.95370618941088,0.1478027525373293,0.38180835174197136,-0.3103186414282582,-0.21627742393051944,-0.9634108010632226,0.11924082891824828,0.3721529284164859,0.18594522772569572,1.0376132662613682,0.060456167815531696,-0.7757398334176168,Auto Parts,Consumer Cyclical,CVGI
2011Q3,2011,Q3,2011-11-02,2011-09-30,7376000.0,216909000.0,13547000.0,0.26,29822000.0,0.13748622694309595,400793000.0,9527000.0,304098000.0,117770000.0,391266000.0,71784000.0,-184875000.0,182435760.0,347117760.0,0.3430927686545664,2.582134669270612,0.6237633890811466,26.2412091949197,0.046867730561498275,0.3430927686545664,0.7742206360869108,0.8410704950002075,6.183424620390455,19.149339771176656,0.0,2.6062493034659533,0.0,0.5411995718488097,1.8962808864736351,0.01840351503145015,28.56360732738375,0.13748622694309595,4.25,-0.6879008255291067,-0.2992756293402001,-0.9714871051598944,0.07754010695187166,4.400645458736745,0.19599187781407257,3.1977958415776495,-0.1276796237834155,-0.9722269411006954,Auto Parts,Consumer Cyclical,CVGI
2011Q2,2011,Q2,2011-08-03,2011-06-30,-2169000.0,206776000.0,11327000.0,-0.08,27676000.0,0.13384532054010137,392209000.0,5112000.0,297234000.0,112268000.0,387097000.0,70670000.0,-192251000.0,394013730.0,559839730.0,0.18410343213166708,2.647539815441622,0.6374152556417624,48.90453834115806,0.08140645076790165,0.18410343213166708,-0.4242957746478873,1.9055099721437692,-45.414215076071926,77.0762382629108,0.0,2.534314419131173,0.0,0.5272087076023243,1.925116685074999,-0.00553021475794793,-57.00430121527778,0.13384532054010137,-1.6666666666666667,-1.106473220477494,-0.33016093330584173,-0.9835022239153883,0.11976047904191617,-1.6618858712236801,0.395638245441104,-1.5456853256468635,-0.23350087002558373,-0.9855529521709738,Auto Parts,Consumer Cyclical,CVGI
2011Q1,2011,Q1,2011-05-06,2011-03-31,3277000.0,182509000.0,8116000.0,0.12,24716000.0,0.13542345856916646,306605000.0,5793000.0,223926000.0,110521000.0,300812000.0,69929000.0,-190082000.0,495327600.0,641553600.0,0.20864397622906536,2.0260945883587733,0.5372319433799188,28.433972035214914,0.0377764545478848,0.20864397622906536,0.5656827205247713,2.7139899950139443,37.788190418065305,85.5045054375971,0.0,2.256474424058688,0.0,0.5952577420459549,1.2622759475574779,0.010688018786386392,-31.5736613972463,0.13542345856916646,-0.1620221327967808,-0.8155839186025571,-0.3995437652786413,-0.9798624756889786,0.21843726891791965,-0.17580482897384306,0.5119225037257824,4.38544968821251,-0.2813841836941039,-0.9833292574382099,Auto Parts,Consumer Cyclical,CVGI
2010Q4,2010,Q4,2011-03-15,2010-12-31,3976000.0,158073000.0,5368000.0,0.1432018728615163,20285000.0,0.12832678572558248,286207000.0,-112000.0,211423000.0,95346000.0,286319000.0,66622000.0,-193359000.0,451181250.0,573577250.0,-0.004033855573563839,2.2174291527699115,0.57646039405046,-1473.0982142857142,0.05503852124625438,-0.004033855573563839,-35.5,2.8542587918240305,28.36904237927565,-4028.404017857143,0.0,2.068205697817538,0.0,0.5523030533844385,1.4021773330816185,0.01389204317155066,238.21607708553327,0.12832678572558248,2.5800468215379073,-0.7588748403432916,-0.4039780806116785,-1.0004182033297513,0.021194120016109545,2.4816112084063047,0.05069485222156978,1.9354378937878305,-0.31308251300082607,-1.0003274243785698,Auto Parts,Consumer Cyclical,CVGI
2010Q3,2010,Q3,2010-11-09,2010-09-30,1142000.0,150950000.0,5109000.0,0.04,19864000.0,0.1315932427956277,289317000.0,-5669000.0,214575000.0,100554000.0,294986000.0,70397000.0,-197335000.0,278321200.0,399815200.0,-0.20735186539868325,2.1339280386657915,0.5712661198616051,-29.154524607514553,0.02086475306281211,-0.20735186539868325,-0.20144646322102663,1.8437972838688308,60.9284588441331,-49.09529017463397,0.0,1.862096396153245,0.0,0.5217460432674195,1.3347852894961911,0.003947227435650169,-23.77391304347826,0.1315932427956277,1.0,-0.9279822418686118,-0.4498125025494453,-1.0224653834917923,0.11872043252984907,0.6479076479076479,0.9514896867838044,1.3338820618313751,-0.26444653191487216,-1.016490550526289,Auto Parts,Consumer Cyclical,CVGI
2010Q2,2010,Q2,2010-08-09,2010-06-30,693000.0,142349000.0,2618000.0,0.02,17756000.0,0.12473568483094366,276906000.0,-10378000.0,204402000.0,93202000.0,287284000.0,62950000.0,-198477000.0,277854940.0,390248940.0,-0.38134783567281544,2.193107444046265,0.5950214152094935,-15.876373096935826,-1.468933588967983,-0.38134783567281544,-0.06677587203700135,1.9519275864249135,100.23626984126984,-26.773457313547894,0.0,1.9792374900714853,0.0,0.5140697565238745,1.3696701787515289,0.0025026543303503716,10.031226398064913,0.12473568483094366,-0.3333333333333333,-0.9677660329250073,-0.5210318635202809,-1.0515867390484728,0.05114847264977504,0.02514792899408284,-0.27699530516431925,3.3605129712647903,-0.2936344888005172,-1.0303026299480917,Auto Parts,Consumer Cyclical,CVGI
2010Q1,2010,Q1,2010-05-10,2010-03-31,676000.0,146407000.0,3621000.0,0.03,16892000.0,0.1153769970015095,276814000.0,-10726000.0,197885000.0,92409000.0,287540000.0,60222000.0,-199170000.0,163491720.0,301917720.0,-0.4684251899729234,2.1414039758032226,0.5915163250413635,-15.265709490956555,0.028263609311529315,-0.4684251899729234,-0.06302442662688794,1.1166933275048325,60.46291420118343,-15.242561998881223,0.0,2.1506260170701736,0.0,0.5289002723850672,1.1745176335638303,0.002442073016538181,-15.684163468917882,0.1153769970015095,1.0289408493427705,-0.9516029022749798,-0.2513564556418585,-1.0694481185892513,0.6268901088317442,1.0284799460734748,1.0877882027783838,-0.7865998795486963,-0.3120827394556508,-1.0372464512049653,Auto Parts,Consumer Cyclical,CVGI
2009Q4,2009,Q4,2010-03-12,2009-12-31,-23736000.0,135725000.0,-41247000.0,-1.0365970827146476,10383000.0,0.0765002762939768,250509000.0,-37765000.0,168419000.0,92634000.0,288274000.0,58051000.0,-199846000.0,137159020.0,290279020.0,-1.6492706786618918,1.8181121402508797,0.6492541186145009,-4.306739044088442,-0.19052929324825277,-1.6492706786618918,0.6285184694823249,1.0105656290292873,-1.444630729693293,-3.631908380775851,0.0,2.159170384661763,0.0,0.5417969015085287,0.9023360753071227,-0.09475108678730106,40.0698276365761,0.0765002762939768,-0.41999600371869533,-4.1190372536859705,0.0447134658381371,-1.265049825323502,1.8745847176079735,-0.49452210049112205,-4.298946557040082,-2.9899277510486084,-0.4205057488264077,-1.1331656652230016,Auto Parts,Consumer Cyclical,CVGI
2009Q3,2009,Q3,2009-11-06,2009-09-30,-15882000.0,110811000.0,-7784000.0,-0.73,3612000.0,0.03259604190919674,275352000.0,-6106000.0,151838000.0,95110000.0,281458000.0,57985000.0,-176110000.0,141572970.0,292255970.0,-0.2807743596817952,1.5964462201661234,0.5841940497980767,-26.344415329184407,-0.04887469015174849,-0.2807743596817952,2.601048149361284,1.2776075479871132,-2.2285129391764262,-23.185877825090074,0.0,1.8487367422609295,0.0,0.4024339754205526,0.8996004626222269,-0.05767889828292513,-23.698187144291932,0.03259604190919674,0.29807692307692313,-2.738827687234364,-0.15861110978078177,-1.0444250290025459,4.316804407713499,0.2945409319060099,0.6498740554156172,-1.8580688765675155,-0.5429141570498258,-1.0233338925294146,Auto Parts,Consumer Cyclical,CVGI
2009Q2,2009,Q2,2009-08-10,2009-06-30,-22513000.0,103503000.0,-22232000.0,-1.04,-1089000.0,-0.010521434161328657,269428000.0,5749000.0,147524000.0,87653000.0,263679000.0,60971000.0,-160228000.0,31315680.0,178618680.0,0.26435830229456936,1.6830456458991705,0.5693988746529685,26.68498869368586,-0.14043099270791523,0.26435830229456936,-3.915985388763263,0.3025581867192255,-0.3477510771554213,5.447152548269264,0.0,1.7154384871496284,0.0,0.3841582908977538,0.8406101331386262,-0.08355850171474383,2.4031678305579005,-0.010521434161328657,-0.16853932584269665,-16.25372121320132,-0.26377342275252535,-0.9211437057748809,0.6648199445983379,-0.16022469593898164,-0.2081952067822401,-2.4110545888416532,-0.5718924500828867,-0.97631046837712,Auto Parts,Consumer Cyclical,CVGI
2009Q1,2009,Q1,2009-05-08,2009-03-31,-19404000.0,108530000.0,-18401000.0,-0.89,-3249000.0,-0.029936423108817837,299363000.0,23718000.0,164961000.0,99259000.0,275645000.0,71238000.0,-137715000.0,11960300.000000002,172161300.0,1.090683344063276,1.661924863236583,0.5530108931297455,6.97997301627456,-0.10510833168639977,1.090683344063276,-0.8181128257019985,0.1102027089284069,-0.15409580498866213,0.504271017792394,0.0,1.5690923383587412,0.0,0.3625364524005973,0.7767960587956759,-0.06481762943316308,5.706250000000001,-0.029936423108817837,0.9068227489155605,-3.2157198966683564,-0.20027592457664423,-0.6300852684705275,-1.2475617189881134,0.9065817409766455,0.9122608761991952,-2.3942219258714244,-0.5441046419734469,-0.8947313852349761,Auto Parts,Consumer Cyclical,CVGI
2008Q4,2008,Q4,2009-03-16,2008-12-31,-207711000.0,164385000.0,-209724000.0,-9.551687666697324,13124000.0,0.07983696809319585,354761000.0,43942000.0,219418000.0,116949000.0,310819000.0,90782000.0,-118311000.0,20223780.0,177808780.0,2.020693460866366,1.8761853457490016,0.46480588339755496,3.7525601929816577,-0.9404097069332042,2.020693460866366,-4.726935505894133,0.123026918514463,-0.024341248176552997,0.46023804105411686,0.0,1.6662003480866252,0.0,0.46336829583860684,0.9252580184524878,-0.5854955871699539,12.58480398257623,0.07983696809319585,-78.59739722247771,-29.74025999569872,0.3323480651644519,-0.6752598249854834,-0.2237993849065531,-78.79677295428353,-385.1098901098901,-17.08325483180429,-0.20862009893546204,-0.7905079350685612,Auto Parts,Consumer Cyclical,CVGI
2008Q3,2008,Q3,2008-11-07,2008-09-30,-2603000.0,192860000.0,546000.0,-0.12,16908000.0,0.08766981229907705,618006000.0,266056000.0,262669000.0,137670000.0,351950000.0,97456000.0,89770000.0,153128070.0,304836070.0,12.353438269025398,1.9079610663180069,0.2582984631217173,0.5999864690140422,0.0010804855522980178,12.353438269025398,-0.009783654568962925,0.7939856372498185,-14.706883403764888,0.5755482680337974,0.0,1.805450664915449,0.0,0.3120681676229681,0.9876879494443234,-0.004211933217476853,10.9533669527897,0.08766981229907705,-1.857142857142857,-1.2877661256265518,0.4786664120210347,0.954601032674691,-0.27768284347231714,-1.8443074927019136,-0.9134295227524972,-1.2083823657821764,-0.10765444545526737,0.3384240726372556,Auto Parts,Consumer Cyclical,CVGI
2008Q2,2008,Q2,2008-08-08,2008-06-30,3083000.0,209240000.0,6307000.0,0.14,23408000.0,0.11187153507933474,640830000.0,274453000.0,280359000.0,139602000.0,366377000.0,100192000.0,92373000.0,201370950.0,364438950.0,12.743325439940568,2.00827352043667,0.2678807171948879,0.6254841448262544,0.00691729275033831,12.743325439940568,0.011233253052435208,0.962392229019308,16.329139636717482,0.7337174306711896,0.0,1.8547588629830725,0.0,0.3265140520886975,1.0720763312846522,0.004810948301421594,-19.172707797772066,0.11187153507933474,6.0,3.3858167110150497,0.5028561435653498,2.801247820008567,0.12728148326510955,5.531779661016949,-0.4504661496906857,-0.8187987369851449,-0.11038092585469614,0.7238503607084725,Auto Parts,Consumer Cyclical,CVGI
2008Q1,2008,Q1,2008-05-09,2008-03-31,472000.0,197004000.0,11477000.0,0.02,20765000.0,0.10540395118880835,623731000.0,269548000.0,263349000.0,135237000.0,354183000.0,100454000.0,89290000.0,213431670.0,366598670.0,12.51557784278219,1.94731471416846,0.25763830882223265,0.5961721103476931,-0.0059167459841249735,12.51557784278219,0.0017510795850831764,1.083387494670159,113.04643538135592,0.7918132206508673,0.0,1.7544249109044936,0.0,0.3158476971643224,0.9483943003763763,0.0007567364777444122,-28.644701382364783,0.10540395118880835,1.130646041856233,1.177738336776359,0.8986751267680334,0.0,0.303188151123384,1.143160448892933,1.4660507090674688,-0.9640725027886544,0.07102751841609986,0.8555435378886961,Auto Parts,Consumer Cyclical,CVGI
2007Q4,2007,Q4,2008-03-14,2007-12-31,-3297000.0,178501000.0,4654000.0,-0.15308538793703858,15934000.0,0.08926560635514647,599089000.0,265335000.0,243436000.0,126264000.0,333754000.0,96385000.0,88818000.0,312286500.0,462144500.0,12.319960997353391,1.9279921434454794,0.266613140952346,0.6019748619669475,0.009296676045153081,12.319960997353391,-0.012425801345468935,1.7494944005915933,-23.679595086442223,1.1769517779410934,0.0,1.686642112361882,0.0,0.2979540602481434,0.9310175505290502,-0.005503355928751822,28.721282074864344,0.08926560635514647,-0.177579907207989,-1.4606216204276468,0.4607985822681804,0.9799075752624218,-0.10578595880801392,-0.22930648769574943,0.6603638958259008,-1.4606216204276468,0.4607985822681804,0.9799075752624218,Auto Parts,Consumer Cyclical,CVGI
2007Q3,2007,Q3,2007-11-05,2007-09-30,-2682000.0,160918000.0,2803000.0,-0.13,17819000.0,0.11073341701984862,579293000.0,269561000.0,256260000.0,111592000.0,309732000.0,85006000.0,92115000.0,296916300.0,420596300.0,12.573980781789347,2.2964011757115204,0.2792283007044794,0.6000682591324412,0.0036478767536530297,12.573980781789347,-0.009949510500406216,1.8451403820579426,-27.676761744966445,1.1014809263951386,0.0,1.6833988189069007,0.0,0.2777834360159712,1.2683704925084236,-0.004629781475004877,111.66464836404663,0.11073341701984862,-12.0,-1.2978689376674262,0.2394631322321374,0.9894959836842364,0.07220651062037427,-10.61038961038961,2.7273936170212765,-1.2978689376674262,0.2394631322321374,0.9894959836842364,Auto Parts,Consumer Cyclical,CVGI
2007Q2,2007,Q2,2007-08-03,2007-06-30,-231000.0,158566000.0,752000.0,-0.01,16619000.0,0.1048080925292938,559541000.0,269475000.0,233918000.0,103888000.0,290066000.0,85212000.0,94797000.0,398495930.0,524352930.0,12.584644841918461,2.251636377637456,0.26858085466480563,0.5576843863067075,0.0004986017297271047,12.584644841918461,-0.0008572223768438631,2.5131234312526014,-431.2726515151515,1.478786269598293,0.0,1.6658099798150494,0.0,0.28338584661356364,1.1775373479131372,-0.00041283838002934546,20.629286638712017,0.1048080925292938,-1.0714285714285714,0.8202026765142989,0.1454877825990586,2.753914470471823,-0.3673531539076478,-1.0780669144981412,-0.9291368262344516,0.8202026765142989,0.1454877825990586,2.753914470471823,Auto Parts,Consumer Cyclical,CVGI
2007Q1,2007,Q1,2007-05-04,2007-03-31,2959000.0,198801000.0,10612000.0,0.14,26269000.0,0.13213716228791605,576047000.0,268996000.0,252528000.0,111889000.0,307051000.0,90888000.0,95028000.0,440613400.00000006,585040400.0,12.576371031838796,2.2569510854507593,0.2797167592227717,0.5990051896682479,0.015682916343555075,12.576371031838796,0.011000163571205519,2.216354042484696,37.22654613044948,1.6379923865038886,0.0,1.8982924038376903,0.0,0.3451124647815196,1.1990812322927187,0.0051367336345819,-195.39396895787144,0.13213716228791605,-0.7312457368515527,2.1219636999110976,0.9292517773369269,0.0,-0.12756559282630356,-0.7344282893555915,-0.4021745253788519,-0.6564757026222825,0.4893536543197722,3.2653854935807907,Auto Parts,Consumer Cyclical,CVGI
