Quarters,Year,Quarter,FillingDate,Date,NetIncome,Revenue,OperatingIncome,EPSDiluted,GrossProfit,GrossProfitRatio,TotalAssets,CommonStockEquity,CurrentAssets,CurrentLiability,TotalLiability,Inventory,RetainedEarnings,MarketCap,EnterpriseValue,bookValuePerShare,currentRatio,debtToAssets,debtToEquity,roic,shareholdersEquityPerShare,roe,priceToSalesRatio,peRatio,pbRatio,payoutRatio,inventoryTurnover,dividendYield,assetTurnover,quickRatio,returnOnAssets,priceToFreeCashFlowsRatio,grossProfitMargin,epsdilutedGrowth,fiveYNetIncomeGrowthPerShare,fiveYRevenueGrowthPerShare,fiveYShareholdersEquityGrowthPerShare,grossProfitGrowth,netIncomeGrowth,operatingIncomeGrowth,threeYNetIncomeGrowthPerShare,threeYRevenueGrowthPerShare,threeYShareholdersEquityGrowthPerShare,Industry,Sector,Symbol
2023Q1,2023,Q1,2023-05-11,2023-03-31,-17420000.0,107661000.0,-38745000.0,-0.23,64565000.0,0.5997064861,957517000.0,65004000.0,402874000.0,357380000.0,892513000.0,12197000.0,-773882000.0,334166920.92,678097920.9200001,0.8578576216065043,1.127298673680676,0.6098126717332434,8.982616454372039,-0.06399122407890137,0.8578576216065043,-0.2679835087071565,3.1038808939170175,-4.7957365229621125,5.140713201033783,0.0,3.5333278675084037,0.0,0.11243769040131925,1.0101488611561922,-0.018192888481353333,-18.663329847528622,0.5997064860998876,0.5818181818181819,-3.113339277439742,0.3980828448611391,-0.6635328610498051,-0.1512980611238909,0.5824944875850829,-0.04948805460750853,0.599944274696514,0.17154752440216237,-0.6226656530065857,Software—Application,Technology,LPSN
2022Q4,2022,Q4,2023-03-16,2022-12-31,-41724000.0,122477000.0,-36918000.0,-0.55,76075000.0,0.6211370298,1088940000.0,68088000.0,533466000.0,253754000.0,1020852000.0,30984000.0,-692362000.0,765956668.62,1114440668.62,0.9013725557659732,2.1022959243992214,0.67980329494738,10.872180119844906,-0.04601463051425927,0.9013725557659732,-0.6127952062037363,6.253881697134973,-4.589424962970952,11.24951046616144,0.0,1.4976116705396334,0.0,0.1124735981780447,1.8849673305642474,-0.03831616067000937,272.58244434875445,0.6211370298096786,0.01785714285714287,-7.568917579343797,0.6093889555644598,-0.6334021997846516,-0.1141709361900326,0.035238623751387345,0.10832548366060431,-0.2848876662625521,0.30322089495617616,-0.6143143438540672,Software—Application,Technology,LPSN
2022Q3,2022,Q3,2022-11-08,2022-09-30,-43248000.0,129561000.0,-41403000.0,-0.56,85880000.0,0.6628537909,1097078000.0,89511000.0,525990000.0,236836000.0,1007567000.0,0.0,-650638000.0,732728539.32,1079792539.3200002,1.1507585343714273,2.2209039166342954,0.6748781763921982,8.271542045111774,-0.049941903605050325,1.1507585343714273,-0.4831584944867111,5.65547147150763,-4.23562094963929,8.185904964976372,0.0,0.0,0.0,0.11809643434650954,2.086131331385431,-0.039421080360740074,-28.865763446265365,0.6628537908784279,0.4285714285714285,-22.99070565241891,0.6665868199218202,-0.5366951241995229,-0.018693724576077517,0.42650276484862953,0.3028389573651243,-0.3542111872175317,0.39621154904928574,-0.5552929487359061,Software—Application,Technology,LPSN
2022Q2,2022,Q2,2022-08-09,2022-06-30,-75411000.0,132565000.0,-59388000.0,-0.98,87516000.0,0.6601742541,1154673000.0,120755000.0,574471000.0,258225000.0,1033918000.0,0.0,-607390000.0,1092887175.1000001,1407740175.1000001,1.5623531311397856,2.2246916448833383,0.6415643216737552,6.134710778021614,-0.06963356525429695,1.5623531311397856,-0.624495880087781,8.244160789801231,-3.623102647823262,9.05045070680303,0.0,0.0,0.0,0.11480739568691742,2.120910059057024,-0.06530939928447274,-20.258159247794175,0.6601742541394787,-0.13953488372093023,-6.2472489020851825,0.7747893916380286,-0.35210735973030255,0.08540245566166439,-0.1537084633743345,0.08844205679201841,-1.5361491120602357,0.5070838262117021,-0.4506195306769844,Software—Application,Technology,LPSN
2022Q1,2022,Q1,2022-05-10,2022-03-31,-65364000.0,130197000.0,-65150000.0,-0.86,80630000.0,0.6192923032,1204073000.0,180346000.0,619311000.0,250024000.0,1023727000.0,0.0,-531979000.0,1851338930.1000001,2112907930.1000001,2.3788455200702314,2.4770062074040893,0.6164451823103748,4.115672096969159,-0.06982875378574792,2.3788455200702314,-0.36243664955141786,14.219520650245398,-7.080881410638884,10.265483737371497,0.0,0.0,0.0,0.10813048710501771,2.356561770070073,-0.05428574513339308,-50.38342441420602,0.6192923032020707,-0.22857142857142862,-7.502581125460307,0.8878855449628408,-0.032359081029841336,0.016797397160079698,-0.31113473612420517,-0.44816395483239974,-1.803444405423796,0.5885654095613201,-0.2351614616298933,Software—Application,Technology,LPSN
2021Q4,2021,Q4,2022-02-28,2021-12-31,-49853000.0,123801000.0,-44988000.0,-0.7,79298000.0,0.640527944,1186656000.0,349437000.0,636276000.0,223427000.0,837219000.0,0.0,-516859000.0,2557604794.16,2616109794.16,4.88030428645621,2.847802637998093,0.4890642275436184,1.6608172574741655,-0.043936657434461415,4.88030428645621,-0.1426666323257125,20.65899947625625,-12.825731621767996,7.319215750364157,0.0,0.0,0.0,0.10432762316964647,2.7554861319357107,-0.04201133268613651,-56.89128913070557,0.6405279440392242,-0.48936170212765956,-3.0663037949615677,0.7211677707437697,0.9687377839558342,-0.0029422119398481114,-0.5195842350717834,-1.1650705038741036,-5.547315980729992,0.5993396271077795,0.7378093272232544,Software—Application,Technology,LPSN
2021Q3,2021,Q3,2021-11-03,2021-09-30,-32807000.0,118327000.0,-20779000.0,-0.47,79532000.0,0.6721373820007268,1068909000.0,262109000.0,742691000.0,226357000.0,806800000.0,0.0,-467006000.0,4114641559.05,4056931559.05,3.7552057277055857,3.2810604487601442,0.5382422638409818,2.195010472742256,-0.02656707444669316,3.7552057277055857,-0.12516548458847274,34.7734799247002,-31.35490565313805,15.698207841203468,0.0,0.0,0.0,0.1106988527554731,3.164037339247295,-0.030692042072805074,-666.1229656872268,0.6721373820007268,-0.5161290322580644,-3.480971985846442,0.742822302412009,0.39017977468929127,-0.00012571974554323502,-0.5534352952317818,-0.5303432022389158,-3.0051149529650982,0.5844080805462774,0.35032079667301,Software—Application,Technology,LPSN
2021Q2,2021,Q2,2021-08-04,2021-06-30,-21119000.0,119605000.0,-13578000.0,-0.31,79542000.0,0.6650390869946908,1043757000.0,261692000.0,773489000.0,216055000.0,782065000.0,0.0,-434199000.0,4367172837.96,4268394837.96,3.7895001398045376,3.580056004258175,0.5418464259401374,2.161151277073812,-0.0166995010225554,3.7895001398045376,-0.08070174097794354,36.51329658425651,-51.69720202140253,16.688216827262586,0.0,0.0,0.0,0.11459084825299375,3.4905047325912384,-0.0202336367564481,-565.3298172116505,0.6650390869946908,0.0,-1.2038804235494893,0.7101697464395709,0.3787722245739105,0.06951540902490184,0.0035857513564519932,0.0037420206911732336,-1.1554798125311128,0.6473730108092038,0.3903319517540211,Software—Application,Technology,LPSN
2021Q1,2021,Q1,2021-05-07,2021-03-31,-21195000.0,107891000.0,-13629000.0,-0.31,74372000.0,0.6893253376092537,1044537000.0,260017000.0,780453000.0,223484000.0,784520000.0,0.0,-413080000.0,3581141406.6600003,3471342406.6600003,3.829308877470407,3.492209733135258,0.5346158154282711,2.1476518842998726,-0.01579215089096168,3.829308877470407,-0.08151390101416446,33.192216279949214,-42.24040347558386,13.772720270828447,0.0,0.0,0.0,0.1032907402992905,3.4028744787098852,-0.020291286952975336,259.6535242647912,0.6893253376092537,-0.5499999999999999,-5.6092506120761785,0.6153401831170138,0.34309987343385256,0.004009449881876476,-0.5988986119493059,-1.04302203567681,-4.585001906332104,0.5635192716754541,0.5019235939714608,Software—Application,Technology,LPSN
2020Q4,2020,Q4,2021-03-08,2020-12-31,-13256000.0,102125000.0,-6671000.0,-0.2,74075000.0,0.7253365973072216,1006432000.0,243934000.0,748811000.0,208551000.0,762498000.0,0.0,-391885000.0,4171125805.56,4068303805.56,3.6393083133012785,3.5905414023428324,0.5478065085370895,2.2601605352267415,-0.010223497254545003,3.6393083133012785,-0.05434256807169152,40.84333714134639,-78.66486507166566,17.09940314002968,0.0,0.0,0.0,0.10147232997360975,3.52227992193756,-0.013171282312168135,-361.82562504857736,0.7253365973072216,0.6551724137931034,0.46683766262841797,0.45527832033168486,0.24383401325008186,0.10375193706043628,0.6575561870317748,0.8101755683919984,-2.0680701335855702,0.5123464976962955,0.4801453776545561,Software—Application,Technology,LPSN
2020Q3,2020,Q3,2020-11-09,2020-09-30,-38710000.0,94804000.0,-35143000.0,-0.58,67112000.0,0.70790262014261,528325000.0,123695000.0,285289000.0,206421000.0,404630000.0,0.0,-378629000.0,3454809013.86,3458867013.86,1.861435183305505,1.3820735293405226,0.3837637817631193,1.6391285015562471,-0.10247695846164545,1.861435183305505,-0.3129471684384979,36.44159543753428,-22.312122280160168,27.930061957718582,0.0,0.0,0.0,0.17944257795864288,1.2846415820095825,-0.07326929446836701,223.68462375267077,0.70790262014261,-1.0714285714285712,-18.105420423682506,0.32730782732978553,-0.42402655964031494,0.05033178915738074,-1.0781661029688088,-1.43271493839125,-24.1355355670285,0.42747427725995946,-0.25057084466198115,Software—Application,Technology,LPSN
2020Q2,2020,Q2,2020-08-07,2020-06-30,-18627000.0,91603000.0,-14446000.0,-0.28,63896000.0,0.6975317402268485,518157000.0,143314000.0,267679000.0,175117000.0,374843000.0,0.0,-339919000.0,2719911898.2599998,2748044898.2599998,2.1829747587774353,1.5285723259306634,0.3885115901165091,1.4046778402668267,-0.03924211616523307,2.1829747587774353,-0.12997334524191634,29.692388876565175,-36.50496454421002,18.9786894389941,0.0,0.0,0.0,0.17678618642612182,1.4182746392411931,-0.03594856385226872,-521.4555019670245,0.6975317402268485,0.5087719298245613,-1.9937222837932507,0.32847391736417286,-0.31951294497344435,0.15611203589780706,0.4965811734817978,0.5647746444926488,-1.1074991513802412,0.44382202201388277,-0.09474161000041138,Software—Application,Technology,LPSN
2020Q1,2020,Q1,2020-05-11,2020-03-31,-37001000.0,78088000.0,-33192000.0,-0.57,55268000.0,0.707765597787112,489459000.0,146386000.0,248283000.0,147716000.0,343073000.0,0.0,-321292000.0,1464846337.5,1481606337.5,2.273468154812518,1.6808131820520458,0.38458583865042834,1.2859084885166614,-0.09481405965446615,2.273468154812518,-0.252763242386567,18.758917343253763,-9.897342892759655,10.0067379223423,0.0,0.0,0.0,0.15953940983820913,1.5743792141677273,-0.075595708731477,-217.43303213596556,0.707765597787112,-0.3255813953488371,-14.718074446048226,0.14217406399672539,-0.29313795358795264,-0.030607054531422657,-0.3542566429983164,-0.3536152685453285,-4.66702632489537,0.3331793836061902,-0.0752233400564709,Software—Application,Technology,LPSN
2019Q4,2019,Q4,2020-03-02,2019-12-31,-27322000.0,79073000.0,-24521000.0,-0.43,57013000.0,0.7210172878226448,512710000.0,148535000.0,278107000.0,170433000.0,364175000.0,0.0,-283562000.0,2351579585.0,2360670585.0,2.3370652794640585,1.6317673220561746,0.3620253164556962,1.2496314000067323,-0.07094837253805036,2.3370652794640585,-0.18394317837546706,29.739349525122357,-21.517271658370543,15.83182135523614,0.0,0.0,0.0,0.15422558561369976,1.5498348324561557,-0.05328938386222231,-71.83247044628402,0.7210172878226448,-0.04878048780487809,-4.646395271267814,0.17924412881332083,-0.28474846543692184,0.035564435564435566,-0.056045145330859615,-0.06032171581769437,-1.5106434512199467,0.2384865615285133,-0.05721683542949353,Software—Application,Technology,LPSN
2019Q3,2019,Q3,2019-11-08,2019-09-30,-25872000.0,75175000.0,-23126000.0,-0.41,55055000.0,0.7323578317259727,491929000.0,163062000.0,300746000.0,137572000.0,328867000.0,0.0,-256240000.0,2249628431.4,2226882431.4,2.587677733241152,2.1860989154769865,0.37079944463530307,1.1186358563000576,-0.06595271578821263,2.587677733241152,-0.1586635758177871,29.925220238111077,-21.738060754870133,13.796153802847996,0.0,0.0,0.0,0.15281676827347035,1.8822144040938562,-0.05259295548747889,-94.88499858281665,0.7323578317259727,-0.07894736842105256,-18.400567161313855,0.21740682215091545,-0.11911841278114482,0.04054054054054054,-0.07858423312627673,-0.10013795728081443,-2.9141848854585417,0.22644567116751874,-0.042039901669079,Software—Application,Technology,LPSN
2019Q2,2019,Q2,2019-08-02,2019-06-30,-23987000.0,70959000.0,-21021000.0,-0.38,52910000.0,0.7456418495187361,496019000.0,177316000.0,311511000.0,129329000.0,318703000.0,0.0,-230368000.0,1732728370.73,1688260370.73,2.8438454193048117,2.4086709090768506,0.36341148222144715,1.0165974869724108,-0.057362250186355664,2.8438454193048117,-0.13527826028108011,24.41872589424879,-18.059035839517236,9.771979802894267,0.0,0.0,0.0,0.14305701999318574,2.1355921719026667,-0.04835903463375395,-106.51145627796902,0.7456418495187361,-0.22580645161290325,-16.200786240075185,0.20718010598919392,-0.004102359520355375,0.10799321508596318,-0.2698253043938592,-0.1447475902630289,-1.7724083071655614,0.12373510896486652,0.034705087864561085,Software—Application,Technology,LPSN
2019Q1,2019,Q1,2019-05-07,2019-03-31,-18890000.0,66402000.0,-18363000.0,-0.31,47753000.0,0.7191500256016385,492211000.0,191039000.0,318362000.0,115665000.0,301172000.0,0.0,-206381000.0,1789843694.78,1729577694.78,3.1102584411340213,2.75244888254874,0.3606603672002454,0.929239579352907,-0.04894279646520551,3.1102584411340213,-0.09888033333507817,26.954665443510738,-23.68771433006882,9.368996355613252,0.0,0.0,0.0,0.13490555879490707,2.499217567976484,-0.03837785014963095,-52.60223637159819,0.7191500256016385,-1.8181818181818183,-20.174221122100043,0.23564844895511589,0.0900218093489657,-0.023935082985855612,-1.9218870843000773,-1.5363259668508287,-5.511882309839064,0.0990456319668442,0.09089860658960604,Software—Application,Technology,LPSN
2018Q4,2018,Q4,2019-02-25,2018-12-31,-6465000.0,65724000.0,-7240000.0,-0.11,48924000.0,0.7443856125616213,290103000.0,170729000.0,135085000.0,113851000.0,119374000.0,0.0,-187491000.0,1146579592.72,1080130592.72,2.808308259142657,1.1865069257187024,0.0,0.0,-0.03580011624555485,2.808308259142657,-0.037867029034317545,17.445371443004078,-44.337957955143075,6.7157869648390145,0.0,0.0,0.0,0.22655401702154063,0.9878876777542578,-0.02228518836413274,303.24771032002116,0.7443856125616213,0.0833333333333333,-7.142347548048245,0.2499039569290041,-0.04285045795412982,0.00824334350012365,0.0820673008661082,-0.5002072109407377,0.7133140129713702,0.032592450508989006,-0.04018317996143086,Software—Application,Technology,LPSN
2018Q3,2018,Q3,2018-11-09,2018-09-30,-7043000.0,64213000.0,-4826000.0,-0.12,48524000.0,0.7556725273698472,277854000.0,166898000.0,136800000.0,103844000.0,110956000.0,0.0,-181026000.0,1507557859.52,1441206859.52,2.7809730376350976,1.317360656369169,0.0,0.0,-0.040415645096909515,2.7809730376350976,-0.04219942719505326,23.47745564792176,-53.512631674002556,9.03280961737109,0.0,0.0,0.0,0.23110338523109258,1.1370709911020376,-0.02534784455145508,-162.64514613442657,0.7556725273698472,0.14285714285714296,-7.6885103895918405,0.2795931166097596,-0.026094315168436466,0.06356303699807118,0.1535873092176421,0.38254861821903785,-4.446022767474762,-0.0045537227432205715,-0.13949912282746194,Software—Application,Technology,LPSN
2018Q2,2018,Q2,2018-08-06,2018-06-30,-8321000.0,61660000.0,-7816000.0,-0.14,45624000.0,0.739928640934155,258421000.0,159852000.0,124957000.0,92834000.0,98569000.0,0.0,-173983000.0,1237476914.5,1167729914.5,2.7256081794162634,1.3460262403860654,0.0,0.0,-0.05226168181161665,2.7256081794162634,-0.052054400320296276,20.069362868958805,-37.179332847614475,7.741391502765058,0.0,0.0,0.0,0.23860289991912423,1.161815714070276,-0.03219939555995836,-193.38598445069542,0.739928640934155,-1.3333333333333337,-3.2491629644845648,0.3329298272282918,-0.0019470882980613792,0.03018944611285479,-1.5978769903215735,-1.0455378173253076,-0.49702609448574225,0.0009954617371986255,-0.15036072876719653,Software—Application,Technology,LPSN
2018Q1,2018,Q1,2018-05-08,2018-03-31,-3203000.0,58241000.0,-3821000.0,-0.06,44287000.0,0.7604093336309473,249060000.0,146117000.0,116787000.0,96187000.0,102943000.0,0.0,-165662000.0,937013709.45,879533709.45,2.549602984360049,1.2141661555095804,0.0,0.0,-0.02268671091439205,2.549602984360049,-0.021920789504301347,16.088558051029345,-73.13563139634718,6.412763124413997,0.0,0.0,0.0,0.23384325062234,1.0747502261220332,-0.012860354934553923,-177.73401165591807,0.7604093336309473,0.0,-12.457771326878,0.33593386986200013,-0.14719044002045287,0.038601346122276683,0.12772331154684097,0.3518235793044953,-0.5287106773263557,-0.04289563237962129,-0.20728267987917887,Software—Application,Technology,LPSN
2017Q4,2017,Q4,2018-03-15,2017-12-31,-3672000.0,57390000.0,-5895000.0,-0.06,42641000.0,0.7430040076668409,232799000.0,140063000.0,102844000.0,89055000.0,92736000.0,0.0,-163135000.0,655098776.5,598983776.5,2.4587505850730285,1.1548368985458424,0.0,0.0,-0.025044220065551376,2.4587505850730285,-0.026216773880325284,11.414859322181565,-44.600951559095854,4.67717224748863,0.0,0.0,0.0,0.24652167749861467,1.055987872662961,-0.01577326363085752,420.474182605905,0.7430040076668409,-1.9999999999999996,-3.4147658523894626,0.3256962066934017,-0.19277363718515653,0.016423531655225018,-1.8030534351145038,-23.06122448979592,0.15333721258049568,-0.04509373970140978,-0.24750705744743165,Software—Application,Technology,LPSN
2017Q3,2017,Q3,2017-11-09,2017-09-30,-1310000.0,56493000.0,-245000.0,-0.02,41952000.0,0.7426052785300834,223568000.0,140397000.0,95726000.0,76344000.0,83171000.0,0.0,-159414000.0,765913614.5,711552614.5,2.4838040661307503,1.2538771874672534,0.0,0.0,-0.04233365754623331,2.4838040661307503,-0.009330683704067751,13.557672888676473,-146.16672032442747,5.455341741632656,0.0,0.0,0.0,0.2526882201388392,1.133566488525621,-0.005859514778501396,-109.24456061902724,0.7426052785300834,0.8461538461538461,-1.8066383496927643,0.4030074923983421,-0.15245019920808994,0.0773497688751926,0.8260984999336254,0.9637627569886111,-0.09511014260505175,0.01990334056418005,-0.1544784576503513,Software—Application,Technology,LPSN
2017Q2,2017,Q2,2017-07-28,2017-06-30,-7533000.0,54074000.0,-6761000.0,-0.13,38940000.0,0.7201242741428413,218763000.0,134930000.0,92320000.0,77050000.0,83833000.0,0.0,-158153000.0,615495738.0,561130738.0,2.411438306336412,1.1981829980532122,0.0,0.0,-0.055023253608014876,2.411438306336412,-0.055828948343585566,11.38247102119318,-20.426647351652726,4.561592959312236,0.0,0.0,0.0,0.24718073897322673,1.0281505515898768,-0.03443452503394084,147.10701195028682,0.7201242741428413,-0.3,-54.03086108874544,0.3840765680628055,-0.1448840976938443,0.048521729764661535,-0.32716701902748413,-0.37307067424857837,-5.019354287245903,0.025091552627387086,-0.15552874177326773,Software—Application,Technology,LPSN
2017Q1,2017,Q1,2017-05-10,2017-03-31,-5676000.0,50919000.0,-4924000.0,-0.1,37138000.0,0.7293544649345038,215362000.0,137609000.0,88485000.0,71128000.0,77754000.0,0.0,-150620000.0,383429387.04999995,335670387.04999995,2.458396987388659,1.2440248565965584,0.0,0.0,-0.04411418673562174,2.458396987388659,-0.04124730213866826,7.530182977866807,-16.888186533210007,2.786368530038006,0.0,0.0,0.0,0.23643446847633287,1.074766617928242,-0.026355624483427903,-65.75705488766934,0.7293544649345038,0.411764705882353,-2.7669737999710056,0.34671558216536796,-0.09409039857527665,-0.09784773842491376,0.4065865133298484,0.40488276528885664,-5.9814978378985,0.03973908250186292,-0.1384296890407624,Software—Application,Technology,LPSN
2016Q4,2016,Q4,2017-03-10,2016-12-31,-9565000.0,56117000.0,-8274000.0,-0.17,41166000.0,0.7335744961419891,219638000.0,138476000.0,92151000.0,74683000.0,81162000.0,0.0,-144944000.0,421757133.59999996,370868133.59999996,2.4789000984428164,1.2338952639824323,0.0,0.0,-0.06592603821976382,2.4789000984428164,-0.06907334122880499,7.515674993317532,-11.023448342916884,3.0457056356336114,0.0,0.0,0.0,0.25549768255037836,1.1075077326834755,-0.04354893051293492,85.7752966442953,0.7335744961419891,-0.7000000000000001,-3.4040320422777484,0.4974262764756772,-0.020316206848257447,0.03742345202993876,-0.6269773771049498,-2.208220240403257,-12.110314651858863,0.1614329308127429,-0.15512191858654625,Software—Application,Technology,LPSN
2016Q3,2016,Q3,2016-11-09,2016-09-30,-5879000.0,54518000.0,-2579000.0,-0.1,39681000.0,0.7278513518470964,223711000.0,151398000.0,95706000.0,64823000.0,72313000.0,0.0,-135379000.0,471360694.45,419955694.45,2.701237491780431,1.4764204063372568,0.0,0.0,-0.03706374673412657,2.701237491780431,-0.038831424457390455,8.645964533731979,-20.04425473932642,3.113387854859377,0.0,0.0,0.0,0.2436983429513971,1.2479058358915818,-0.02627944088578568,-576.9408744798042,0.7278513518470964,0.28571428571428575,-3.0368714576942666,0.5040719022522646,0.13782168989697538,0.013019836103239642,0.2429822302343549,0.5564155486756106,-6.76583361606836,0.16328421489789643,-0.05401795928152157,Software—Application,Technology,LPSN
2016Q2,2016,Q2,2016-07-29,2016-06-30,-7766000.0,56679000.0,-5814000.0,-0.14,39171000.0,0.6911025247446144,225488000.0,153819000.0,96882000.0,64896000.0,71669000.0,0.0,-129500000.0,354821428.5,302495428.5,2.7484598777551,1.4928809171597632,0.0,0.0,-0.045439120004680825,2.7484598777551,-0.050487911116312026,6.2601921081882175,-11.422271069405099,2.306746425994188,0.0,0.0,0.0,0.25136149152061305,1.2477656558185404,-0.03444085716313063,33.80861634111481,0.6911025247446144,-1.8,-4.332329958149351,0.6768030462626589,0.2192155163323595,-0.010833333333333334,-1.9162598573037928,-1.119577105359096,-3.1558447964024334,0.28398518758152586,0.006420660315495722,Software—Application,Technology,LPSN
2016Q1,2016,Q1,2016-05-10,2016-03-31,-2663000.0,55464000.0,-2743000.0,-0.05,39600000.0,0.7139766334919948,222556000.0,160762000.0,91160000.0,55058000.0,61794000.0,0.0,-121734000.0,329858117.54999995,285302117.54999995,2.851097638539834,1.6557085255548694,0.0,0.0,-0.021544528488431833,2.851097638539834,-0.016564859854940845,5.947247179251406,-30.96677783984228,2.0518413403043008,0.0,0.0,0.0,0.24921368105106131,1.3579316357295943,-0.011965527777278528,-138.6541057377049,0.7139766334919948,0.8484848484848485,-1.7612668191859213,0.6861550993267846,0.3135838070364862,-0.007991182143841279,0.8729302858233525,-0.05866460825935932,-10.37219375193044,0.2930764510436856,-0.04634433772747776,Software—Application,Technology,LPSN
2015Q4,2015,Q4,2016-03-15,2015-12-31,-20957000.0,59151000.0,-2591000.0,-0.33,39919000.0,0.674866020861862,226194000.0,165305000.0,94382000.0,55260000.0,60889000.0,0.0,-119071000.0,381358422.0,332555422.0,2.9258793975185893,1.7079623597538907,0.0,0.0,-0.13562395273097141,2.9258793975185893,-0.1267777744169868,6.447201602677892,-4.5492964403302,2.3069987114727324,0.0,0.0,0.0,0.26150561022838803,1.4330618892508142,-0.09265055660185505,42.218357356360016,0.674866020861862,-12.0,-8.045407161253056,0.8214919751253075,0.45619736740144523,-0.08902327704244638,-11.886753246753246,-2.364402317008952,-14.895713316589752,0.3776828715108419,-0.03941172462449416,Software—Application,Technology,LPSN
2015Q3,2015,Q3,2015-11-09,2015-09-30,1925000.0,60757000.0,1899000.0,0.03,43820000.0,0.7212337673025331,237236000.0,182680000.0,92695000.0,53967000.0,54556000.0,0.0,-98114000.0,427333891.32,386489891.32,3.2318073245583547,1.717623733022032,0.0,0.0,0.013078961604348328,3.2318073245583547,0.010537552003503394,7.033492294221242,55.49790796363636,2.3392483650098534,0.0,0.0,0.0,0.25610362676828136,1.3579965534493301,0.008114282823854726,53.888258678436316,0.7212337673025331,1.3333333333333333,-0.3721443634966377,0.9415479560068082,0.728710626049471,0.057253842256375614,1.3595442659693686,1.2472334331467256,0.1853135688124013,0.5088866839809741,0.10279135600025184,Software—Application,Technology,LPSN
2015Q2,2015,Q2,2015-08-07,2015-06-30,-5354000.0,59334000.0,-7681000.0,-0.09,41447000.0,0.6985370950888192,238202000.0,181224000.0,91197000.0,56239000.0,56978000.0,0.0,-100039000.0,554186412.09,517147412.09000003,3.207959273659138,1.621597112324188,0.0,0.0,-0.030451421714224356,3.207959273659138,-0.02954354831589635,9.340115483365356,-25.87721386299963,3.0580188721692494,0.0,0.0,0.0,0.24909110754737576,1.2321698465477693,-0.022476721438107153,442.9947338848921,0.6985370950888192,-1.2499999999999998,-3.9864294689492774,1.0260392506245979,0.7393861238481033,-0.04754573030609431,-1.6015549076773568,-2.737712895377129,-38.332285411552526,0.504252513355644,0.13756880350134962,Software—Application,Technology,LPSN
2015Q1,2015,Q1,2015-05-11,2015-03-31,-2058000.0,59770000.0,-2055000.0,-0.04,43516000.0,0.7280575539568346,236088000.0,181049000.0,90579000.0,54315000.0,55039000.0,0.0,-94682000.0,576142305.005,535306305.005,3.2162826768708097,1.667660867163767,0.0,0.0,-0.010218445669839326,3.2162826768708097,-0.011367088467762871,9.639322486280744,-69.98813228923711,3.1822451657009982,0.0,0.0,0.0,0.25316831012164953,1.407051459081285,-0.008717088543255057,-61.53394264712165,0.7280575539568346,0.5,-1.8530354655513186,1.0909728587253231,0.7690030706927456,-0.00480263458811691,0.5102332222751071,0.12329351535836178,-1.6370683046582493,0.5719262994306832,0.18518749120670147,Software—Application,Technology,LPSN
2014Q4,2014,Q4,2015-03-12,2014-12-31,-4202000.0,58229000.0,-2344000.0,-0.08,43726000.0,0.7509316663518179,239817000.0,180337000.0,93703000.0,58749000.0,59480000.0,0.0,-92627000.0,778201221.6,728829221.6,3.2674732825168826,1.5949718293077328,0.0,0.0,-0.01916390259211579,3.2674732825168826,-0.023300820131198812,13.364495725497605,-46.29945392670157,4.315260992475199,0.0,0.0,0.0,0.24280597288766018,1.3745595669713526,-0.017521693624722185,-290.80763139013453,0.7509316663518179,-3.0,-2.2275780994463767,1.1229534993534047,1.0070490378428842,0.10746397183598004,-2.685964912280702,-4.8453865336658355,-2.0689416899629,0.5726534268701777,0.2913350648737158,Software—Application,Technology,LPSN
2014Q3,2014,Q3,2014-11-07,2014-09-30,-1140000.0,52787000.0,-401000.0,-0.02,39483000.0,0.7479682497584632,211717000.0,158243000.0,131745000.0,52706000.0,53474000.0,0.0,-88425000.0,678199681.16,591088681.16,2.9375999802777613,2.4996205365613022,0.0,0.0,-0.01622948406685295,2.9375999802777613,-0.007204110134413529,12.847854228503229,-148.72800025438596,4.285811575614719,0.0,0.0,0.0,0.24932811252757217,2.267237126702842,-0.005384546351969847,45.27972233676058,0.7479682497584632,0.0,-1.4477959135203307,1.1114927626190074,0.890537168202591,0.04105363075462743,0.0594059405940594,0.7292370020256583,-1.4109514637915812,0.5152391460915539,0.23738286025265,Software—Application,Technology,LPSN
2014Q2,2014,Q2,2014-08-01,2014-06-30,-1212000.0,51087000.0,-1481000.0,-0.02,37926000.0,0.7423806447824299,197345000.0,154742000.0,119270000.0,41712000.0,42603000.0,0.0,-87285000.0,550025678.3000001,478791678.3000001,2.8555599528633864,2.859369006520905,0.0,0.0,-0.008077836019908996,2.8555599528633864,-0.007832391981491773,10.766450922935386,-113.45414156353135,3.554469234596942,0.0,0.0,0.0,0.25887151942030456,2.519922324510932,-0.00614152879475031,-180.9294994407895,0.7423806447824299,-1.0,-1.9390439921117675,1.1851698053609325,0.9763339441319281,0.050785470866927106,-0.5264483627204031,-0.5721868365180467,-1.537102149241612,0.560895880039839,0.26672505956027004,Software—Application,Technology,LPSN
2014Q1,2014,Q1,2014-05-09,2014-03-31,-794000.0,47828000.0,-942000.0,-0.01,36093000.0,0.7546416325165175,196616000.0,155985000.0,122032000.0,39781000.0,40631000.0,0.0,-86073000.0,659825077.45,580452077.45,2.8533910188381246,3.0675950830798624,0.0,0.0,-0.004678048311399548,2.8533910188381246,-0.0050902330352277465,13.795790696872126,-207.75348786209068,4.230054668397602,0.0,0.0,0.0,0.24325588965292752,2.722631406953068,-0.004038328518533588,-86.48906507405951,0.7546416325165175,0.0,-1.5424522110371144,1.0849767710482512,1.0447298297242504,0.01171688857743518,-0.12146892655367232,-0.6047700170357752,-1.2341186438140208,0.49974808635966483,0.31464043420438415,Software—Application,Technology,LPSN
2013Q4,2013,Q4,2014-03-14,2013-12-31,-708000.0,46888000.0,-587000.0,-0.01,35675000.0,0.7608556560313939,205090000.0,159053000.0,133182000.0,44305000.0,46037000.0,0.0,-85279000.0,803387531.7,711481531.7,2.934032913122443,3.006026407854644,0.0,0.0,-0.00508354151875714,2.934032913122443,-0.004451346406543731,17.134182129756017,-283.682038029661,5.051068082337334,0.0,0.0,0.0,0.2286215807694183,2.7399842004288457,-0.003452142961626603,67.49454185499454,0.7608556560313939,0.0,0.9739992820611287,1.0940244826261982,1.1904434487174447,0.03121838415956063,0.030136986301369864,0.5488086087624904,-1.2480635337810615,0.5048027104405227,0.4602553364235,Software—Application,Technology,LPSN
2013Q3,2013,Q3,2013-11-07,2013-09-30,-730000.0,45192000.0,-1301000.0,-0.01,34595000.0,0.7655115949725615,193330000.0,154328000.0,121185000.0,36335000.0,39002000.0,0.0,-84571000.0,509655298.22999996,432276298.22999996,2.8554849621974077,3.3352139810100456,0.0,0.0,-0.00563550436224222,2.8554849621974077,-0.004730185060390856,11.27755572291556,-174.53948569520549,3.3024162707350575,0.0,0.0,0.0,0.23375575440955879,3.0302738406495116,-0.0037759271711581234,513.7654216028226,0.7655115949725615,0.6666666666666666,-2.555912680264417,1.0382904390327108,0.5907714131240633,0.06064322285924518,0.6010928961748634,0.3455734406438632,-1.2490190747391836,0.5104072222919815,0.5274138279112001,Software—Application,Technology,LPSN
2013Q2,2013,Q2,2013-08-08,2013-06-30,-1830000.0,43229000.0,-1988000.0,-0.03,32617000.0,0.7545166439195911,184601000.0,149673000.0,112793000.0,32022000.0,34928000.0,0.0,-83841000.0,506413852.56,431461852.56,2.730925532563595,3.5223596277559177,0.0,0.0,-0.01235090872084885,2.730925532563595,-0.012226654105950974,11.714678862800435,-69.18222029508196,3.383468311318675,0.0,0.0,0.0,0.2341753294944231,3.1756604834176505,-0.009913272409141879,-303.6054271942446,0.7545166439195911,-6.223693715386468,-7.248236196795358,1.002100582175112,0.5504568218561069,0.007879611890488846,-6.887931034482759,-2.318864774624374,-2.052151419403276,0.5215025230501581,0.4807338782656675,Software—Application,Technology,LPSN
2013Q1,2013,Q1,2013-05-10,2013-03-31,-232000.0,42496000.0,-599000.0,-0.004153,32362000.0,0.7615304969879518,203471000.0,167014000.0,130879000.0,33697000.0,36457000.0,0.0,-82012000.0,749695483.9,654862483.9,2.989651035831723,3.883995607917619,0.0,0.0,-0.001472697270569549,2.989651035831723,-0.0013891051049612607,17.641554120387802,-807.8615128232759,4.488818206258158,0.0,0.0,0.0,0.2088553159909766,3.5443511291806393,-0.0011402116272097743,-317.13006933164127,0.7615304969879518,-1.1384333333333332,0.061813684843231714,1.1324067082355034,0.7177636242139678,0.000494651579793483,-1.155495978552279,-1.2454918032786886,-1.0968989881498363,0.4980376654934311,0.6443523141540399,Software—Application,Technology,LPSN
2012Q4,2012,Q4,2013-03-01,2012-12-31,1492000.0,42475000.0,2440000.0,0.03,32346000.0,0.7615303119482049,208576000.0,170243000.0,136154000.0,35561000.0,38333000.0,0.0,-81780000.0,734421681.5400001,631082681.5400001,3.0459245365813223,3.828744973425944,0.0,0.0,0.008036084803890297,3.0459245365813223,0.008763943304570527,17.29068114278988,123.05993323391421,4.313961111705034,0.0,0.0,0.0,0.2036427968702056,3.5760805376676696,0.007153267873580853,121.5728656745572,0.7615303119482049,0.0,-0.4681935698177224,1.169652010135301,0.7220412596905031,0.05588561728798067,-0.0675,-0.05755117806102742,-0.5695877948481204,0.529175067877529,0.870962478315533,Software—Application,Technology,LPSN
2012Q3,2012,Q3,2012-11-09,2012-09-30,1600000.0,39670000.0,2589000.0,0.03,30634000.0,0.7722208217796824,196533000.0,163200000.0,135618000.0,30716000.0,33333000.0,0.0,-83272000.0,1010195267.36,906911267.36,2.9305700547743654,4.415223336371923,0.0,0.0,0.009651084768508164,2.9305700547743654,0.00980392156862745,25.464967667254854,157.843010525,6.1899219813725495,0.0,0.0,0.0,0.2018490533396427,4.1056452663107175,0.008141126426605201,-1836.7186679272727,0.7722208217796824,11.246483428571429,-0.21957848094567856,1.3932330653008023,1.3246671818751161,0.020691033885316363,10.428571428571429,5.106132075471698,-0.3920623202455118,0.5349301652630003,0.8860129526718541,Software—Application,Technology,LPSN
2012Q2,2012,Q2,2012-08-08,2012-06-30,140000.0,38505000.0,424000.0,0.002449682815069105,30013000.0,0.7794572133489157,187698000.0,155515000.0,129801000.0,27766000.0,32183000.0,0.0,-84872000.0,1051099933.06,950523933.06,2.820013403835693,4.674818122884103,0.0,0.0,0.0019984267775721705,2.820013403835693,0.000900234704047841,27.29775180002597,1876.9641661785713,6.758833122592676,0.0,0.0,0.0,0.20514336860275548,4.327847007131024,0.0007458790184232117,-111.81914181489361,0.7794572133489157,-0.9591719530821816,-0.880403407513631,1.575389260071307,1.414549267359135,0.04081703426272715,-0.9551713096381684,-0.9132569558101473,-0.893412281758516,0.6184069293703113,0.9517321663370912,Software—Application,Technology,LPSN
2012Q1,2012,Q1,2012-05-09,2012-03-31,3123000.0,36759000.0,4888000.0,0.06,28836000.0,0.7844609483391822,178198000.0,147680000.0,133963000.0,27976000.0,30518000.0,0.0,-85012000.0,912614981.4599999,804725981.4599999,2.7137332284836586,4.788497283385759,0.0,0.0,0.01974534888413576,2.7137332284836586,0.021147074756229685,24.82698064310781,73.05595432756964,6.179678910211267,0.0,0.0,0.0,0.20628177645091414,4.49202888189877,0.017525449219407626,92.19264384887362,0.7844609483391822,-0.15759291021671828,1.581657892537117,1.5431152378134376,1.3780516202877824,0.013175924949931484,-0.19427244582043343,-0.1953909465020576,1.1432852816385954,0.609717644672808,0.944651555135922,Software—Application,Technology,LPSN
2011Q4,2011,Q4,2012-03-13,2011-12-31,3876000.0,36508000.0,6075000.0,0.07122447178766698,28461000.0,0.7795825572477265,166051000.0,137698000.0,122009000.0,25655000.0,28353000.0,0.0,-88135000.0,682964699.9000001,589686699.9000001,2.5303063251336866,4.75575911128435,0.0,0.0,0.028691691895336366,2.5303063251336866,0.028148556987029588,18.707261419414927,44.05087073658411,4.959873781028047,0.0,0.0,0.0,0.21986016344376125,4.454375365425843,0.02334222618352193,104.82957788181122,0.7795825572477265,0.42448943575333964,1.3625652144724931,1.6775832410056895,2.0245553682249358,0.09553870433811926,0.41718464351005485,0.1897767332549941,1.1417941139544305,0.6241660976954864,0.8890356983892829,Software—Application,Technology,LPSN
2011Q3,2011,Q3,2011-11-08,2011-09-30,2735000.0,34347000.0,5106000.0,0.05,25979000.0,0.7563688240603255,151182000.0,126085000.0,106408000.0,22417000.0,25097000.0,0.0,-92011000.0,528442748.79999995,447580748.79999995,2.3740428889389653,4.74675469509747,0.0,0.0,0.025496754469546877,2.3740428889389653,0.021691715905936472,15.385412082569074,48.30372475319926,4.1911626981798,0.0,0.0,0.0,0.2271897448108902,4.485747423830129,0.018090778002672277,139.87367623080993,0.7563688240603255,0.25000000000000006,7.1247757290210965,1.952664581472009,2.222666575060626,0.12142795476128809,0.24544626593806923,0.5133372851215174,4.932116604816246,0.5764612646200277,0.322563281281776,Software—Application,Technology,LPSN
2011Q2,2011,Q2,2011-08-08,2011-06-30,2196000.0,31851000.0,3374000.0,0.04,23166000.0,0.7273241028539136,143997000.0,118881000.0,98450000.0,22469000.0,25116000.0,0.0,-94745000.0,745680761.84,671302761.84,2.254285514691454,4.3815924162179005,0.0,0.0,0.017322230185585645,2.254285514691454,0.018472253766371412,23.411533761577346,84.8907971129326,6.272497386798563,0.0,0.0,0.0,0.22119210816892018,4.1000934621033425,0.015250317714952395,141.040431594477,0.7273241028539136,-0.3333333333333333,3.03959380189539,2.1681306636669615,3.3530625925612503,0.03944003230582851,-0.3203342618384401,-0.3356960031502264,11.28661324312167,0.5330765871941989,0.27984901564992715,Software—Application,Technology,LPSN
2011Q1,2011,Q1,2011-05-06,2011-03-31,3231000.0,30382000.0,5079000.0,0.06,22287000.0,0.7335593443486275,137995000.0,113039000.0,93311000.0,22555000.0,24956000.0,0.0,-96942000.0,658295788.32,591176788.32,2.1704725829195928,4.137042784305033,0.0,0.0,0.02765733252149536,2.1704725829195928,0.028583055405656456,21.667296041076956,50.93591676880223,5.82361652456232,0.0,0.0,0.0,0.2201673973694699,3.8450454444690756,0.02341389180767419,295.73036312668467,0.7335593443486275,0.13961407002188175,6.937157514021065,2.2450139220726926,3.371765259385644,0.02705069124423963,0.17833698030634573,0.23968757627532342,15.01510782091073,0.6352973101749774,0.24708830750067096,Software—Application,Technology,LPSN
2010Q4,2010,Q4,2011-03-15,2010-12-31,2742000.0,29935000.0,4097000.0,0.05264940261649098,21700000.0,0.7249039585769167,131143000.0,104643000.0,85697000.0,24097000.0,26500000.0,0.0,-100173000.0,588508101.9000001,527172101.9000001,2.0092601889122776,3.5563348134622568,0.0,0.0,0.02648131139001083,2.0092601889122776,0.026203377196754682,19.65953238349758,53.65682913019694,5.623960531521459,0.0,0.0,0.0,0.2282622785813959,3.2297381416773874,0.020908473955910722,100.47944372545673,0.7249039585769167,0.05298805232981957,0.7543845405329368,2.4807081883255853,3.4653226231714407,0.05207020265684088,-0.008318264014466547,-0.009429400386847196,0.04888610758694896,0.6410132201086641,0.13595360134691192,Software—Application,Technology,LPSN
2010Q3,2010,Q3,2010-11-08,2010-09-30,2765000.0,28221000.0,4136000.0,0.05,20626000.0,0.7308741717160979,118001000.0,95300000.0,71577000.0,20245000.0,22701000.0,0.0,-102915000.0,428202331.20000005,377845331.20000005,1.8694900556860863,3.53553963941714,0.0,0.0,0.028510434717789815,1.8694900556860863,0.02901364113326338,15.173180652705433,38.71630481012659,4.4932038950682065,0.0,0.0,0.0,0.23915899017804934,3.318251420103729,0.02343200481351853,914.9622461538463,0.7308741717160979,0.6666666666666669,1.956527938975267,2.6322760516900185,3.455514672316901,0.07315296566077004,0.7110148514851485,0.5895465026902382,0.47333903232916086,0.8599167188856636,0.48296819324113965,Software—Application,Technology,LPSN
2010Q2,2010,Q2,2010-08-06,2010-06-30,1616000.0,26398000.0,2602000.0,0.03,19220000.0,0.7280854610197742,116323000.0,93915000.0,70365000.0,20100000.0,22408000.0,0.0,-105680000.0,349322237.74,296483237.74,1.8443054303331223,3.5007462686567163,0.0,0.0,0.01728010085242383,1.8443054303331223,0.017207048927221424,13.232905437533146,54.041187769183175,3.719557448117979,0.0,0.0,0.0,0.22693706317753154,3.2571144278606967,0.01389235146961478,158.42278355555555,0.7280854610197742,-0.25000000000000006,1.9667143065954977,2.678486410557108,3.709960169730854,0.029128292996358964,-0.24344569288389514,-0.25763195435092723,0.49503417755957585,0.9121227617565101,0.5791294890798244,Software—Application,Technology,LPSN
2010Q1,2010,Q1,2010-05-10,2010-03-31,2136000.0,25308000.0,3505000.0,0.04,18676000.0,0.73794847479058,111941000.0,90613000.0,67891000.0,18962000.0,21328000.0,0.0,-107296000.0,382261225.96999997,331426225.96999997,1.81813289651968,3.5803712688534963,0.0,0.0,0.023748945601826874,1.81813289651968,0.02357277653316853,15.10436328315157,44.74031202832397,4.218613509871652,0.0,0.0,0.0,0.22608338321079854,3.3461660162430125,0.019081480422722685,-388.87205083418104,0.73794847479058,-0.3550502620511161,4.277431306742624,2.8370437216546605,3.8471604303605886,-0.0012300123001230013,-0.3089615011323196,-0.24134199134199133,0.9280469373488962,0.9118324315499854,0.5932346757912648,Software—Application,Technology,LPSN
2009Q4,2009,Q4,2010-03-11,2009-12-31,3091000.0,24768000.0,4620000.0,0.062020336851691595,18699000.0,0.7549660852713178,104281000.0,81137000.0,60958000.0,20962000.0,23144000.0,0.0,-109432000.0,347374282.27,301802282.27,1.6279987289342288,2.908024043507299,0.0,0.0,0.03839524346611222,1.6279987289342288,0.03809605975079187,14.025124445655685,28.095622959398252,4.281330123987823,0.0,0.0,0.0,0.23751210671167328,2.6637248354164678,0.029641065965995722,50.897330735531135,0.7549660852713178,0.24040673703383184,6.393741816686648,3.047676946738615,3.4962079465565954,0.11522633744855967,0.3634759594177327,0.2510154346060114,1.057257663805451,0.98351516459512,0.9459984928114346,Software—Application,Technology,LPSN
2009Q3,2009,Q3,2009-11-09,2009-09-30,2267000.0,22262000.0,3693000.0,0.05,16767000.0,0.7531668313718444,96114000.0,74536000.0,50285000.0,19512000.0,21578000.0,0.0,-112523000.0,241762636.08,205276636.08,1.5538440765333668,2.5771320213202134,0.0,0.0,0.029691244684428634,1.5538440765333668,0.030414833100783516,10.859879439403468,26.661075880017645,3.2435686927122465,0.0,0.0,0.0,0.2316207836527457,2.4050840508405082,0.023586574276380133,81.67656624324324,0.7531668313718444,1.5,3.6929078839336977,2.9552075643401827,3.412835862627093,0.09495200156729576,0.9991181657848325,1.0092491838955386,6.4562727751823035,1.1188767673421092,1.1092800773022453,Software—Application,Technology,LPSN
2009Q2,2009,Q2,2009-08-07,2009-06-30,1134000.0,20541000.0,1838000.0,0.02,15313000.0,0.7454846404751473,87532000.0,68793000.0,42071000.0,16841000.0,18739000.0,0.0,-114790000.0,190446628.0,159179628.0,1.4448772492837205,2.498129564752687,0.0,0.0,0.016098844053298367,1.4448772492837205,0.01648423531463957,9.271536341950245,41.98558818342151,2.7684012617562836,0.0,0.0,0.0,0.23466846410455605,2.321180452467193,0.012955262075583786,64.42714073071718,0.7454846404751473,-0.3333333333333333,0.2643640829650558,2.7080551448211034,3.250775787944683,-0.020532173468082386,-0.1077891424075531,-0.30273141122913505,1.3105142371251843,1.2630379058934678,1.7900818524137252,Software—Application,Technology,LPSN
2009Q1,2009,Q1,2009-05-11,2009-03-31,1271000.0,19919000.0,2636000.0,0.03,15634000.0,0.7848787589738441,84504000.0,66242000.0,39950000.0,16668000.0,18262000.0,0.0,-115924000.0,107754132.87,79745132.87,1.395485592941601,2.3968082553395726,0.0,0.0,0.01982654597989901,1.395485592941601,0.019187222608013043,5.409615586625835,21.19475469512195,1.6266739058301378,0.0,0.0,0.0,0.23571665246615545,2.228221742260619,0.015040708132159424,45.58127447969543,0.7848787589738441,1.0597241834423754,0.4177003612413745,2.8130209965148802,3.337212348383004,0.06745869179298102,1.053304814628418,1.1175788393773138,2.425622598842603,1.3341763262869295,1.8107866845242133,Software—Application,Technology,LPSN
2008Q4,2008,Q4,2009-03-13,2008-12-31,-23844000.0,19607000.0,-22419000.0,-0.5023090860496291,14646000.0,0.7469781200591625,81948000.0,63583000.0,36699000.0,16975000.0,18365000.0,0.0,-117195000.0,86393181.42,60893181.42,1.3394698296549894,2.1619440353460972,0.0,0.0,-0.37182155689012353,1.3394698296549894,-0.37500589780287186,4.406241720813995,-0.9058167822093609,1.3587465426293193,0.0,0.0,0.0,0.2392614828915898,1.9483946980854197,-0.2909650021965149,297.90752213793104,0.7469781200591625,-51.230908604962906,-67.8729362310142,3.3355571575119125,4.310021106094427,0.03512615732560605,-59.15609756097561,-48.1978947368421,-17.737954304132458,1.5012979358655625,1.9767996033664268,Software—Application,Technology,LPSN
2008Q3,2008,Q3,2008-11-07,2008-09-30,410000.0,19375000.0,475000.0,0.01,14149000.0,0.7302709677419355,103251000.0,84778000.0,34522000.0,16796000.0,18473000.0,0.0,-93351000.0,137437123.32,113664123.32,1.7950316045657466,2.055370326268159,0.0,0.0,0.005329875067728413,1.7950316045657466,0.004836160324612517,7.093528945548386,83.80312397560976,1.6211413729977118,0.0,0.0,0.0,0.18764951429041848,1.8268040009526079,0.003970905850790791,558.6874931707317,0.7302709677419355,3.4702653403141364,32.650794638881855,3.5550118109911533,7.097164755894507,0.059532724277370073,3.1465968586387434,2.084474885844749,-0.526816728764593,1.6915771554294983,3.278059477818466,Software—Application,Technology,LPSN
2008Q2,2008,Q2,2008-08-08,2008-06-30,-191000.0,18588000.0,-438000.0,-0.0040481481227147564,13354000.0,0.7184204863352701,101781000.0,83105000.0,34584000.0,17061000.0,18676000.0,0.0,-93761000.0,132581611.08,109131611.08,1.7613683232367008,2.0270793036750483,0.0,0.0,-0.0030504673715070207,1.7613683232367008,-0.00229829733469707,7.132645313105229,-173.53614015706808,1.595350593586427,0.0,0.0,0.0,0.18262740590090487,1.7651368618486607,-0.00187657814326839,39.04052151943463,0.7184204863352701,0.08548700122082363,0.8641519436712153,3.771783595966101,7.702409356090259,0.09467989179440937,0.09905660377358491,-0.7950819672131147,-1.3784363825397254,1.7954771126373097,3.498156601519112,Software—Application,Technology,LPSN
2008Q1,2008,Q1,2008-05-09,2008-03-31,-212000.0,17085000.0,-244000.0,-0.0044265615995822995,12199000.0,0.7140181445712613,99559000.0,83354000.0,30633000.0,14678000.0,16205000.0,0.0,-93570000.0,148467379.3,126925379.30000001,1.7404321489225614,2.087000953808421,0.0,0.0,-0.0038072521204925228,1.7404321489225614,-0.002543369244427382,8.689925624817091,-175.07945672169814,1.7811668222280874,0.0,0.0,0.0,0.17160678592593337,1.9613707589589862,-0.002129390612601573,-53.40553212230216,0.7140181445712613,-1.0881863560732112,-0.8216031098284755,3.8179483984045803,6.565988606591255,-0.019372990353697748,-1.0881863560732112,-1.4510166358595193,-1.5450705743540711,1.6955627165232872,3.640009462528072,Software—Application,Technology,LPSN
2007Q4,2007,Q4,2008-03-14,2007-12-31,2404000.0,16775000.0,541000.0,0.050195538138659665,12440000.0,0.7415797317436662,102488000.0,84712000.0,34092000.0,16451000.0,17776000.0,0.0,-93358000.0,255747034.01999998,229525034.01999998,1.7687871991689423,2.0723360282049725,0.0,0.0,,1.7687871991689423,0.028378505996789122,15.245724829806258,26.595989394758732,3.0190177781188026,0.0,0.0,0.0,0.1636776988525486,1.960245577776427,0.02345640465225197,77.101909562858,0.7415797317436662,0.6731846046219889,2.3759809189795855,4.039388083745156,6.659034465478107,0.30699726833368357,0.5157629255989912,-0.5763508222396241,4.984050848262603,1.8528107921736918,3.885037635058422,Software—Application,Technology,LPSN
2007Q3,2007,Q3,2007-11-09,2007-09-30,1586000.0,12823000.0,1277000.0,0.03,9518000.0,0.7422600015596974,65510000.0,54309000.0,37319000.0,10341000.0,11201000.0,0.0,-95762000.0,277438259.0,247274259.0,1.2606406962783023,3.6088386036166713,0.0,0.0,,1.2606406962783023,0.029203262810952143,21.635986820556813,43.73238634930644,5.108513487635568,0.0,0.0,0.0,0.19574110822775148,3.4768397640460305,0.02421004426805068,119.79199438687392,0.7422600015596974,0.4999999999999999,45.764856058010366,3.6895040589693235,3.7541436097033674,0.11243571762505844,0.7371303395399781,0.8216833095577746,2.6557109979711027,1.536722180720453,2.5801536064256596,Software—Application,Technology,LPSN
2007Q2,2007,Q2,2007-08-08,2007-06-30,913000.0,11661000.0,701000.0,0.02,8556000.0,0.7337278106508875,59533000.0,50234000.0,32873000.0,8509000.0,9299000.0,0.0,-97348000.0,230110503.14999998,203576503.14999998,1.1679253937609757,3.863321189328946,0.0,0.0,,1.1679253937609757,0.018174941274833777,19.733342179058397,63.00944774096385,4.580772049806903,0.0,0.0,0.0,0.19587455696840408,3.710306734046304,0.015336032116641191,164.5997876609442,0.7337278106508875,0.0,15.163631938808301,3.925746404904552,3.414530708033297,0.045965770171149146,-0.0054466230936819175,0.007183908045977011,0.12683547104480936,1.3301883850752518,2.435993603183971,Software—Application,Technology,LPSN
2007Q1,2007,Q1,2007-05-10,2007-03-31,918000.0,10969000.0,696000.0,0.02,8180000.0,0.7457379888777463,55603000.0,47127000.0,29930000.0,7772000.0,8476000.0,0.0,-98261000.0,325424418.2,301536418.2,1.141158251289454,3.8510036026762737,0.0,0.0,,1.141158251289454,0.019479279393977974,29.66764684109764,88.6232075708061,6.905264884248945,0.0,0.0,0.0,0.19727352840674064,3.698533196088523,0.016509900544934626,1286.2625225296442,0.7457379888777463,-0.3365861044176707,1.138792548733316,3.946150993507947,3.3467570432540152,0.02609131961866533,-0.26265060240963856,0.1485148514851485,0.176970940575029,1.4135308877608048,2.5467551108991646,Software—Application,Technology,LPSN
