Quarters,Year,Quarter,FillingDate,Date,NetIncome,Revenue,OperatingIncome,EPSDiluted,GrossProfit,GrossProfitRatio,TotalAssets,CommonStockEquity,CurrentAssets,CurrentLiability,TotalLiability,Inventory,RetainedEarnings,MarketCap,EnterpriseValue,bookValuePerShare,currentRatio,debtToAssets,debtToEquity,roic,shareholdersEquityPerShare,roe,priceToSalesRatio,peRatio,pbRatio,payoutRatio,inventoryTurnover,dividendYield,assetTurnover,quickRatio,returnOnAssets,priceToFreeCashFlowsRatio,grossProfitMargin,epsdilutedGrowth,fiveYNetIncomeGrowthPerShare,fiveYRevenueGrowthPerShare,fiveYShareholdersEquityGrowthPerShare,grossProfitGrowth,netIncomeGrowth,operatingIncomeGrowth,threeYNetIncomeGrowthPerShare,threeYRevenueGrowthPerShare,threeYShareholdersEquityGrowthPerShare,Industry,Sector,Symbol
2023Q1,2023,Q1,2023-04-28,2023-03-31,2158000.0,196199000.0,5875000.0,0.03,30208000.0,0.1539661262,1050137000.0,695518000.0,450417000.0,168635000.0,354619000.0,196278000.0,274185000.0,523332250.0,673976250.0,11.070720254675686,2.6709579861831765,0.15850408089611165,0.239319471243016,0.0037911410835734737,11.070720254675686,0.0031027234377830623,2.667354318829352,60.626998378127894,0.7524352353210125,0.0,0.8456933533050062,0.0,0.18683181337292182,1.3995256026329055,0.0020549699705847903,-41.913523145923435,0.1539661262289818,-0.4000000000000001,1.5684272071596541,-0.28831748799670115,-0.5606201094377847,0.07609005414648048,-0.2519930675909879,0.2510647359454855,1.0050589399736065,-0.15201988950293055,-0.17719110866197288,Oil & Gas Equipment & Services,Energy,OIS
2022Q4,2022,Q4,2023-02-17,2022-12-31,2885000.0,202434000.0,4696000.0,0.05,28072000.0,0.1386723574,1064392000.0,689558000.0,462762000.0,193676000.0,374834000.0,182658000.0,272027000.0,467577880.0,605256880.0,11.00159545614091,2.389361614242343,0.16882595885726312,0.26059736816917506,0.0063984608435272905,11.00159545614091,0.0041838395029859705,2.309779384885938,40.51801386481802,0.6780834679606357,0.0,0.9545817867271075,0.0,0.1901874497365632,1.346511699952498,0.002710467572097498,68.10047771628314,0.13867235741031644,0.6666666666666669,1.060716377026996,-0.1211948314154856,-0.5144959472822191,0.2947145097315746,0.3462435837610826,-0.0715697904310004,1.0155825289960632,-0.1947213857841397,-0.46580600657214577,Oil & Gas Equipment & Services,Energy,OIS
2022Q3,2022,Q3,2022-10-28,2022-09-30,2143000.0,189394000.0,5058000.0,0.03,21682000.0,0.1144809234,1050370000.0,674140000.0,442173000.0,194204000.0,376230000.0,181628000.0,269142000.0,243801860.0,393556860.0,10.75629447617832,2.2768480566826637,0.17408913049687252,0.2712463286557688,0.004206646747243656,10.75629447617832,0.003178864924199721,1.287273408872509,28.4416542230518,0.3616487079835049,0.0,0.9233818574228643,0.0,0.18031169968677704,1.2480741900269818,0.0020402334415491686,10.973168602034386,0.11448092336610452,1.3541912632821724,1.1136909134106434,-0.07936658074535928,-0.5390648316562531,-0.03373590623468069,1.416601866251944,5.640366972477064,1.0637579761426053,-0.3190296735297972,-0.5389518859258998,Oil & Gas Equipment & Services,Energy,OIS
2022Q2,2022,Q2,2022-07-28,2022-06-30,-5144000.0,181834000.0,-1090000.0,-0.0847,22439000.0,0.1234037639,1052303000.0,671941000.0,426134000.0,195769000.0,380362000.0,179819000.0,266999000.0,329015680.0,507984680.0,11.06913877174486,2.176718479432392,0.19121393743056894,0.29945337462664134,-0.0018546529442936344,11.06913877174486,-0.007655434033642835,1.8094288196926867,-15.990264385692068,0.48964965674069594,0.0,0.8864191214499024,0.0,0.17279623834579963,1.1576551956642778,-0.004888325890926853,-113.64963039723662,0.12340376387254309,0.470625,0.7012064757738691,-0.122145846812898,-0.5249627045987799,0.14350507058044132,0.4541595925297114,0.6707943219571126,0.483161324646394,-0.3277067294331793,-0.5368315213376962,Oil & Gas Equipment & Services,Energy,OIS
2022Q1,2022,Q1,2022-04-29,2022-03-31,-9424000.0,164044000.0,-3311000.0,-0.16,19623000.0,0.1196203458,1077965000.0,688108000.0,434539000.0,204798000.0,389857000.0,180886000.0,272143000.0,420461100.0,590452100.0,11.374061952461238,2.1217931815740387,0.1940220693621778,0.30394792677893584,-0.005622496963579381,11.374061952461238,-0.013695524539752481,2.5630995342712932,-11.153997771646859,0.6110394007917362,0.0,0.7984089426489612,0.0,0.15217933791913466,1.1397328098907216,-0.008742398871948533,-30.932178327080116,0.11962034576089342,0.5151515151515151,0.55573024920426,-0.09741747036997116,-0.5180883997169741,1.0835633892546188,0.5257171615500755,0.8097563778441738,0.3698224633593242,-0.3588403353556349,-0.5278905923472882,Oil & Gas Equipment & Services,Energy,OIS
2021Q4,2021,Q4,2022-02-22,2021-12-31,-19870000.0,161320000.0,-17404000.0,-0.33,9418000.0,0.0583808579,1085748000.0,695826000.0,426727000.0,177287000.0,389922000.0,168573000.0,281567000.0,300088600.0,455919600.0,11.524113945014905,2.4069841556346487,0.19220205793609565,0.2999068732700417,-0.0183762414934446,11.524113945014905,-0.02855598957210567,1.8602070419042895,-3.7756492199295417,0.4312695990089476,0.0,0.901105159189194,0.0,0.1485795967388381,1.3477130302842284,-0.01830074750310385,-15.066201425845968,0.05838085792214233,-0.5000000000000001,-0.5552685007125132,-0.2103654855804685,-0.5194023627078239,1.570414847161572,-0.5235393344579052,-0.07838156019579899,-0.3550779031905078,-0.4246328700917218,-0.5274992259849366,Oil & Gas Equipment & Services,Energy,OIS
2021Q3,2021,Q3,2021-11-01,2021-09-30,-13042000.0,140528000.0,-16139000.0,-0.22,3664000.0,0.02607309575315951,1091899000.0,704507000.0,422998000.0,172254000.0,387392000.0,178078000.0,301437000.0,385809030.0,530518030.0,11.66846646901966,2.4556643096822133,0.19440442751573175,0.30130289691940604,-0.013365194052703654,11.66846646901966,-0.018512236216247674,2.7454246128885345,-7.395511232939732,0.5476298035363737,0.0,0.7685620907692134,0.0,0.12870054831078698,1.3294379230670985,-0.011944328184200187,129.7709485368315,0.02607309575315951,0.12,-0.002812392888728855,-0.3469931290731686,-0.5183980593317187,-0.48990672420994014,0.14596293628446075,0.08394823475990465,-2.1724735731256626,-0.4996848598849846,-0.5248984070220192,Oil & Gas Equipment & Services,Energy,OIS
2021Q2,2021,Q2,2021-07-29,2021-06-30,-15271000.0,145724000.0,-17618000.0,-0.25,7183000.0,0.04929181191842112,1115724000.0,721934000.0,425287000.0,174341000.0,393790000.0,175049000.0,314479000.0,473488450.0,624778450.0,11.968997131820217,2.439397502595488,0.19174993098651638,0.2963428789889381,-0.014976183222097221,11.968997131820217,-0.021152903173974353,3.249213924954023,-7.7514316351254005,0.6558611313499572,0.0,0.7914412535918515,0.0,0.1306093621720067,1.3368857583700908,-0.01368707673223844,24.713630669659167,0.04929181191842112,0.03846153846153849,-0.0859490405609494,-0.31017064822024526,-0.5104539159243389,3.083570210346788,0.034092346616065784,0.10849104341665823,-6.448150657515066,-0.501288290089851,-0.5131636057947339,Oil & Gas Equipment & Services,Energy,OIS
2021Q1,2021,Q1,2021-04-29,2021-03-31,-15810000.0,125589000.0,-19762000.0,-0.26,1759000.0,0.014006003710516048,1124419000.0,732162000.0,419506000.0,161118000.0,392257000.0,174314000.0,329750000.0,362390940.0,531512940.0,12.182801424340244,2.60371901339391,0.1988893819830508,0.30544469666549207,-0.017383354998213828,12.182801424340244,-0.021593581748301605,2.8855308984067074,-5.730407020872865,0.4949600498250387,0.0,0.7103847080555779,0.0,0.11169234956008392,1.4152670713390185,-0.014060594849428905,-28.905714285714286,0.014006003710516048,0.16129032258064513,0.005622412767809718,-0.38360433168259334,-0.5094940969883157,2.284879474068663,0.1566650664106257,0.30327175292624453,-3.353391894041565,-0.5237734709118979,-0.5164833151386835,Oil & Gas Equipment & Services,Energy,OIS
2020Q4,2020,Q4,2021-02-22,2020-12-31,-18747000.0,137377000.0,-28364000.0,-0.31,-1369000.0,-0.009965278030529127,1152260000.0,757631000.0,423593000.0,162132000.0,394629000.0,170376000.0,329327000.0,300622700.0,448934700.0,12.651431911163062,2.612642784891323,0.19120944925624425,0.2908051544881347,-0.017106255131262172,12.651431911163062,-0.02474423565033638,2.1883044468870336,-4.008944097722302,0.39679302985226317,0.0,0.8143517866366154,0.0,0.11922395987016819,1.4503367626378507,-0.016269765504313263,2132.0758865248226,-0.009965278030529127,0.060606060606060656,-14.973082682668663,-0.5126466227944825,-0.498112741392047,0.8644956943482134,0.061194852020631976,0.08028534370946823,0.5870581613395591,-0.3758050507844025,-0.44168811786983286,Oil & Gas Equipment & Services,Energy,OIS
2020Q3,2020,Q3,2020-10-30,2020-09-30,-19969000.0,134759000.0,-30840000.0,-0.33,-10103000.0,-0.07497087393049814,1180786000.0,764338000.0,433303000.0,172335000.0,416448000.0,180497000.0,348074000.0,163447830.0,311293830.0,12.76641445775083,2.514306438042185,0.19270807750091887,0.2977046803900892,-0.021622021438106934,12.76641445775083,-0.026125876248465994,1.2128898997469557,-2.046269592868947,0.213842344617172,0.0,0.8025728959484091,0.0,0.11412652250280746,1.3803638262686047,-0.01691161649951812,1.9308890831551466,-0.07497087393049814,0.19512195121951212,-10.647401436898855,-0.5651912844070553,-0.4911212564477889,-0.5581431215299199,0.18910907171282385,0.0748185036299274,-0.10899810193450518,-0.3142762362288387,-0.4529259671849218,Oil & Gas Equipment & Services,Energy,OIS
2020Q2,2020,Q2,2020-07-30,2020-06-30,-24626000.0,146245000.0,-33334000.0,-0.41,-6484000.0,-0.04433655851482102,1246883000.0,778869000.0,478392000.0,153889000.0,468014000.0,198276000.0,368043000.0,284235250.0,525125250.0,13.016076471866175,3.1086822319983884,0.23635657876480792,0.3783807033018389,-0.023396289808178358,13.016076471866175,-0.03161764045044802,1.9435553352251358,-2.8855198773653865,0.3649333199806386,0.0,0.7702848554540136,0.0,0.11728847053011389,1.738805242739897,-0.01975004872149191,7.9733856036804305,-0.04433655851482102,0.9396170839469808,-4.356397843188781,-0.5422891410851053,-0.4853643406243296,-1.2934999094694912,0.9392012166669547,0.9245499114988162,-0.451099117462688,-0.2837555256650268,-0.4414089576947188,Oil & Gas Equipment & Services,Energy,OIS
2020Q1,2020,Q1,2020-05-01,2020-03-31,-405041000.0,219694000.0,-441802000.0,-6.79,22092000.0,0.10055804892259233,1312010000.0,802632000.0,514548000.0,176189000.0,509378000.0,209180000.0,392669000.0,121097619.99999999,361661620.0,13.454789284876119,2.920432036052194,0.20188260760207621,0.330004285899391,-0.36292632600599634,13.454789284876119,-0.5046409811719443,0.5512104108441741,-0.0747440506022847,0.15087564413080962,0.0,0.9446505402046085,0.0,0.16744841883827105,1.650103014376607,-0.30871792135730675,-280.3185648148148,0.10055804892259233,-1.3016949152542372,-18.63595204168788,-0.4451526130078338,-0.46061517259438023,-0.5074467136359583,-1.307242298578199,-1.5097395404323004,-18.36475028966774,0.2258750795833438,-0.42992933721954263,Oil & Gas Equipment & Services,Energy,OIS
2019Q4,2019,Q4,2020-02-21,2019-12-31,-175552000.0,238361000.0,-176035000.0,-2.95,44852000.0,0.18816836646934693,1727867000.0,1223967000.0,483429000.0,183071000.0,503900000.0,221342000.0,797710000.0,969319609.9999999,1208995610.0,20.59475694502869,2.6406640046757817,0.14362737409765913,0.20275791749287359,-0.11468009111898203,20.59475694502869,-0.14342870355164805,4.066603219486408,-1.3803881613425082,0.7919491375175964,0.0,0.8742534177878577,0.0,0.13795101127575213,1.3217822593420039,-0.10160041253175157,86.13111871334635,0.18816836646934693,-4.462962962962963,-3.6320595997619622,-0.5681123328950758,-0.19980957898512114,-0.28359448623955785,-4.508723484373038,-4.042537954740762,-12.96025532981854,0.18536794579948154,-0.1411234238386716,Oil & Gas Equipment & Services,Energy,OIS
2019Q3,2019,Q3,2019-10-28,2019-09-30,-31868000.0,263697000.0,-34910000.0,-0.54,62607000.0,0.23742022093539175,1933964000.0,1386344000.0,505402000.0,203920000.0,547620000.0,215558000.0,973262000.0,790325900.0,1040857900.0,23.33009104218905,2.4784327187132207,0.13712095985240677,0.19128513557962526,-0.01721613853132414,23.33009104218905,-0.022987079685849978,2.997098563882031,-6.199996077569977,0.5700792155482334,0.0,0.9328811735124654,0.0,0.1363505215195319,1.3291584935268732,-0.01647807301480276,22.177738803457178,0.23742022093539175,-2.375,-1.4991592230313133,-0.5008811642176381,-0.07364848147594069,0.10665865342124335,-2.2718685831622176,-4.4589523064894445,-1.4897013884434034,0.24502201537755325,-0.037078509698119454,Oil & Gas Equipment & Services,Energy,OIS
2019Q2,2019,Q2,2019-07-29,2019-06-30,-9740000.0,264685000.0,-6395000.0,-0.16,56573000.0,0.21373708370326994,1997701000.0,1419728000.0,511379000.0,191570000.0,577973000.0,210006000.0,1005130000.0,1072278300.0,1358239300.0,23.8987307679359,2.6694106592890328,0.14935518378375942,0.2101578612241218,-0.0035252507650861517,23.8987307679359,-0.006860469047592215,4.051148723954889,-27.52254363449692,0.755270234861889,0.0,0.990981210060665,0.0,0.13249480277579076,1.4399906039567782,-0.004875604507381235,59.38625941515286,0.21373708370326994,0.36,-0.10462572701555896,-0.4853344370347465,-0.0233590045109289,0.11511245146157334,0.3350628072091753,0.41005535055350556,0.2967490175057806,0.2721822667725562,-0.022513755081642304,Oil & Gas Equipment & Services,Energy,OIS
2019Q1,2019,Q1,2019-04-25,2019-03-31,-14648000.0,250611000.0,-10840000.0,-0.25,50733000.0,0.20243724337718616,2017227000.0,1427644000.0,508825000.0,179627000.0,589583000.0,207179000.0,1014870000.0,1056570139.9999999,1358894140.0,24.09200445509467,2.8326754886514833,0.15746021642581623,0.22248753891026055,-0.005929228897277634,24.09200445509467,-0.010260260961416152,4.215976712913639,-18.032668965046422,0.7400795576488256,0.0,0.964759941886002,0.0,0.12423539839591677,1.5454525210575247,-0.0072614534705315766,64.54307513744654,0.20243724337718616,-0.041666666666666706,-1.1842173051972833,-0.6574937132806895,-0.5005676869667149,-0.13359860646219004,-0.021763392857142856,-0.09054325955734406,0.06564735778677454,0.24744421940506997,-0.03000385633818265,Oil & Gas Equipment & Services,Energy,OIS
2018Q4,2018,Q4,2019-02-19,2018-12-31,-14336000.0,274118000.0,-9940000.0,-0.24,58556000.0,0.21361603397077172,2003821000.0,1439768000.0,534031000.0,181034000.0,564053000.0,209393000.0,1029518000.0,842976960.0,1155398960.0,24.389619189592086,2.949893390191898,0.16555271154459406,0.23041073284029093,-0.005899086393414273,24.389619189592086,-0.009957159764628746,3.0752338773812737,-14.7003515625,0.5854949964160893,0.0,1.0294613478005472,0.0,0.1367976480933177,1.7259299358131621,-0.007154331649383852,133.15068077712843,0.21361603397077172,-2.428571428571428,-1.1801483954319716,-0.6183664922197419,-0.4841155756669775,-0.006447672051038415,-2.5670564817118686,-1.6706072004298764,-11.839743318853609,-0.013497789268781413,-0.032454255019503046,Oil & Gas Equipment & Services,Energy,OIS
2018Q3,2018,Q3,2018-10-31,2018-09-30,-4019000.0,274594000.0,-3722000.0,-0.07,58936000.0,0.21462959860739855,2044796000.0,1449675000.0,565629000.0,185859000.0,595121000.0,210783000.0,1043854000.0,1965565799.9999998,2283715800.0,24.559939687595296,3.0433231643342533,0.1733234024323209,0.24447617569455224,-0.0010554451386301273,24.559939687595296,-0.0027723455257212823,7.158079928913231,-122.26709380442897,1.3558665218066117,0.0,1.0231280511236676,0.0,0.1342891907065546,1.8438816522202315,-0.0019654772407614257,13842.012676056336,0.21462959860739855,-2.4,-1.0223628192115666,-0.6255527081976201,-0.5005364682680336,-0.1864388062173877,-2.4657184536834427,-1.427816091954023,-2.969451081707589,-0.10132085542491798,-0.021022598686376636,Oil & Gas Equipment & Services,Energy,OIS
2018Q2,2018,Q2,2018-07-31,2018-06-30,2742000.0,285845000.0,8700000.0,0.05,72442000.0,0.25343105529220383,2025126000.0,1450653000.0,546557000.0,142874000.0,574473000.0,205057000.0,1047873000.0,1894060500.0,2214738500.0,24.58525548682315,3.8254475971835324,0.1727201171680182,0.24111899951263327,0.0029568874545746054,24.58525548682315,0.0018901832485094644,6.626180272525319,172.68968818380745,1.3056606231814225,0.0,1.0407008782923772,0.0,0.14114924207185134,2.2975418900569733,0.0013539898258182455,53.86668847050793,0.25343105529220383,1.8333333333333335,-0.9665636092334989,-0.7436556433145153,-0.4578287849528637,0.13748704581854726,1.7852233676975946,10.518599562363239,-0.6209971103773679,-0.09273052037342334,-0.027936782967708646,Oil & Gas Equipment & Services,Energy,OIS
2018Q1,2018,Q1,2018-04-27,2018-03-31,-3492000.0,253576000.0,-914000.0,-0.06,63686000.0,0.25115152853582356,2048758000.0,1456015000.0,553637000.0,131544000.0,592743000.0,204211000.0,1045131000.0,1514019400.0,1867358400.0,25.19623790818004,4.208759046402725,0.18473826581763195,0.25994512419171506,-0.0003685266938290454,25.19623790818004,-0.002398326940313115,5.970673092090734,-108.3919959908362,1.0398377763965343,0.0,0.9298715544216521,0.0,0.123770596624882,2.4745560420847776,-0.0017044472797665708,-57.15653290044924,0.25115152853582356,0.9210526315789473,-1.0324103627262269,-0.7751123901363473,-0.4592919403817688,0.48438374044378146,0.9078506399261116,0.9340500757630421,-1.156958044288764,-0.338891232262784,0.010084078436740574,Oil & Gas Equipment & Services,Energy,OIS
2017Q4,2017,Q4,2018-02-20,2017-12-31,-37895000.0,183710000.0,-13859000.0,-0.76,42904000.0,0.2335419955364433,1301511000.0,1132713000.0,455937000.0,115270000.0,168798000.0,168285000.0,1048623000.0,1414632100.0,1366454100.0,22.66015163942625,3.9553830137937016,0.004057591522468884,0.004662257782862914,-0.03129041032441812,22.66015163942625,-0.033455076440369276,7.700354362854499,-9.3325775168228,1.2488883768439138,0.0,0.8367115310336631,0.0,0.1411513233464796,2.390257655938232,-0.02911615806551001,334.82416568047336,0.2335419955364433,-1.5333333333333334,-1.4216361593695033,-0.8237152005339081,-0.4961703336380498,0.2307868843053444,-1.5211230124409554,0.2378045427047242,-1.6755038268245301,-0.6042468632457442,-0.11956055956317432,Oil & Gas Equipment & Services,Energy,OIS
2017Q3,2017,Q3,2017-10-27,2017-09-30,-15031000.0,164048000.0,-18183000.0,-0.3,34859000.0,0.21249268506778504,1329355000.0,1166277000.0,475993000.0,116511000.0,163078000.0,173447000.0,1086518000.0,1266942300.0,1220631300.0,23.335807755412382,4.0853910789539185,0.01470863689533646,0.01676531390055707,-0.012098624565497531,23.335807755412382,-0.01288801888402155,7.722997537306155,-21.07215587785244,1.0863133715232316,0.0,0.7448327154692788,0.0,0.12340420730354194,2.521452910025663,-0.011306987223127006,52.03048459958932,0.21249268506778504,-0.07142857142857129,-1.156400368690357,-0.8360579288843893,-0.47143414881907975,-0.11869848814279213,-0.05510318685946933,0.017453798767967144,-1.279928983580604,-0.6308138402956099,-0.07342149196416278,Oil & Gas Equipment & Services,Energy,OIS
2017Q2,2017,Q2,2017-07-31,2017-06-30,-14246000.0,171402000.0,-18506000.0,-0.28,39554000.0,0.23076743561918764,1347828000.0,1170487000.0,466277000.0,100778000.0,177341000.0,169622000.0,1101549000.0,1363798800.0,1342219800.0,23.301620480968307,4.6267737006092595,0.037756301249120806,0.043476775051751966,-0.01118578117644033,23.301620480968307,-0.012171002326382095,7.9567262925753495,-23.933012775515934,1.1651550166725473,0.0,0.7773048307412953,0.0,0.12716904530845183,2.833386254936593,-0.010569597901215881,231.3483969465649,0.23076743561918764,0.19999999999999987,-1.1316545636073563,-0.8385133450850961,-0.4590612374447483,0.21499001689448624,0.19413960855300375,0.20656834162236323,-0.9107284837945838,-0.6058500226742357,-0.04776040016425801,Oil & Gas Equipment & Services,Energy,OIS
2017Q1,2017,Q1,2017-04-27,2017-03-31,-17678000.0,151467000.0,-23324000.0,-0.35,32555000.0,0.21493130516878264,1344984000.0,1189964000.0,458520000.0,103563000.0,155020000.0,179047000.0,1115795000.0,1671356700.0,1632331700.0,23.601967551271372,4.427449957996582,0.019462685057963516,0.0219981444816818,-0.013943124248440601,23.601967551271372,-0.014855911607409972,11.034460971696806,-23.63611126824301,1.4045439189757,0.0,0.6641384664361871,0.0,0.11261620956085723,2.60168206792001,-0.013143650779488827,64.92975020395478,0.21493130516878264,-0.6666666666666666,-1.1335122814098921,-0.8594100090102191,-0.43156046617744515,-0.2625271837622327,-0.6634986355509551,-0.4229760234274907,-1.2613043255541871,-0.7566968019849054,-0.5107262549183486,Oil & Gas Equipment & Services,Energy,OIS
2016Q4,2016,Q4,2017-02-17,2016-12-31,-10627000.0,169934000.0,-16391000.0,-0.21,44144000.0,0.2597714406769687,1383898000.0,1204307000.0,489977000.0,107232000.0,179591000.0,175490000.0,1133473000.0,1958736000.0,1935862000.0,23.978715355208664,4.569316994926887,0.0331859717984996,0.03813479453328761,-0.00815140157102425,23.978715355208664,-0.008824161945417573,11.52645144585545,-46.0792321445375,1.62644242705556,0.0,0.7167929796569605,0.0,0.12279373190798744,2.832577961802447,-0.007679034148470479,54.89884806188514,0.2597714406769687,0.0454545454545455,-1.1149548045586897,-0.8259584447308328,-0.3740366423849591,0.020906567992599445,0.01765575892031799,-0.04895686676052732,-1.1569601067810829,-0.7219227730822141,-0.49280693269101755,Oil & Gas Equipment & Services,Energy,OIS
2016Q3,2016,Q3,2016-10-28,2016-09-30,-10818000.0,179006000.0,-15626000.0,-0.22,43240000.0,0.2415561489559009,1435127000.0,1216801000.0,515113000.0,115273000.0,218326000.0,193329000.0,1144100000.0,1585508540.0,1598596540.0,24.22844570108717,4.468635326572572,0.046600753800883125,0.054962150754313974,-0.00782027568977757,24.22844570108717,-0.008890525237898392,8.857292716445258,-36.64051904233685,1.3030138371023694,0.0,0.7022536712029752,0.0,0.12473181815964719,2.698090619659417,-0.007538008831274166,78.6189586948976,0.2415561489559009,0.04347826086956525,-1.1202213428216976,-0.7975673124128153,-0.31374673438665385,0.09609876042485234,0.07585853408508457,0.08944700192296486,-1.070746486054998,-0.7131092219628618,-0.5072779000205261,Oil & Gas Equipment & Services,Energy,OIS
2016Q2,2016,Q2,2016-07-28,2016-06-30,-11706000.0,175849000.0,-17161000.0,-0.23,39449000.0,0.2243345142707664,1482836000.0,1227593000.0,537112000.0,127383000.0,255243000.0,202269000.0,1154918000.0,1650904800.0000002,1683071800.0000002,24.449173471420035,4.216512407464104,0.05673183008775077,0.0685275983163801,-0.008440898920754326,24.449173471420035,-0.009535733748889086,9.388195554140202,-35.25766273705792,1.3448307378748494,0.0,0.6743495048672807,0.0,0.11858964848439073,2.502531735003886,-0.007894332212058515,96.14494205346224,0.2243345142707664,0.11538461538461538,-1.1608776149345332,-0.7812738025131796,-0.323191688398686,-0.03405974534769834,0.11579424427826875,0.14643123601094254,-1.16774865811875,-0.8146760033932973,-0.46082976054478764,Oil & Gas Equipment & Services,Energy,OIS
2016Q1,2016,Q1,2016-04-28,2016-03-31,-13239000.0,169655000.0,-20105000.0,-0.26,40840000.0,0.24072382187380273,1516242000.0,1242904000.0,549447000.0,131674000.0,273338000.0,215499000.0,1166624000.0,1577323840.0,1623941840.0,24.837216737940132,4.172782781718486,0.05914755032508003,0.07215521070010233,-0.009396492736437384,24.837216737940132,-0.010651667385413515,9.297243464678317,-29.785554800211493,1.269063290487439,0.0,0.5977521937456787,0.0,0.11189176925583119,2.4099518507829942,-0.008731455796634046,33.883779940280554,0.24072382187380273,-14.000000000000002,-1.2170774143031386,-0.7729134995927142,-0.2697584280755147,-0.41449707535267805,-12.862903225806452,-4.421545268890402,-1.141892790210643,-0.8262521114519937,-0.46699648901437496,Oil & Gas Equipment & Services,Energy,OIS
2015Q4,2015,Q4,2016-02-22,2015-12-31,1116000.0,234474000.0,5876000.0,0.02,69752000.0,0.29748287656627176,1599138000.0,1255672000.0,611473000.0,154200000.0,343466000.0,212882000.0,1179863000.0,1357404250.0,1450518250.0,25.207716861060366,3.9654539559014266,0.08072286444321879,0.10280312056014627,0.0010133072114458736,25.207716861060366,0.0008887671302696883,5.789146131340789,304.07801299283153,1.0810181719429914,0.0,0.7737713850865738,0.0,0.14662524435039379,2.3960246433203634,0.0006978759806845938,-70.9568348144276,0.29748287656627176,-0.3333333333333333,-0.9740362337011554,-0.6558924163318666,-0.2112687919112217,-0.007738704904973256,-0.3545401966454598,-0.11585916340656034,-0.9875395276153539,-0.7742170535861155,-0.4395273351235119,Oil & Gas Equipment & Services,Energy,OIS
2015Q3,2015,Q3,2015-10-30,2015-09-30,1729000.0,258886000.0,6646000.0,0.03,70296000.0,0.27153264371190405,1648338000.0,1254643000.0,648008000.0,184945000.0,393695000.0,226394000.0,1178747000.0,1306787430.0,1381198430.0,25.087340785027294,3.503787612533456,0.0971439110182499,0.1276267432249652,0.001416165906416519,25.087340785027294,0.0013780812549864783,5.047733094875737,188.95133458646615,1.041561169193149,0.0,0.8330167760629699,0.0,0.15705880711358958,2.1834815756035577,0.00104893535185138,175.54909054271897,0.27153264371190405,-0.75,-0.962491496163771,-0.557592962159692,-0.1796712489585327,-0.05761857522052712,-0.7203622836810609,-0.2381934892251261,-0.982021302507837,-0.741451884439503,-0.4317611897180529,Oil & Gas Equipment & Services,Energy,OIS
2015Q2,2015,Q2,2015-07-30,2015-06-30,6183000.0,269258000.0,8724000.0,0.12,74594000.0,0.27703540841869134,1680984000.0,1275391000.0,658122000.0,195179000.0,405593000.0,240586000.0,1177018000.0,1877397209.9999998,1945322209.9999998,25.291827790667696,3.3718893938384764,0.09361005220751654,0.12337941854693972,0.0049321687698823955,25.291827790667696,0.004847925067685125,6.972484420147219,75.90963973799126,1.4720169814590192,0.0,0.8091243879527487,0.0,0.1601788000361693,2.0250949128748483,0.003678202766950786,24.477147457627115,0.27703540841869134,-0.6842105263157895,-0.8359381546269194,-0.5496330162277399,-0.12959895273928113,-0.2513348588863463,-0.6840249386753884,-0.7415876777251185,-0.9430806984195096,-0.7472991474664911,-0.41285928851950054,Oil & Gas Equipment & Services,Energy,OIS
2015Q1,2015,Q1,2015-04-30,2015-03-31,19568000.0,337358000.0,33760000.0,0.38,99636000.0,0.29534204020654614,1745388000.0,1267839000.0,726269000.0,211925000.0,477549000.0,237862000.0,1170834000.0,2021350020.0000002,2155564020.0,24.944693660724827,3.4270095552671935,0.11817601587727199,0.16268863791064953,0.013607709031943442,24.944693660724827,0.01543413635327514,5.991706199349061,25.824688522076862,1.594327055722375,0.0,0.9994114234303925,0.0,0.19328538983882093,2.1195281349534034,0.01121126076264991,26.468200709712058,0.29534204020654614,-0.6513761467889908,-0.5226511397515787,-0.37787502987072613,-0.13478733261951137,-0.39477360805705053,-0.665269676183308,-0.6323681545447616,-0.8533999194375805,-0.689381674251892,-0.39922169602825985,Oil & Gas Equipment & Services,Energy,OIS
2014Q4,2014,Q4,2015-02-23,2014-12-31,58459000.0,483733000.0,91831000.0,1.09,164626000.0,0.3403241044129716,1809612000.0,1340657000.0,826666000.0,271412000.0,468955000.0,232490000.0,1151266000.0,2547201000.0,2641303000.0,25.73732002303705,3.0457975329020086,0.08143458376712798,0.1099199869914527,0.03957984906374762,25.73732002303705,0.04360474006401339,5.265716831392524,10.89310884551566,1.8999647187908615,0.0,1.3725622607423975,0.0,0.2673131035824254,2.0278653854656388,0.03230471504388786,12.805217198960381,0.3403241044129716,0.038095238095238126,0.40367336339432486,-0.12361228932138016,-0.0699995076435229,0.0005530738140821102,0.027037947997189036,0.0023905165262192727,-0.3902879618782844,-0.5223218985712792,-0.32812834136531255,Oil & Gas Equipment & Services,Energy,OIS
2014Q3,2014,Q3,2014-10-31,2014-09-30,56920000.0,471032000.0,91612000.0,1.05,164535000.0,0.34930747804820056,1803469000.0,1334272000.0,845768000.0,255101000.0,469023000.0,247092000.0,1080955000.0,3279400100.0,3388145100.0,25.184922327714755,3.3154240869302747,0.0990008699900026,0.13381454456062933,0.039094820513569696,25.184922327714755,0.0426599673829624,6.9621598957183375,14.403549279690793,2.457819769882003,0.0,1.2404165250190213,0.0,0.2611810904429186,2.259136577277235,0.031561396397720175,94.95324145119727,0.34930747804820056,8.0,1.0070952868154484,-0.03210282926955167,-0.05603166496970656,0.08461492824606623,8.223350253807107,0.3563106077429862,-0.4003611867050802,-0.4950437959668806,-0.28665522316864106,Oil & Gas Equipment & Services,Energy,OIS
2014Q2,2014,Q2,2014-08-01,2014-06-30,-7880000.0,459607000.0,67545000.0,-0.15,151699000.0,0.33006242289608295,1765543000.0,1299130000.0,831124000.0,235681000.0,466229000.0,247905000.0,1021105000.0,3402538100.0,3526531100.0,24.470333396119795,3.5264785875823677,0.10698578284414484,0.14539576485802036,0.028989138459773998,24.470333396119795,-0.006065597746183985,7.4031468189126794,-107.94854378172589,2.6190897754651195,0.0,1.2420402976946814,0.0,0.26032047930863195,2.2299591396845737,-0.004463216132374007,989.1099127906976,0.33006242289608295,-1.1136363636363635,0.8840820187384214,-0.059396992279292606,-0.040450044160540134,-0.37354845636697004,-1.1102036249720295,-0.40563871069929514,-1.1024214247387736,-0.45933901596576987,-0.32260593391801223,Oil & Gas Equipment & Services,Energy,OIS
2014Q1,2014,Q1,2014-05-02,2014-03-31,71504000.0,657982000.0,113643000.0,1.32,242156000.0,0.36802830472566117,4046087000.0,2570548000.0,1399452000.0,344103000.0,1473358000.0,271378000.0,2391957000.0,5254196800.0,5772414800.0,48.238777961267076,4.066956696105526,0.24050174897376156,0.37855391146168055,0.023171272181797296,48.238777961267076,0.027816636763834016,7.985319963160086,18.370289773998657,2.0439987115587805,0.0,1.5322760135309421,0.0,0.16262181213602178,3.1557353466839873,0.017672383218650514,2788.8518046709128,0.36802830472566117,-0.01492537313432837,0.18379274571241896,-0.08346452598134024,0.8640509061076286,-0.07947875802086184,-0.04411528795251591,-0.14317057723626275,0.10101955623408826,-0.17292688274026807,0.4182732879381937,Oil & Gas Equipment & Services,Energy,OIS
2013Q4,2013,Q4,2014-02-25,2013-12-31,74804000.0,675178000.0,132632000.0,1.34,263064000.0,0.3896216997591746,4131261000.0,2623417000.0,1525907000.0,373836000.0,1505967000.0,266552000.0,2320453000.0,5644442800.0,6018357800.0,47.27729320598306,4.0817551011673565,0.235574803915802,0.3709745724755157,0.02580775932204074,47.27729320598306,0.028513957178748175,8.35993293620349,18.864107534356453,2.151561417799763,0.0,1.5460923196974699,0.0,0.16343145591624447,3.2624974587787157,0.01810682016943495,2082.820221402214,0.3896216997591746,-0.5548172757475083,8.502067104521414,-0.331338835955236,0.920461994187549,0.04944349144293294,-0.5540479313222845,0.08735253367438124,0.5622707135154832,-0.11050029649531788,0.4792722717036198,Oil & Gas Equipment & Services,Energy,OIS
2013Q3,2013,Q3,2013-11-01,2013-09-30,167740000.0,684456000.0,121977000.0,3.01,250670000.0,0.36623245321832226,4273472000.0,2709019000.0,1683042000.0,403544000.0,1562894000.0,256665000.0,2245649000.0,5699818320.0,5931175320.0,49.172638495607345,4.170653014293361,0.2357184041453881,0.3718453063636689,0.024320137462446375,49.172638495607345,0.0619190932215684,8.327516041936954,8.495019554071776,2.1040156307504674,0.0,1.6900862992616834,0.0,0.16016391355787518,3.449807208135916,0.03925145642699893,52.54305736594179,0.36623245321832226,1.181159420289855,0.7030015865214111,-0.2404846306757234,0.9127386072318688,-0.02540395950296263,1.1919634106501142,-0.03645570020222447,2.303302806082994,0.06178355946062951,0.6078917836755994,Oil & Gas Equipment & Services,Energy,OIS
2013Q2,2013,Q2,2013-07-31,2013-06-30,76525000.0,1040548000.0,126592000.0,1.38,257204000.0,0.2471812929341078,4272529000.0,2496792000.0,1728196000.0,482502000.0,1774193000.0,698587000.0,2077909000.0,5158114480.0,6098740480.0,45.34592542816149,3.5817385212911033,0.2730193288331103,0.4671927016747891,0.02447474410988601,45.34592542816149,0.030649329219254146,4.957113444069855,16.851076380267887,2.065896750710512,0.0,1.12132633444367,0.0,0.2435438121075363,1.9992476715122425,0.01791093752669672,702.0708425207567,0.2471812929341078,-0.2540540540540541,0.14656923879462933,0.4856234140797146,0.8449891683697983,-0.07179744423473199,-0.2511424908747517,-0.21365079167883122,0.8596478880583988,0.5939661176523423,0.5605491745535981,Oil & Gas Equipment & Services,Energy,OIS
2013Q1,2013,Q1,2013-04-25,2013-03-31,102189000.0,1069440000.0,160987000.0,1.85,277099000.0,0.25910663524835426,4469020000.0,2553976000.0,1826226000.0,506382000.0,1913800000.0,680494000.0,2001384000.0,4324899280.0,5270838280.0,46.5985987447088,3.6064196594665687,0.2846055734814344,0.49801094450378547,0.0303934469261555,46.5985987447088,0.040011730728871375,4.044078470975464,10.580638033447826,1.6933985597358785,0.0,1.164361478572919,0.0,0.2393007863021423,2.214383607632183,0.02286608697208784,38.88878250548502,0.25910663524835426,0.03932584269662925,0.3863549386535869,0.6039095132239463,1.0130749114839863,-0.004533681083197718,0.037251697642079196,0.032305433186490456,1.3117218459092947,0.8288792016157721,0.6162835456898157,Oil & Gas Equipment & Services,Energy,OIS
2012Q4,2012,Q4,2013-02-20,2012-12-31,98519000.0,1142336000.0,155949000.0,1.78,278361000.0,0.24367699170821894,4439962000.0,2464405000.0,1826092000.0,518532000.0,1974162000.0,701496000.0,1899195000.0,3919962760.0000005,4977075760.0,44.97581852027594,3.521657294053212,0.2951117599655132,0.5316841184789026,0.02904954068248914,44.97581852027594,0.039976789529318435,3.4315321936803187,9.947225306793614,1.5906325299615933,0.0,1.231617856694835,0.0,0.257285084872348,2.0942911912861693,0.022189153871136735,111.87108333333335,0.24367699170821894,-0.048128342245989345,0.8435726971045228,0.7734817347988816,1.0489856013070082,0.04396206106383537,-0.050803530137197475,0.010523246395593714,1.2488268795598652,0.9674593984528871,0.625170504565085,Oil & Gas Equipment & Services,Energy,OIS
2012Q3,2012,Q3,2012-11-02,2012-09-30,103792000.0,1080673000.0,154325000.0,1.87,266639000.0,0.24673421099629583,4251539000.0,2382958000.0,1800991000.0,572532000.0,1867365000.0,807317000.0,1800676000.0,4257547999.9999995,5280769000.0,44.14929133858268,3.1456599805775047,0.27913938928938437,0.498024723893581,0.03179762320746599,44.14929133858268,0.043555950209781286,3.9397190454466795,10.255000385386158,1.7866651447486694,0.0,1.0083201518114941,0.0,0.25418395550411277,1.702648934906695,0.02441280675068487,67.7187892669116,0.24673421099629583,-0.06965174129353219,0.8918406406224764,0.8851419060540228,1.0738646062305426,-0.01943557758785543,-0.06690400417138645,-0.08823703178541888,2.5923453908220258,1.1796372158719983,0.6547810827189804,Oil & Gas Equipment & Services,Energy,OIS
2012Q2,2012,Q2,2012-08-03,2012-06-30,111234000.0,1091088000.0,169260000.0,2.01,271924000.0,0.2492227941284296,4009689000.0,2224329000.0,1701186000.0,519721000.0,1784120000.0,733803000.0,1696884000.0,3418369400.0,4466832400.0,43.076263144644344,3.273267772516408,0.2900110208048554,0.5227886702012158,0.03568729451062708,43.076263144644344,0.05000789001986666,3.1329914727318053,7.682833935667152,1.5368092579829693,0.0,1.1163268615691133,0.0,0.27211287458952554,1.8198514202812663,0.0277413036272888,39.968307084312556,0.2492227941284296,-0.17283950617283964,1.0348834002176694,1.0880370442297653,1.1817902696459295,-0.10313824436418806,-0.1764409728649169,-0.1712974976376642,2.6823403800951793,1.2957850873870966,0.6891403042643728,Oil & Gas Equipment & Services,Energy,OIS
2012Q1,2012,Q1,2012-04-30,2012-03-31,135065000.0,1098992000.0,204247000.0,2.43,303195000.0,0.27588462882350373,3947765000.0,2135406000.0,1665126000.0,513923000.0,1810818000.0,727824000.0,1585651000.0,4014625800.0,5145535800.0,41.52062998250049,3.240030121243844,0.3043648748089109,0.5626850350706142,0.04392935758200251,41.52062998250049,0.06325026716231012,3.6530073012360416,7.430914374560397,1.8800292778047827,0.0,1.0933920838004791,0.0,0.27838333842060003,1.7777390776439272,0.03421302939764652,-117.43822729267222,0.27588462882350373,0.4127906976744187,1.4663497682007216,1.190963216065835,1.2938489066160355,0.19572890580324573,0.43256401009736745,0.33391022668643344,1.3168667462482908,0.5861442934385678,0.6044471110604115,Oil & Gas Equipment & Services,Energy,OIS
2011Q4,2011,Q4,2012-02-17,2011-12-31,94282000.0,995801000.0,153119000.0,1.72,253565000.0,0.2546342090437748,3703641000.0,1962156000.0,1489659000.0,474949000.0,1740369000.0,653698000.0,1450586000.0,3911824140.0,5017043140.0,38.30689937917301,3.1364609673880777,0.31777918000151745,0.5998197900676603,0.03355399228135942,38.30689937917301,0.048050205997892115,3.9283191521197507,10.372669597590209,1.993635643649129,0.0,1.1354417483302688,0.0,0.26887082198301615,1.6927312195625215,0.025456570979746688,-31.680332852815887,0.2546342090437748,0.02994011976047907,0.8371864688736185,0.977711336572801,1.2472296003185095,0.0709519103249622,0.026466777716083658,0.0599111197253295,11.974189927009512,0.06836233425757772,0.5560735267212444,Oil & Gas Equipment & Services,Energy,OIS
2011Q3,2011,Q3,2011-11-04,2011-09-30,91851000.0,902621000.0,144464000.0,1.67,236766000.0,0.2623094299822406,3437012000.0,1809896000.0,1328844000.0,607609000.0,1626263000.0,602830000.0,1356304000.0,2610362880.0,3589509880.0,35.30539950062422,2.1870051299437634,0.31946295212236675,0.6066635873000438,0.03558001737108861,35.30539950062422,0.05074932482308376,2.8919811083500164,7.104884214651991,1.442272307359097,0.0,1.104548546024584,0.0,0.2626179367427289,1.149258816113652,0.026724084757341553,-180.36087058660954,0.2623094299822406,0.2462686567164178,0.780413248498715,0.8264538337434586,1.1851499466303372,0.1632463557352645,0.2371671403364627,0.2544306765193682,0.0021629701072665214,0.07639708702064568,0.3733247337260788,Oil & Gas Equipment & Services,Energy,OIS
2011Q2,2011,Q2,2011-08-02,2011-06-30,74243000.0,820317000.0,115163000.0,1.34,203539000.0,0.24812237220489153,3425054000.0,1850680000.0,1297357000.0,576796000.0,1573332000.0,592679000.0,1264453000.0,4093869210.0,5047871210.0,36.124221662665185,2.249247567597556,0.314536938687682,0.582113601487021,0.028338953111355217,36.124221662665185,0.04011660578814274,4.99059413616931,13.78537104508169,2.212089183435278,0.0,1.0406611335984572,0.0,0.23950483700402972,1.1636367103794063,0.02167644656113451,-53.01497274057575,0.24812237220489153,0.18584070796460195,0.5865023102521517,0.7139393115943714,1.3647323785981882,0.09404277505737921,0.19598240894373117,0.2151072001350553,0.19553892768924908,0.2587503084368163,0.469785808848341,Oil & Gas Equipment & Services,Energy,OIS
2011Q1,2011,Q1,2011-04-28,2011-03-31,62077000.0,760441000.0,94776000.0,1.13,186043000.0,0.2446514588245505,3166756000.0,1732452000.0,1174602000.0,547655000.0,1432980000.0,531620000.0,1190210000.0,3878267040.0,4746779040.0,34.01232919742422,2.1447845815339948,0.3048813991352665,0.5572939394569085,0.025548000021593215,34.01232919742422,0.03583187297541288,5.100023591573836,15.61877603621309,2.2385999958440403,0.0,1.0804672510439788,0.0,0.24013248889399752,1.1248285873405703,0.019602710155124044,-68.76725783286345,0.2446514588245505,0.3095576993083363,0.13332531571087664,0.4804457919930482,1.4128506731716353,0.2650908818909417,0.41238168911539863,0.4013070349232635,-0.09380821077424358,0.22717947057578722,0.46934389515829716,Oil & Gas Equipment & Services,Energy,OIS
2010Q4,2010,Q4,2011-02-22,2010-12-31,43952000.0,696759000.0,67634000.0,0.8628867598555049,147059000.0,0.2110615004614221,3015999000.0,1627906000.0,1100004000.0,554175000.0,1387066000.0,501435000.0,1128133000.0,3264488240.0,4081045240.0,31.959831945971416,1.9849397753417242,0.3026880977082552,0.5607860650430676,0.018893100375579862,31.959831945971416,0.026999101913746864,4.685247323680067,18.56848516563524,2.0053296934835303,0.0,1.0962537517325277,0.0,0.23102096519262771,1.0377389813687012,0.014572949128961912,200.96578675203153,0.2110615004614221,-0.01944686380056263,0.026494178145042502,0.5055918343781263,1.480629496008356,0.052338187412787576,-0.05165494325292366,-0.03915328881943458,-0.11523673349421658,0.16365331802822597,0.45600986556732026,Oil & Gas Equipment & Services,Energy,OIS
2010Q3,2010,Q3,2010-11-05,2010-09-30,46346000.0,588347000.0,70390000.0,0.88,139745000.0,0.23752139468714892,2088909000.0,1537727000.0,1048741000.0,465760000.0,550334000.0,504773000.0,1084181000.0,2340627100.0,2371867100.0,30.582057197406627,2.2516768292682925,0.0812002820611142,0.11030566543996431,0.028562632331477083,30.582057197406627,0.030139290004012415,3.978310588819183,12.625831247572606,1.5221343580492506,0.0,0.8887202762429844,0.0,0.2816527670664447,1.1079182411542425,0.022186701287609942,103.45313149171271,0.23752139468714892,0.23943661971830993,0.4878983745874141,0.452450437360455,1.5296797437957346,0.11751299480207916,0.23665181311204206,0.21881114400983498,-0.09319681932290882,0.10170012157519867,0.43655864192758503,Oil & Gas Equipment & Services,Energy,OIS
2010Q2,2010,Q2,2010-08-05,2010-06-30,37477000.0,594532000.0,57753000.0,0.71,125050000.0,0.21033350601817902,1995013000.0,1457126000.0,982446000.0,459497000.0,537188000.0,471719000.0,1037835000.0,1984778680.0,2049716680.0,29.057671598931123,2.1380901289888725,0.08415283509430765,0.11521721525798044,0.02466124250874704,29.057671598931123,0.025719807346790875,3.3383883121514066,13.23997838674387,1.3621187735309093,0.0,0.9952577699859451,0.0,0.29800908565508094,1.0582375945871245,0.018785341248402893,59.012835013231054,0.21033350601817902,-0.08974358974358981,0.4931816800467563,0.6421594890825025,1.6106512096702343,-0.0062383279691659715,-0.06873245036403847,-0.03431151241534989,-0.2940214607806179,0.17159729778333235,0.47175591671528305,Oil & Gas Equipment & Services,Energy,OIS
2010Q1,2010,Q1,2010-04-30,2010-03-31,40243000.0,532345000.0,59805000.0,0.78,125835000.0,0.2363786642121181,1983096000.0,1438537000.0,961493000.0,458406000.0,543526000.0,471306000.0,1000358000.0,2262284640.0,2358025640.0,28.83070787237454,2.0974703646985424,0.08727111546793499,0.12030764589301492,0.026217745491664998,28.83070787237454,0.027974949549438074,4.249658849054654,14.053901548095322,1.5726287471229452,0.0,0.8625181941244118,0.0,0.2684413664290584,1.0343821852244517,0.02029301657610121,-94.5375946510656,0.2363786642121181,-0.02441831900333393,0.5840846203965215,0.5964136220399037,1.5612364636738396,0.01265058786605828,0.008773469029654325,0.021836075657388897,-0.24255171673571377,0.09391739381340836,0.5927814139112427,Oil & Gas Equipment & Services,Energy,OIS
2009Q4,2009,Q4,2010-02-22,2009-12-31,39893000.0,528714000.0,58527000.0,0.7995230078563412,124263000.0,0.23502876791611343,1932386000.0,1380848000.0,925568000.0,315223000.0,550320000.0,423077000.0,960115000.0,1960413840.0,2035209840.0,27.67452300785634,2.9362324449675308,0.08514758438531432,0.11915721353834745,0.02732135566449015,27.67452300785634,0.02889021818476762,3.7078909202328667,12.28545007896122,1.4197173331170412,0.0,0.9559749170954697,0.0,0.2736068259654127,1.5086399152346117,0.02064442611362326,35.79814546317769,0.23502876791611343,0.5085339770874362,1.5559315361534798,0.7956500988781561,1.5934030973639242,0.2151909875022003,0.5009217803529102,0.518604047742605,-0.2019833562718295,0.07795828822910991,0.6234936339369425,Oil & Gas Equipment & Services,Energy,OIS
2009Q3,2009,Q3,2009-11-04,2009-09-30,26579000.0,456103000.0,38540000.0,0.53,102258000.0,0.22419935847823846,1906596000.0,1324734000.0,921864000.0,320108000.0,580901000.0,485304000.0,920222000.0,1744309890.0000002,1876131890.0000002,26.67983807624917,2.8798530495957615,0.10128155099454735,0.14576737669600084,0.01920883011142825,26.67983807624917,0.020063650513989978,3.824377147267175,16.406842714172843,1.316724633020667,0.0,0.7291203039744161,0.0,0.2392237264737784,1.3208979469429067,0.013940551642823125,31.391676384839656,0.22419935847823846,1.4140625,0.704917684068115,0.8043463114026292,1.607876345774485,0.08047167219627649,1.4186592319566518,1.6094629641343539,-0.46808460240159566,-0.04713101492711922,0.6512898189239055,Oil & Gas Equipment & Services,Energy,OIS
2009Q2,2009,Q2,2009-07-30,2009-06-30,-63486000.0,456334000.0,-63236000.0,-1.28,94642000.0,0.2073963368935911,1857820000.0,1264409000.0,895529000.0,286862000.0,592628000.0,502999000.0,893643000.0,1200356010.0,1388078010.0,25.501885803029385,3.121811184471976,0.13124037850814396,0.19283396432641653,-0.03985017073136048,25.501885803029385,-0.05021001906819708,2.6304329942542086,-4.726853203855969,0.9493415579927066,0.0,0.7190710120696066,0.0,0.24562874767200266,1.3099992330807149,-0.034172309481004616,7.826282053789731,0.2073963368935911,-2.132743362831859,-6.187956404160904,1.0400803483894918,1.5996068704283244,-0.3556903512175861,-2.131093215507412,-1.7448555308196991,-2.401782753623917,-0.014823355682149458,0.66938226757874,Oil & Gas Equipment & Services,Energy,OIS
2009Q1,2009,Q1,2009-05-08,2009-03-31,56128000.0,667098000.0,84897000.0,1.13,146889000.0,0.22019103639944956,2086286000.0,1281424000.0,1048925000.0,347998000.0,804236000.0,575195000.0,957129000.0,664518140.0,1006056140.0,25.87846598138013,3.014169621664492,0.18304201820843355,0.2980106506511506,0.0351856272781269,25.87846598138013,0.043801271085916915,0.9961327121352485,2.959833505558723,0.5185778789846296,0.0,0.9044045932249063,0.0,0.31975385925036165,1.3106540842188747,0.026903310476128393,10.21753986192475,0.22019103639944956,6.965012099644127,2.446691727112064,2.241445834808721,1.693916581980194,-0.26170107963569833,6.989750889679716,0.7017860364423597,0.054080911284770675,0.33594056185196247,0.8358305807692524,Oil & Gas Equipment & Services,Energy,OIS
2008Q4,2008,Q4,2009-02-20,2008-12-31,7025000.0,901056000.0,49887000.0,0.14187046872791162,198956000.0,0.22080314653029334,2299247000.0,1218993000.0,1237484000.0,536505000.0,1080254000.0,612488000.0,913423000.0,925472730.0000001,1375164730.0,24.617666659934972,2.306565642445084,0.20871659286714303,0.3936782245673273,0.00433228561705565,24.617666659934972,0.005762953519831533,1.0270979051246538,32.93497259786477,0.7592108650336795,0.0,1.1463081725682789,0.0,0.39189178022195964,1.12987017828352,0.0030553481204933616,-10.37537113644772,0.22080314653029334,-0.9165467831012285,-0.2720674404038047,3.529518531067251,1.657464542355481,-0.03154267022332989,-0.9211161641682106,-0.6474666101335594,-0.8312302181756781,1.0028432370400961,0.9107519133007775,Oil & Gas Equipment & Services,Energy,OIS
2008Q3,2008,Q3,2008-10-31,2008-09-30,89055000.0,814790000.0,141510000.0,1.7,205436000.0,0.25213367861657604,2220961000.0,1280540000.0,1034989000.0,636588000.0,940421000.0,463086000.0,906398000.0,1760818850.0,2121712850.0,25.70797614984642,1.6258380616662582,0.1875381872982011,0.32526512252643414,0.05242470658371032,25.70797614984642,0.06954487950395927,2.161070766700622,4.943065661669754,1.3750596232839272,0.0,1.315854938391573,0.0,0.36686371350059727,0.8772204314250347,0.04009750734029098,37.648468035065214,0.25213367861657604,0.4912280701754387,6.6590490880302555,3.4828608498423983,1.8682828655129189,0.3433423353320822,0.4802287119990692,0.5547132498352011,1.8860682895665268,1.0304895168780868,1.1265066015822236,Oil & Gas Equipment & Services,Energy,OIS
2008Q2,2008,Q2,2008-08-01,2008-06-30,60163000.0,631364000.0,91020000.0,1.14,152929000.0,0.24222001887975875,2097384000.0,1219874000.0,924520000.0,522182000.0,877510000.0,402715000.0,817343000.0,3148717520.0,3571613520.0,24.577881651320695,1.7704938125021543,0.22356182749558498,0.3843798621824877,0.03561518434800743,24.577881651320695,0.04931902803076383,4.987166705735518,13.084111164669315,2.5811825811518236,0.0,1.1880237885353166,0.0,0.3010245143473966,0.9352831005281683,0.028684780660098486,90.7568317288292,0.24222001887975875,-0.12977099236641232,4.793022857897115,2.77402705716406,1.8242872637181313,-0.020702859850667898,-0.09484405795357094,-0.10181767944897274,1.4218268411819952,0.7619179669433642,1.2081699232402532,Oil & Gas Equipment & Services,Energy,OIS
2008Q1,2008,Q1,2008-05-01,2008-03-31,66467000.0,601247000.0,101338000.0,1.31,156162000.0,0.25973019407997044,2004578000.0,1144019000.0,876409000.0,477439000.0,860559000.0,357352000.0,757180000.0,2214599820.0,2689795820.0,23.147970539435878,1.835646019700946,0.2526372134184851,0.44267708840500025,0.04132831754220234,23.147970539435878,0.05809955953528744,3.6833444823841117,8.329696766816616,1.935806852858213,0.0,1.2455086301461864,0.0,0.29993694433441853,1.036306208751275,0.03315760224845329,126.40409931506849,0.25973019407997044,0.34321203319502075,3.875252709261315,2.1770112379207314,1.7722808910597665,0.2529043645699615,0.37898340248962653,0.414525202049106,1.6414325225371438,0.8203319117773856,1.0563985618424556,Oil & Gas Equipment & Services,Energy,OIS
2007Q4,2007,Q4,2008-02-22,2007-12-31,48200000.0,580971000.0,71641000.0,0.9752741693982437,124640000.0,0.21453738654769344,1929626000.0,1084827000.0,865667000.0,304911000.0,844799000.0,349347000.0,690713000.0,1686278639.9999998,2147506640.0,21.950285298045404,2.8390809121350165,0.2548784064891331,0.45336260989079363,0.03174132983715956,21.950285298045404,0.04443104753108099,2.902517750455702,8.746258506224065,1.5544217096366517,0.0,1.3062399276364187,0.0,0.3010795874433699,1.5766731931612832,0.024978933741564426,-46.80077266798035,0.21453738654769344,0.005437288039426564,3.123960568148249,2.5425654097416883,1.7446705739969772,0.004586083774612924,-0.045128570862553986,-0.04188677731266634,2.1177764510421166,0.9920524660894366,1.0569799112278258,Oil & Gas Equipment & Services,Energy,OIS
2007Q3,2007,Q3,2007-11-02,2007-09-30,50478000.0,527440000.0,74773000.0,0.97,124071000.0,0.23523244350068254,1861791000.0,1057204000.0,833083000.0,483429000.0,804587000.0,355704000.0,642512000.0,2405578840.0,2809412840.0,21.288415456797082,1.7232789096227161,0.23259055393435676,0.4096040120922736,0.03496234774042416,21.288415456797082,0.04774669789368939,4.56085780373123,11.913996394468878,2.2754159462128407,0.0,1.1340018667206442,0.0,0.2832971047770668,0.9172225911147242,0.027112602864660964,104.96002617915266,0.23523244350068254,-0.05825242718446607,3.8185669510660367,2.318045321046872,1.7478889084441898,0.10189346169558962,-0.03359944862443283,0.09187949942319767,2.2374043841651736,1.0862198002306958,1.080880511723333,Oil & Gas Equipment & Services,Energy,OIS
2007Q2,2007,Q2,2007-08-02,2007-06-30,52233000.0,499308000.0,68481000.0,1.03,112598000.0,0.22550810321484935,1643906000.0,974166000.0,781887000.0,437711000.0,669740000.0,365880000.0,592034000.0,2039756940.0000002,2362283940.0,19.74353985529276,1.7863087745110358,0.20904358278393048,0.35276123371170826,0.03423496720838331,19.74353985529276,0.05361817185161461,4.085167752169002,9.762778990293492,2.0938494466035564,0.0,1.0569312342844648,0.0,0.30373269517843476,0.885463239443377,0.031773714555455114,315.3125583552327,0.22550810321484935,-0.019047619047619063,5.214502389085174,2.2369444723080014,1.6030474930948917,-0.09714304042080617,-0.004346085663635844,-0.1738427573560459,3.2891443057423624,1.243056967713783,1.0126135867292418,Oil & Gas Equipment & Services,Energy,OIS
2007Q1,2007,Q1,2007-05-02,2007-03-31,52461000.0,480516000.0,82891000.0,1.05,124713000.0,0.25953974477436753,1603606000.0,891793000.0,790523000.0,265115000.0,711813000.0,383209000.0,539801000.0,1581010120.0000002,1947603120.0000002,18.10085653974182,2.9818116666352337,0.24261196328774026,0.4362604326340305,0.04263482834347452,18.10085653974182,0.058826431694350596,3.290234081695511,7.534216465564897,1.7728442811280198,0.0,0.9284828905375395,0.0,0.2996471701901839,1.4488957622163967,0.03271439493242106,109.85339911061702,0.25953974477436753,0.048021717550292886,4.236431779274683,2.123648976392878,1.4675498379987542,0.12109634850146528,0.06280261745102408,0.13178770873441745,2.237791147903858,1.346639494297003,0.8842769743593036,Oil & Gas Equipment & Services,Energy,OIS
