Quarters,Year,Quarter,FillingDate,Date,NetIncome,Revenue,OperatingIncome,EPSDiluted,GrossProfit,GrossProfitRatio,TotalAssets,CommonStockEquity,CurrentAssets,CurrentLiability,TotalLiability,Inventory,RetainedEarnings,MarketCap,EnterpriseValue,bookValuePerShare,currentRatio,debtToAssets,debtToEquity,roic,shareholdersEquityPerShare,roe,priceToSalesRatio,peRatio,pbRatio,payoutRatio,inventoryTurnover,dividendYield,assetTurnover,quickRatio,returnOnAssets,priceToFreeCashFlowsRatio,grossProfitMargin,epsdilutedGrowth,fiveYNetIncomeGrowthPerShare,fiveYRevenueGrowthPerShare,fiveYShareholdersEquityGrowthPerShare,grossProfitGrowth,netIncomeGrowth,operatingIncomeGrowth,threeYNetIncomeGrowthPerShare,threeYRevenueGrowthPerShare,threeYShareholdersEquityGrowthPerShare,Industry,Sector,Symbol
2023Q1,2023,Q1,2023-05-05,2023-03-31,-36961000.0,276126000.0,-11491000.0,-0.33,144188000.0,0.5221819025,3891919000.0,997445000.0,511583000.0,318673000.0,2886680000.0,0.0,-48970000.0,291382620.0,2196719620.0,8.831714465330842,1.6053540776909245,0.5532525214425069,2.1587295540104967,-0.002739846336228493,8.831714465330842,-0.03705567725538751,1.0552523847808608,-1.970878899380428,0.29212900961957805,0.0,0.0,0.0,0.07094854749032546,1.3994313920539236,-0.009496857462860867,-3.847143121204119,0.5221819024648168,0.08333333333333326,-1.0449872388842567,-0.5152049363855136,0.15817533978658194,-0.11172716295803455,0.09320412168792934,-1.4407579302673468,-2.497774360917219,-0.4658176998691314,0.809848650113001,Telecom Services,Communication Services,CNSL
2022Q4,2022,Q4,2023-03-06,2022-12-31,-40760000.0,295976000.0,26071000.0,-0.36,162324000.0,0.5484363597,3887094000.0,1037798000.0,598144000.0,266904000.0,2841645000.0,0.0,-11866000.0,400705820.0,2217149820.0,9.271931313600586,2.2410454695321165,0.5511304846242463,2.0642706962241206,0.006682626076359009,9.271931313600586,-0.03927546593845816,1.3538456496472686,-2.4577147939156037,0.386111574699508,0.0,0.0,0.0,0.07614325766240795,2.005020531726763,-0.010485982587506245,-3.4119174408010693,0.548436359704841,-4.538461538461538,-1.2202813138894633,-0.5520106604388252,-0.014979562798360394,0.0446030387469191,-4.616645996968444,4.693822612638141,-3.3079427206075556,-0.43415156462164156,0.9267597738258356,Telecom Services,Communication Services,CNSL
2022Q3,2022,Q3,2022-11-07,2022-09-30,-7257000.0,296619000.0,-7058000.0,-0.065,155393000.0,0.5238808033,3968980000.0,1025301000.0,734586000.0,303528000.0,2936199000.0,92822000.0,23272000.0,464659520.0,2138882520.0,9.179306516737244,2.420158930971772,0.5382420672313794,2.0835559508866175,-0.001967306195163761,9.179306516737244,-0.007077921507927916,1.566519744183616,-16.00728675761334,0.4531932769011247,0.0,1.521471202947577,0.0,0.07473431460979899,1.9043844389973907,-0.0018284294705440693,-5.315314977293266,0.523880803320084,-3.8148148148148153,0.8405201138317785,-0.4896131973124614,0.2917683854154308,-0.043747153881183,-3.7996031746031744,-1.488476711191086,-18.90174986672707,-0.435841338019271,0.8387955654023039,Telecom Services,Communication Services,CNSL
2022Q2,2022,Q2,2022-08-05,2022-06-30,-1512000.0,298390000.0,14449000.0,-0.0135,162502000.0,0.5445959985,3585717000.0,726908000.0,316086000.0,296501000.0,2851404000.0,95922000.0,-258978000.0,781879000.0,2897400000.0,6.507856074916963,1.066053740122293,0.5950107049719763,2.93508944735785,0.0027404290105795498,6.507856074916963,-0.0020800431416355303,2.6203257481819096,-129.2789351851852,1.0756230499595547,0.0,1.4166510289610308,0.0,0.0832162716689577,0.5505411448865265,-0.0004216729875782166,-6.712041480311446,0.5445959985254197,0.9868932038834951,0.7498503820439865,-0.20757984296202425,1.567169867982675,-0.011442789096196079,0.9869146422729751,-0.8945236079072619,0.8702357153281175,-0.4328234825610281,0.30512463072348955,Telecom Services,Communication Services,CNSL
2022Q1,2022,Q1,2022-05-06,2022-03-31,-115549000.0,300278000.0,136988000.0,-1.03,164383000.0,0.5474360426,3595448000.0,721635000.0,436954000.0,302423000.0,2866611000.0,94368000.0,-257263000.0,658976900.0,2714114900.0,6.46099506674665,1.4448438114825923,0.592223556007485,2.9506731242248505,0.04411638397987983,6.46099506674665,-0.16012111385949962,2.1945560447318817,-1.425752061895819,0.9131720329529471,0.0,1.4400538318073923,0.0,0.08351615709641746,0.9300450031908949,-0.032137580629729594,-8.795740790176188,0.5474360426005235,-7.058823529411764,-13.152306226423024,-0.2024843817739017,1.1502100131026558,-0.09003697799034587,-8.723863636363637,7.4021099116781155,-9.083827019243554,-0.4378288795932996,0.23598927959956048,Telecom Services,Communication Services,CNSL
2021Q4,2021,Q4,2022-03-07,2021-12-31,14960000.0,318480000.0,16304000.0,0.17,180648000.0,0.5672192916,3712692000.0,829289000.0,427815000.0,285545000.0,2876316000.0,0.0,-141599000.0,652951640.0,2680128640.0,9.500063006197518,1.4982402073228387,0.5728490270671523,2.5646210187280913,0.005101711611850207,9.500063006197518,0.018039549541836442,2.05021238382316,10.911625,0.7873631990777643,0.0,0.0,0.0,0.08578142221331583,1.2079777268031309,0.004029421239359473,-5.534895651436806,0.5672192916352675,4.4,1437.7378827626499,0.04319769029787302,1.795270477875577,0.02596023330701909,4.168820165219233,-0.4984619170665682,1.865686674372668,-0.25272038813180064,0.6372199393185498,Telecom Services,Communication Services,CNSL
2021Q3,2021,Q3,2021-10-29,2021-09-30,-4721000.0,318584000.0,32508000.0,-0.05,176077000.0,0.5526862617080581,3728951000.0,394418000.0,471180000.0,321074000.0,3327315000.0,0.0,-156690000.0,852749290.0,3138401290.0,4.2506062010324275,1.467512162305263,0.6394114591476262,6.045195706078323,-0.111064024913318,4.2506062010324275,-0.011969534858956741,2.67668586620797,-45.15723840288074,2.1620445567900046,0.0,0.0,0.0,0.08543528729661505,1.2105776238499535,-0.0012660396985640198,-24.975084641518276,0.5526862617080581,0.9295774647887324,-1.3649239905592818,-0.098485881239121,0.03638843613215862,0.005625613962945195,0.9147156586458559,0.0830584707646177,0.7591612278030269,-0.30361181095808204,-0.3781912175937221,Telecom Services,Communication Services,CNSL
2021Q2,2021,Q2,2021-08-05,2021-06-30,-55356000.0,320403000.0,30015000.0,-0.71,175092000.0,0.5464742839486522,3686800000.0,276516000.0,470750000.0,275432000.0,3403306000.0,0.0,-151969000.0,685874909.9999999,2865712910.0,3.5437593715157187,1.7091332887972348,0.6453162634262776,8.604030146537633,0.012533802230327408,3.5437593715157187,-0.2001909473592848,2.14066319603749,-3.097563543247344,2.480416720913075,0.0,0.0,0.0,0.08690544645763264,1.5224193267303727,-0.015014646848215255,-21.504151434394103,0.5464742839486522,0.1125000000000001,-470.4736747673436,0.10513364399283182,-0.17948865273130424,-0.03150115882226045,0.10858467930240423,-0.21685018003444137,-3.705838248255373,-0.17226609110781546,-0.5079780755307669,Telecom Services,Communication Services,CNSL
2021Q1,2021,Q1,2021-04-30,2021-03-31,-62099000.0,324766000.0,38326000.0,-0.8,180787000.0,0.5566684936231009,3673820000.0,325795000.0,500465000.0,274724000.0,3341314000.0,0.0,-96613000.0,561808800.0,2588490800.0,4.175306616770688,1.8217010526928845,0.6401576560637157,7.218723430377999,0.013187639496507777,4.175306616770688,-0.19060759066284014,1.7298879808846985,-2.261746565967246,1.7244242545158766,0.0,0.0,0.0,0.08840008492522769,1.6448908722936475,-0.016903114469407864,24.936031957390146,0.5566684936231009,-7.412197686645637,-6.099026114018936,0.10835714315730305,-0.10723535797927176,-0.0342420017414809,-7.973843930635838,0.8225307908126872,-3.9730106926465765,-0.1747047594927088,-0.4524577103829177,Telecom Services,Communication Services,CNSL
2020Q4,2020,Q4,2021-02-26,2020-12-31,-6920000.0,326124000.0,21029000.0,-0.0951,187197000.0,0.5740055929646393,3507300000.0,382533000.0,340661000.0,270470000.0,3118072000.0,0.0,-34514000.0,355757280.0,2389124280.0,5.258041016054541,1.2595149184752468,0.6241062925897414,5.722193902225429,0.005709626189175291,5.258041016054541,-0.018089942567046505,1.0908650697280788,-12.85250289017341,0.9300041565041447,0.0,0.0,0.0,0.09298434693353862,1.0880282471253744,-0.0019730276851139053,155.89714285714285,0.5740055929646393,-1.4755,-2.0193557684620465,0.19518465952819836,0.07394058536105413,0.024961946582857893,-1.4769124741557547,-0.43700471192974943,-1.0575370066620688,-0.2405632133761242,-0.44140247751178396,Telecom Services,Communication Services,CNSL
2020Q3,2020,Q3,2020-10-30,2020-09-30,14510000.0,327066000.0,37352000.0,0.2,182638000.0,0.558413286614934,3383828000.0,384963000.0,266443000.0,263127000.0,2992252000.0,0.0,-27594000.0,404860570.0,2522796570.0,5.410355150169353,1.0126022795076142,0.655368712594139,5.7606964825191,0.010923714898062575,5.410355150169353,0.03769193403002367,1.2378558761840117,6.975543935217092,1.0516869673189373,0.0,0.0,0.0,0.09665562197605788,0.8511859292280913,0.004288043009278249,6.787154783658279,0.558413286614934,0.05263157894736847,2.9428981596742037,0.1890858525339794,0.02361323583825287,-0.016181683024315618,0.04841040462427745,-0.061035696329813975,1.5005696326822584,-0.11654555075401467,-0.2386215969458095,Telecom Services,Communication Services,CNSL
2020Q2,2020,Q2,2020-07-31,2020-06-30,13840000.0,325176000.0,39780000.0,0.19,185642000.0,0.5708969911678599,3347637000.0,365667000.0,207907000.0,224757000.0,2975429000.0,0.0,-42104000.0,481705809.99999994,2658721810.0,5.139164898177167,0.9250301436662707,0.6640182313673795,6.079006309018862,0.011759902956013108,5.139164898177167,0.037848643711354865,1.4813695045144781,8.701333273121387,1.3173346514725146,0.0,0.0,0.0,0.0971359797970927,0.7418812317302687,0.004134259479149024,11.233024974931789,0.5708969911678599,-0.13636363636363635,1.6111949138252333,0.14076184323178328,-0.08316320257268744,-0.012053835141852086,-0.10979610214189232,0.0650032126793746,4.594449909745935,0.3556201866695798,1.0272589192690489,Telecom Services,Communication Services,CNSL
2020Q1,2020,Q1,2020-05-01,2020-03-31,15547000.0,325662000.0,37352000.0,0.22,187907000.0,0.5770000798373774,3355133000.0,347213000.0,185828000.0,237674000.0,3001474000.0,0.0,-55775000.0,323746150.0,2545077150.0,4.879808300423032,0.7818608682481045,0.6662835720670388,6.438324601901426,0.010934345604739371,4.879808300423032,0.044776549265148485,0.9941170600192838,5.205926384511481,0.9324136769072586,0.0,0.0,0.0,0.09706381237345882,0.5917895941499701,0.004633795441194135,7.599496490692707,0.5770000798373774,3.6035502958579877,0.4029944920589421,0.19184784346231346,-0.22495280389937822,-0.03555334284570455,3.596359385437542,0.3979565103484412,3.989045926429756,0.3577122343987747,0.6239932953353075,Telecom Services,Communication Services,CNSL
2019Q4,2019,Q4,2020-02-28,2019-12-31,-5988000.0,331035000.0,26719000.0,-0.0845,194834000.0,0.588560122041476,3390277000.0,340881000.0,176867000.0,244296000.0,3043026000.0,0.0,-71217000.0,274847560.0,2540430560.0,4.812188545534114,0.723986475423257,0.6719150087146272,6.6826194478425025,0.015561738909960406,4.812188545534114,-0.017566247458790603,0.8302673735405621,-11.474931529726117,0.8062859472953904,0.0,0.0,0.0,0.09764246402285123,0.5529357828208403,-0.001766227361363098,6.451972112021409,0.588560122041476,-24.472222222222225,0.6683935253318517,0.05510755047444678,-0.37252265836453596,0.043623118538754085,-24.299610894941633,0.13495030158865007,-707.674816833011,0.3362189450343557,0.41592414350592244,Telecom Services,Communication Services,CNSL
2019Q3,2019,Q3,2019-11-01,2019-09-30,257000.0,333326000.0,23542000.0,0.0036,186690000.0,0.5600823218110799,3443301000.0,353500000.0,185449000.0,258381000.0,3083597000.0,0.0,-65229000.0,337069880.0,2643937880.0,4.99202123903803,0.7177346631524764,0.6717524840262294,6.543270155586987,0.0021558974601981152,4.99202123903803,0.0007270155586987271,1.0112318871015162,327.8889883268482,0.9535215841584158,0.0,0.0,0.0,0.09680420038794169,0.5549130934550142,7.463768052807466e-05,16.20528269230769,0.5600823218110799,1.036,-0.9810619362312406,0.25943521788757246,0.5306828163498897,-0.016136852312492095,1.034790848788412,0.6462937062937063,-0.9739687873677786,0.23597766833672099,0.21716123309859042,Telecom Services,Communication Services,CNSL
2019Q2,2019,Q2,2019-08-02,2019-06-30,-7387000.0,333532000.0,14300000.0,-0.1,189752000.0,0.5689169255123946,3485710000.0,353101000.0,200596000.0,264111000.0,3126537000.0,0.0,-65486000.0,356897520.0,2684567520.0,4.986386680411789,0.7595139922229669,0.6707729558683884,6.621674818253134,0.0035034127893374925,4.986386680411789,-0.02092035989702663,1.0700548073348284,-12.07856775416272,1.010751937830819,-3.7725734398267226,0.0,0.07808403936233572,0.09568552748220592,0.5882564527793238,-0.0021192239170785866,16.303390434425108,0.5689169255123946,0.0,-1.4241714251160975,0.24355934924816539,0.45231416549644954,-0.003036830767614144,-0.016792842395044735,-0.14473684210526316,-70.03314994942201,0.2676483100962372,0.15453291948471348,Telecom Services,Communication Services,CNSL
2019Q1,2019,Q1,2019-04-26,2019-03-31,-7265000.0,338649000.0,16720000.0,-0.1,190330000.0,0.5620273498519116,3524045000.0,370167000.0,195878000.0,285028000.0,3147881000.0,0.0,-58099000.0,780359260.0,3111077260.0,5.2273876265657435,0.687223711354674,0.6632838116425869,6.3145607252942595,0.0042953165506761795,5.2273876265657435,-0.019626276788584612,2.3043306196090936,-26.853381280110117,2.1081275748513506,-3.7958706125258086,0.0,0.03533885149258048,0.0960966729993516,0.5265342352330298,-0.0020615514274079927,36.12272647317502,0.5620273498519116,0.5,-1.491488127867122,0.2743489490337491,0.47203926603413765,0.0012414910517954275,0.48029186637098503,2.5780012839717528,-1.6573267337522362,0.2735089844071598,0.1177207499898581,Telecom Services,Communication Services,CNSL
2018Q4,2018,Q4,2019-02-26,2018-12-31,-13979000.0,344750000.0,4673000.0,-0.2,190094000.0,0.5513966642494561,3535261000.0,409736000.0,198143000.0,283614000.0,3119607000.0,0.0,-50834000.0,697656440.0,3022110440.0,5.802557602707717,0.6986361745188884,0.6602208436661395,5.696480172598942,0.001142048572750035,5.802557602707717,-0.034117090028701405,2.023658999274837,-12.476866013305674,1.7026974442079779,-1.9744616925388083,0.0,0.03956245283136783,0.09751755245228004,0.5423110283695445,-0.003954163497405142,19.800659590168586,0.5513966642494561,0.04761904761904753,-3.5069857131916935,0.31213069576156377,0.5607566629738062,-0.02576849355787661,0.06269277189218184,13.33435582822086,-3.1215636670905234,0.30171766528778665,0.18515661810473039,Telecom Services,Communication Services,CNSL
2018Q3,2018,Q3,2018-11-02,2018-09-30,-14914000.0,348064000.0,326000.0,-0.21,195122000.0,0.5605923048634733,3596020000.0,482599000.0,199949000.0,278521000.0,3107484000.0,0.0,-36855000.0,908596260.0,3239376260.0,6.83587353749398,0.7178955985365556,0.6492194147974706,4.837569079090508,7.200752626721677e-05,6.83587353749398,-0.03090350373705706,2.6104287142594464,-15.23059306691699,1.8827147590442581,-1.8507442671315542,0.0,0.030378729492018825,0.0967914527727877,0.5721687054118002,-0.004147362917892559,117.3896976744186,0.5605923048634733,-0.4,-1.7181752084696296,0.29997467086583607,1.2695474644074192,-0.018811945912512635,-0.4012966268909142,-0.9360157016683023,-5.084539535935807,0.2753745228467737,0.293314475164587,Telecom Services,Communication Services,CNSL
2018Q2,2018,Q2,2018-08-03,2018-06-30,-10643000.0,350221000.0,5095000.0,-0.15,198863000.0,0.5678214613058612,3646812000.0,508478000.0,209646000.0,268882000.0,3132496000.0,0.0,-21941000.0,872591280.0,3203271280.0,7.2024419955239525,0.7796951822732648,0.6420188372748582,4.604568929235876,0.001295877594655687,7.2024419955239525,-0.020931092397311193,2.4915447103400425,-20.496835478718406,1.7160846290301646,-2.593441698769144,0.0,0.0316322207574662,0.09603483809968817,0.5400138350651958,-0.0029184394479342506,22.09259639972656,0.5678214613058612,0.06250000000000006,-1.651866889923241,0.30330244803733525,1.342959508485842,-0.020972514190908956,0.05797486280757656,-0.4259154929577465,0.5262943971670926,0.23828183882898785,0.2849293579146242,Telecom Services,Communication Services,CNSL
2018Q1,2018,Q1,2018-05-07,2018-03-31,-11298000.0,356039000.0,8875000.0,-0.16,203123000.0,0.570507725277287,3708864000.0,538348000.0,228853000.0,273591000.0,3164761000.0,0.0,-11298000.0,773754080.0000001,3111566080.0,7.625541800050993,0.8364785391332317,0.6333346275301548,4.363259452993231,0.002228439682802045,7.625541800050993,-0.02098642513764331,2.173228438457585,-17.121483448397946,1.4372749225408101,-2.426712692511949,0.0,0.03543373884374219,0.09599677960690929,0.6108643924690506,-0.0030462157684940728,25.76260504761271,0.570507725277287,-1.1134751773049645,-1.9379487591935747,0.2827790177861678,1.3949929234229266,0.0290700914456519,-1.113199607238042,0.36812085709881304,-2.0275708027696373,0.31326424341027365,0.21114487025346,Telecom Services,Communication Services,CNSL
2017Q4,2017,Q4,2018-03-01,2017-12-31,99806000.0,356360000.0,6487000.0,1.41,197385000.0,0.5538921315523628,3719126000.0,568287000.0,213659000.0,255940000.0,3145184000.0,0.0,0.0,735946870.0,3061499870.0,9.412932933596144,0.8348011252637337,0.6295054268126437,4.119766948742448,-0.014827006949499509,9.412932933596144,0.17562604810597462,2.065178106409249,1.8434434553032881,1.2950267558469575,0.27493337073923413,0.0,0.0372853002282624,0.09581821105281187,0.6213604751113542,0.026835874880281014,32.12759724101803,0.5538921315523628,4.439024390243902,39.74336348907676,0.27775701950117254,1.4723486092243883,-0.09458913974844729,4.508366141732283,1.8110777694423605,7.485078890394777,0.3326900974399884,0.2273837731580935,Telecom Services,Communication Services,CNSL
2017Q3,2017,Q3,2017-11-06,2017-09-30,-28448000.0,363329000.0,-7998000.0,-0.41,218006000.0,0.6000236700070735,3761225000.0,496212000.0,222910000.0,252911000.0,3259576000.0,0.0,-34861000.0,1332356400.0,3649113400.0,7.106000286409852,0.8813772433781053,0.6221566112104434,4.715869426777265,-0.0023085631549924954,7.106000286409852,-0.05733033461504357,3.6670796991156775,-11.708700084364454,2.685054774975212,-0.9646020809898763,0.0,0.020595840572387388,0.09659858157913978,0.6628893167952362,-0.007563493276791471,-45.108047533601926,0.6000236700070735,-7.199999999999999,-50.662474369311234,0.30692621836891004,0.7748012773070108,1.1893867877156687,-9.428152492668621,-1.3706552970618222,-3.1258134094154633,0.3921231576394139,1.1788834643421862,Telecom Services,Communication Services,CNSL
2017Q2,2017,Q2,2017-08-04,2017-06-30,-2728000.0,169950000.0,21578000.0,-0.05,99574000.0,0.5859017358046484,2061069000.0,127796000.0,118106000.0,164699000.0,1927890000.0,0.0,-6413000.0,1082345640.0,2460564640.0,2.535031341744029,0.7171021074809197,0.6763858948924077,10.908619988106045,0.009250417373212888,2.535031341744029,-0.021346521017872235,6.368612180052957,-99.1885667155425,8.469323296503802,-7.2041788856304985,0.0,0.018157785529583692,0.08245721031173629,0.5601309054699786,-0.001323584994000686,84.69720948431019,0.5859017358046484,0.28571428571428575,-1.5766667298929895,0.07615917811802025,1.7963048673616377,0.010452183796070791,0.25970149253731345,0.16091892182708345,-1.220037519977832,-0.10991958663483727,-0.2616573556047837,Telecom Services,Communication Services,CNSL
2017Q1,2017,Q1,2017-05-05,2017-03-31,-3685000.0,169935000.0,18587000.0,-0.07,98544000.0,0.5798923117662635,2078240000.0,151473000.0,129471000.0,160391000.0,1921486000.0,0.0,-3685000.0,1180602200.0,2545074200.0,3.004820472128546,0.8072211034284966,0.6693649434136577,9.183821539152191,0.0075936057254253125,3.004820472128546,-0.024327767985053442,6.947375172860212,-80.0951289009498,7.794142850541021,-5.319945725915876,0.0,0.016605085099790595,0.08176870813765494,0.6263256666521189,-0.0017731349603510662,52.024950425241265,0.5798923117662635,-699.0,-2.233816361323221,0.07196907873750649,1.5912081734932149,-0.007173369871846538,-613.1666666666666,0.06576834862385321,-1.3501960164040738,-0.10170765299758489,-0.15383858279849982,Telecom Services,Communication Services,CNSL
2016Q4,2016,Q4,2017-03-01,2016-12-31,-6000.0,175919000.0,17440000.0,-0.0001,99256000.0,0.5642142122226707,2092758000.0,170954000.0,133201000.0,150085000.0,1916503000.0,0.0,0.0,1350581850.0,2715180850.0,3.3986203057593287,0.8875037478762035,0.6649961438446299,8.140646021736842,0.0007409574394779647,3.3986203057593287,-3.509716063970425e-05,7.677293811356363,-56274.24375000001,7.900264691086492,-3270.5,0.0,0.014529293430087187,0.08406084219962365,0.6989972349002233,-2.8670300149372264e-06,99.24910714285714,0.5642142122226707,-1.0007142857142857,-1.0004482916347903,0.10538971786891528,1.3772191750667833,-0.06269417819538221,-1.0008556759840275,-0.23293455313159747,-1.001510549802292,-0.060074110431481906,-0.0858480604041428,Telecom Services,Communication Services,CNSL
2016Q3,2016,Q3,2016-11-04,2016-09-30,7012000.0,191541000.0,22736000.0,0.14,105895000.0,0.552858134811868,2104159000.0,206274000.0,129063000.0,151604000.0,1892638000.0,0.0,0.0,1269420560.0,2627995560.0,4.1013639797987835,0.8513165879528245,0.6615365093607469,6.748198997449994,0.008348084686493503,4.1013639797987835,0.03399362013632353,6.627409066466187,45.25886195094124,6.154050243850412,2.798345693097547,0.0,0.015457446191040109,0.09102971781124905,0.7320519247513259,0.0033324477855523277,48.45301576396046,0.552858134811868,92.33333333333334,-0.290845264700898,0.21777633236412564,1.079884572944656,-0.0020073886983073847,91.26315789473684,-0.00949725538032587,-0.5260261317293888,0.004185057122488259,0.3616753103915138,Telecom Services,Communication Services,CNSL
2016Q2,2016,Q2,2016-08-05,2016-06-30,76000.0,186871000.0,22954000.0,0.0015,106108000.0,0.567814160570661,2122839000.0,217218000.0,153649000.0,157431000.0,1900451000.0,0.0,0.0,1370008560.0,2737412560.0,4.318964488805822,0.9759767771277575,0.6557063441928475,6.408119953226712,0.00017944841544498402,4.318964488805822,0.0003498789234777965,7.331306409234178,4506.607105263158,6.3070673701074496,258.19736842105266,0.0,0.014323268169944866,0.08802881424356722,0.6544962555024105,3.580111350884358e-05,61.21301818506769,0.567814160570661,-0.990625,-0.9916429796831261,0.187123447113064,1.0863033547261058,-0.02765610395322838,-0.9903172378646962,-0.05577951460304401,-0.9934659166035407,-0.023839663513407588,0.4049622228334461,Telecom Services,Communication Services,CNSL
2016Q1,2016,Q1,2016-05-06,2016-03-31,7849000.0,188846000.0,24310000.0,0.16,109126000.0,0.5778570899039429,2126081000.0,235193000.0,127807000.0,144956000.0,1885799000.0,0.0,0.0,1295444640.0,2657944640.0,4.676827934538368,0.8816951350754711,0.6523556722439079,5.897118536691143,0.009197772526619316,4.676827934538368,0.033372591871356716,6.8597939061457485,41.2614549624156,5.5080067859162485,2.490890559306918,0.0,0.015092115399080272,0.08882352083481297,0.7360716355307818,0.0036917690341995435,41.98763945159304,0.5778570899039429,0.7777777777777779,-0.37287000620459904,0.16436409191382234,1.075667672497584,-0.0012995570523849618,0.6764203331909441,0.23357182726949816,-0.08523135510129008,-0.044828262679143735,0.4688752748311144,Telecom Services,Communication Services,CNSL
2015Q4,2015,Q4,2016-02-29,2015-12-31,4682000.0,188191000.0,19707000.0,0.09,109268000.0,0.5806228778209372,2138526000.0,245663000.0,126408000.0,144300000.0,1887827000.0,0.0,-881000.0,1051187200.0,2424138200.0,4.8960259885204085,0.876008316008316,0.6494328336433599,5.653391027545866,0.005811314359428606,4.8960259885204085,0.019058629097584903,5.585746395948797,56.129175565997436,4.278980554662281,4.178983340452798,0.0,0.018613240343870244,0.0880003329396042,0.7525502425502425,0.0021893584646621085,59.29865177412986,0.5806228778209372,0.7999999999999998,-0.5946144057302502,0.17978175877348473,1.1564949502108473,-0.013372581242268554,0.8042389210019267,0.4439478311840563,1.2997379806296632,-0.18809559908581047,0.2859629542500507,Telecom Services,Communication Services,CNSL
2015Q3,2015,Q3,2015-11-06,2015-09-30,2595000.0,193958000.0,13648000.0,0.05,110749000.0,0.5709947514410336,2203085000.0,265197000.0,155100000.0,155022000.0,1932853000.0,0.0,0.0,966852980.0,2359415980.0,5.285546298879898,1.0005031543909897,0.6429243538038705,5.340999332571635,0.004487100486186991,5.285546298879898,0.009785178565368386,4.984857443364027,93.14575915221579,3.645791543644913,7.540269749518305,0.0,0.02023782354169297,0.08803927220238893,0.8021829159732167,0.001177893726297442,25.96275456498389,0.5709947514410336,1.15625,-0.8711784081200581,0.1924818935703484,1.385368848901346,-0.033890468796343144,1.1625125250501003,-0.5068473351400181,7.558796289235007,-0.028993760211902316,0.32012298683100987,Telecom Services,Communication Services,CNSL
2015Q2,2015,Q2,2015-08-07,2015-06-30,-15968000.0,201010000.0,27675000.0,-0.32,114634000.0,0.5702900353216258,2222420000.0,281247000.0,152704000.0,154570000.0,1936288000.0,0.0,0.0,1054176750.0000001,2463898750.0,5.605321375186846,0.9879277997024002,0.6374438674957928,5.037095506796517,0.010371399930469686,5.605321375186846,-0.056775716718756114,5.244399532361575,-16.504520760270545,3.7482239810557982,-1.2253256513026052,0.0,0.01856045487628142,0.09044645026592633,0.77141101119234,-0.007184960538512072,101.1103731056973,0.5702900353216258,-3.0,-2.3310896441826565,0.23373572443594282,1.5260487917801657,0.017286974424507037,-3.0445582586427657,0.034772854739203586,-4.391388947012806,0.27884984458593626,5.183034973357692,Telecom Services,Communication Services,CNSL
2015Q1,2015,Q1,2015-05-07,2015-03-31,7810000.0,192578000.0,26745000.0,0.16,112686000.0,0.5851447205807517,2213356000.0,315739000.0,132393000.0,153175000.0,1892772000.0,0.0,0.0,1023019199.9999999,2383336200.0,6.296143415490149,0.864325118328709,0.618814144674422,4.33793734698596,0.009974783133109484,6.296143415490149,0.024735620243302222,5.312232965343912,32.74709346991037,3.2400786725744997,2.498079385403329,0.0,0.019071000817970966,0.0870072414921052,0.6406202056471356,0.003528578321788271,51.532299012693926,0.5851447205807517,1.6400000000000001,-0.33646628522924743,0.15176101262693306,1.6324408122822631,0.01513431706394249,1.7294974780496917,0.7173954921980351,1.6286159993140032,0.22115045228515945,4.4294818712236275,Telecom Services,Communication Services,CNSL
2014Q4,2014,Q4,2015-03-02,2014-12-31,-10706000.0,186014000.0,15573000.0,-0.25,111006000.0,0.5967615340780802,2220265000.0,322087000.0,134145000.0,156075000.0,1893352000.0,0.0,0.0,1168804340.0,2528727340.0,7.669103290632887,0.8594906295050456,0.6155130130862757,4.242959200464471,0.008184161324077904,7.669103290632887,-0.033239466355363616,6.2834213553818525,-27.293208014197646,3.6288466780714526,-1.4577806837287501,0.0,0.013352962053511882,0.08378008931366301,0.660932244113407,-0.0048219469297583846,54.461783700666324,0.5967615340780802,-2.3157894736842106,-2.0651794194822894,0.29132937564346495,2.0259719246657055,0.19870417364073215,-2.400942161737765,-0.35778795001855745,-1.9580421868743128,0.3998977469154202,4.364276605764296,Telecom Services,Communication Services,CNSL
2014Q3,2014,Q3,2014-11-10,2014-09-30,7642000.0,149040000.0,24249000.0,0.19,92605000.0,0.6213432635534085,1913455000.0,130051000.0,284546000.0,117771000.0,1778614000.0,0.0,0.0,998918850.0,2411191850.0,3.2613035082879858,2.4160956432398466,0.7406304302949377,10.896978877517281,0.010007222135521776,3.2613035082879858,0.058761562771528095,6.7023540660225445,32.678580541743,7.6809778471522705,2.042266422402512,0.0,0.015623891770587772,0.07789051741483338,0.48468638289561944,0.003993822692459452,48.19408742220293,0.6213432635534085,-0.24,-0.20191481962767405,0.08122035254470104,0.5393805117818868,-0.026419815387203262,-0.22076068114612013,-0.046253687315634215,-0.025235212579127763,0.19509469836456275,0.6538729281255482,Telecom Services,Communication Services,CNSL
2014Q2,2014,Q2,2014-08-01,2014-06-30,9807000.0,151036000.0,25425000.0,0.25,95118000.0,0.6297703858682698,1720517000.0,136914000.0,81302000.0,114704000.0,1578920000.0,0.0,0.0,886864479.9999999,2099387480.0,3.4334077287659555,0.7087982982284837,0.7075809189912102,8.891749565420628,0.012576998769715065,3.4334077287659555,0.0716289057364477,5.8718747848195125,22.607945345161617,6.477529544093372,1.591414295911084,0.0,0.017597953635486677,0.08778524129665675,0.5137484307434789,0.005700030862816235,65.1627097722263,0.6297703858682698,0.19047619047619052,-0.0392516204062837,0.0908525732365642,0.5259263954490903,0.008161275278755247,0.17815953868332532,-0.019929072546449773,0.3600902901632763,0.21011918934010254,0.6585295112365076,Telecom Services,Communication Services,CNSL
2014Q1,2014,Q1,2014-05-02,2014-03-31,8324000.0,149648000.0,25942000.0,0.21,94348000.0,0.630466160590185,1733014000.0,141608000.0,85997000.0,120841000.0,1586803000.0,0.0,0.0,797938770.0000001,2005755770.0,3.5511196930561475,0.7116541571155486,0.7008864325389177,8.577523868707983,0.011894076156716333,3.5511196930561475,0.05878198971809502,5.332104471827222,23.9650039043729,5.63484245240382,1.8644882268140317,0.0,0.019450113947966207,0.08635129318055133,0.5286781804188976,0.004803192588172975,34.709590238809874,0.630466160590185,1.625,0.6592289688411557,0.08425382590054521,0.5033216266040893,0.022432215696048894,1.650955414012739,0.16766440113426656,-0.16126293375891898,0.16359662186535567,0.5760563465702415,Telecom Services,Communication Services,CNSL
2013Q4,2013,Q4,2014-03-05,2013-12-31,3140000.0,147956000.0,22217000.0,0.08,92278000.0,0.6236854199897267,1747378000.0,147834000.0,87720000.0,117699000.0,1595039000.0,0.0,0.0,780567320.0,1996901320.0,3.717784931093451,0.7452909540437896,0.699267702809581,8.265250213076829,0.009468849255729444,3.717784931093451,0.021240039503767738,5.275671956527616,62.147079617834386,5.280025704506405,4.948407643312102,0.0,0.019906034498087876,0.0846731502857424,0.5724772512935539,0.0017969781009031817,46.089237128011334,0.6236854199897267,-0.7241379310344827,-0.3646018054269917,0.06188934420307629,0.5550738081270079,-0.02858105334077248,-0.7314862322558577,-0.15095349103833072,-0.6569380737037976,0.170419045557341,0.6375289773116348,Telecom Services,Communication Services,CNSL
2013Q3,2013,Q3,2013-11-07,2013-09-30,11694000.0,150773000.0,26167000.0,0.29,94993000.0,0.6300398612483668,1754464000.0,119742000.0,89245000.0,130554000.0,1630293000.0,0.0,0.0,685376199.9999999,1891119200.0,3.0119984907558797,0.6835868682690688,0.6908286519415616,10.122045731656394,0.013963941979174917,3.0119984907558797,0.09765996893320639,4.545748907297725,14.652304600649904,5.723774448397387,1.3288010945784163,0.0,0.022672220015810297,0.0859367875316906,0.49547313755227723,0.0066652835281886666,24.106651190601802,0.6300398612483668,0.2608695652173912,0.7346871874479833,0.07084759061264816,-0.3157991448708171,-0.004036570278261234,0.27191646726125734,-0.02894570824210487,-0.26734189803481523,0.16991589151713618,0.35931594702131686,Telecom Services,Communication Services,CNSL
2013Q2,2013,Q2,2013-08-08,2013-06-30,9194000.0,151320000.0,26947000.0,0.23,95378000.0,0.6303066349458102,1757289000.0,122210000.0,85460000.0,113327000.0,1630712000.0,0.0,0.0,694917400.0,1915650400.0,3.074078732234939,0.7541009644656613,0.6966714069228226,10.017617216267082,0.012733840631271334,3.074078732234939,0.07523115947958432,4.592369812318266,18.895948444637806,5.686256443826201,1.6902327604959757,0.0,0.022362369973755156,0.08610991134639777,0.5470982201946579,0.005231922580747959,235.48539478143002,0.6303066349458102,0.3529411764705882,36.664641554521445,0.04827925341691972,-0.3430336617155812,-0.026387513653113932,0.35544744213474866,-0.0510951475456018,-0.03270954228641058,0.1721857376882552,0.3853394564982148,Telecom Services,Communication Services,CNSL
2013Q1,2013,Q1,2013-05-09,2013-03-31,6783000.0,156295000.0,28398000.0,0.17,97963000.0,0.6267826865862631,1771916000.0,126578000.0,93641000.0,130605000.0,1641064000.0,0.0,0.0,697700250.0,1904753250.0,3.1839517041881527,0.7169786761609434,0.6860804914002695,9.604172921044732,0.011671504408849735,3.1839517041881527,0.05358751125788051,4.463995969160882,25.715032065457766,5.512018281217905,2.277310924369748,0.0,0.022139880270932968,0.08820677729644069,0.5451322690555491,0.0038280595694152545,80.42654178674351,0.6267826865862631,2.4,0.31246189548216574,0.06406586493042073,-0.3252323819547,-0.0035499226950931728,3.824324324324324,0.5556285949055053,-0.2730649033131399,0.1791325971696681,0.33122196515087793,Telecom Services,Communication Services,CNSL
2012Q4,2012,Q4,2013-03-12,2012-12-31,1406000.0,160076000.0,18255000.0,0.05,98312000.0,0.6141582748194607,1794828000.0,131930000.0,108524000.0,144177000.0,1658723000.0,0.0,0.0,551313320.0,1751303320.0,3.8072838508599793,0.7527136783259466,0.6785296418375466,9.230986129007807,0.007889702194927996,3.8072838508599793,0.010657166679299628,3.4440723156500663,98.02868421052632,4.178832107936026,10.997866287339972,0.0,0.028047571932417668,0.0891873761719786,0.6121295352240649,0.0007833619711749538,22.374728896103896,0.6141582748194607,6.0,2.02269774097854,0.41086695487133207,-0.3638100877701837,0.009125155250813463,5.520900321543408,0.811371303830125,-0.8304564970533294,0.34684595364246357,0.5022270016896185,Telecom Services,Communication Services,CNSL
2012Q3,2012,Q3,2012-11-02,2012-09-30,-311000.0,157012000.0,10078000.0,-0.01,97423000.0,0.6204812371028966,1802730000.0,157907000.0,116447000.0,156243000.0,1638963000.0,0.0,0.0,679533970.0,1894914970.0,4.003828697482188,0.7452941891796753,0.6879321917314295,7.8537113617509045,0.0006568937858183028,4.003828697482188,-0.0019695137011025475,4.327911051384608,-546.2491720257235,4.303380914082339,-49.72347266881029,0.0,0.022756772556933393,0.0870967920875561,0.6202517872800701,-0.00017251612831649775,-86.58689729867483,0.6204812371028966,-1.1111111111111112,-1.0876177271430445,0.289264883318977,0.07703637908055858,0.7249420138458542,-1.111629576453697,-0.28280671790492456,-1.0328397003628431,0.15170379944405896,0.8898627048215478,Telecom Services,Communication Services,CNSL
2012Q2,2012,Q2,2012-08-06,2012-06-30,2786000.0,93005000.0,14052000.0,0.09,56479000.0,0.6072684264286866,1479436000.0,26915000.0,466334000.0,102280000.0,1446782000.0,7233000.0,0.0,439397200.0,1553661200.0,0.9065647209404156,4.559385999217834,0.8106116114519317,44.55686420211778,0.008080415069736516,0.9065647209404156,0.10351105331599479,4.724447072738025,39.429038047379755,16.325365038082854,4.164393395549174,5.049910134107563,0.0264043557856081,0.06286517294428418,1.284953070003911,0.001883150065295153,24.751982875168995,0.6072684264286866,0.5,-0.5531453824944418,0.012316631445314221,-0.7815262295522982,-0.017756521739130435,0.5838544627629335,0.27594660855352765,-0.6334092469531735,-0.09776682757578942,-0.5970909527360077,Telecom Services,Communication Services,CNSL
2012Q1,2012,Q1,2012-05-04,2012-03-31,1759000.0,93364000.0,11013000.0,0.06,57500000.0,0.615869071590763,1184743000.0,34428000.0,165730000.0,96048000.0,1144696000.0,6950000.0,0.0,582795070.0,1388339070.0,1.1596214086025127,1.7254914209561887,0.7630659138733041,26.25877192982456,0.007604419800810246,1.1596214086025127,0.051092134309283145,6.242181890236066,82.83045338260375,16.927938596491227,6.578169414440023,5.160287769784173,0.019854320318804346,0.07880527675622477,1.5033316674995836,0.001484710186090992,50.34511662059433,0.615869071590763,-0.7777777777777778,-0.670847041668326,-0.02750829643702295,-0.726466396255787,-0.012892482532488713,-0.776663280853225,-0.301028179741051,-0.5290584616925876,-0.091413238186279,-0.5090889373191029,Telecom Services,Communication Services,CNSL
2011Q4,2011,Q4,2012-03-05,2011-12-31,7876000.0,93651000.0,15756000.0,0.27,58251000.0,0.6220008328795208,1194069000.0,42318000.0,168330000.0,85290000.0,1146257000.0,7151000.0,0.0,563880000.0,1342887000.0,1.4296621621621621,1.9736194161097431,0.7409211695471535,20.906257384564487,0.010882070307261441,1.4296621621621621,0.1861146557020653,6.021078258641125,17.898679532757747,13.324826315043245,1.4713052310817674,4.950356593483429,0.020550471731574094,0.07843014097175288,1.76086293821081,0.006595933735822636,22.08868693199624,0.6220008328795208,0.35000000000000003,15.115873560979406,0.07064896049161073,-0.6562634527998005,-0.006548989511383985,0.3537298040563768,0.03542091082342117,1.1410183521227046,-0.09706299023873495,-0.4020014002814512,Telecom Services,Communication Services,CNSL
2011Q3,2011,Q3,2011-11-03,2011-09-30,5818000.0,92548000.0,15217000.0,0.2,58635000.0,0.6335631240005186,1190373000.0,58355000.0,152509000.0,75598000.0,1126654000.0,7411000.0,0.0,534153650.0,1326900650.0,1.9719190349069036,2.017368184343501,0.7432561054392195,15.161545711592836,0.011022973271006117,1.9719190349069036,0.09970011138719904,5.77163904136232,22.95263191818494,9.153519835489677,1.992265383293228,4.576035622722979,0.02169974875206787,0.0777470591150841,1.7459985713907775,0.00488754365228378,24.770620014839547,0.6335631240005186,0.11111111111111122,1.4575068428344542,-0.019329329928544865,-0.602626524588226,0.004780999383096854,0.08727340683984303,0.03643917722381147,0.1594033791897443,-0.1169731909132651,-0.5520619634871632,Telecom Services,Communication Services,CNSL
2011Q2,2011,Q2,2011-08-04,2011-06-30,5351000.0,92623000.0,14682000.0,0.18,58356000.0,0.6300378955550997,1195081000.0,61262000.0,144437000.0,73358000.0,1128603000.0,8257000.0,0.0,575287920.0,1378069920.0,2.070151725070118,1.9689331770222742,0.7403590216897432,14.442705102673761,0.009907669261099095,2.070151725070118,0.08734615259051288,6.211069820670891,26.877589235656888,9.390616042571253,2.1674453373201272,4.150054499212789,0.020160339886851786,0.07750353323331222,1.6765860574170506,0.004477520770558649,29.558029080820017,0.6300378955550997,-0.28,-0.35421504120182873,0.15881878954897305,-0.685534513109378,-0.023444952055826095,-0.27345553292600133,-0.13124260355029585,28.448762798634814,-0.13800992539075493,-0.5575845263001067,Telecom Services,Communication Services,CNSL
2011Q1,2011,Q1,2011-05-06,2011-03-31,7365000.0,95441000.0,16900000.0,0.25,59757000.0,0.626114562923691,1205205000.0,66678000.0,143799000.0,72470000.0,1133473000.0,8732000.0,0.0,553389100.0,1360974100.0,2.2531679789139325,1.984255554022354,0.7341705353031227,13.270134077206874,0.010944644055727759,2.2531679789139325,0.11045622244218482,5.798232415838057,18.784422946367958,8.2994255976484,1.5655125594025798,4.086578103527256,0.020835249555873077,0.07919067710472492,1.6724851662757003,0.006110993565410034,26.306764594029282,0.626114562923691,0.08695652173913039,1.0739702190362288,0.20056496479523375,-0.6572126367286293,0.00585769832853608,0.08500294637595757,0.12359550561797752,0.9144340112731146,-0.1271066774664557,-0.5224912525564325,Telecom Services,Communication Services,CNSL
2010Q4,2010,Q4,2011-03-04,2010-12-31,6788000.0,93751000.0,15041000.0,0.23,59409000.0,0.6336892406480997,1209546000.0,66953000.0,136250000.0,75592000.0,1137671000.0,7972000.0,0.0,569157000.0,1385628000.0,2.270362834859274,1.8024394115779447,0.7309560777349517,13.205158842770302,0.012264422775920108,2.270362834859274,0.10138455334339014,6.070943243272072,20.96188126104891,8.500843875554494,1.6981437831467294,4.3078273958855995,0.02025275978332868,0.07750924727129022,1.5366176314953963,0.005612023023514608,21.841929541791387,0.6336892406480997,-0.425,4.258685606866565,0.16194413473243346,-0.6616869694773607,0.003445654927793261,-0.42654388780941116,-0.03589513492724825,6.801727715236694,-0.02906695984577695,-0.6206266752838233,Telecom Services,Communication Services,CNSL
2010Q3,2010,Q3,2010-11-05,2010-09-30,11837000.0,95576000.0,15601000.0,0.4,59205000.0,0.6194546748137608,1208060000.0,65329000.0,124804000.0,75691000.0,1136131000.0,7339000.0,0.0,550447610.0,1374486610.0,2.2158192856900585,1.6488618197672114,0.7284406403655448,13.470281192119886,0.01808887913345345,2.2158192856900585,0.18119058917173078,5.759266029128652,11.625572569063108,8.425777372989026,0.9760074343161274,4.955852295953127,0.02098837344393229,0.07911527573133785,1.3612318505502636,0.009798354386371538,39.557859144807765,0.6194546748137608,0.6666666666666669,1.9108700764130206,-0.08478266263372598,-0.770119250728529,-0.014695113833044867,0.6792452830188679,-0.09496461306416057,3.4609511128583095,0.049814050169096034,-0.4039410373232864,Telecom Services,Communication Services,CNSL
2010Q2,2010,Q2,2010-08-06,2010-06-30,7049000.0,95737000.0,17238000.0,0.24,60088000.0,0.6276361281427243,1211252000.0,65423000.0,116915000.0,72080000.0,1139359000.0,7671000.0,0.0,501213948.3,1327639948.3,2.219007563680765,1.622017203107658,0.7265209882006387,13.450927044005931,0.012097501269824193,2.219007563680765,0.10774498265136115,5.23532122690287,17.77606569371542,7.661127559115296,1.6389558802667046,4.647242862729762,0.02305003689379568,0.07903970437200517,1.3245283018867924,0.005819598233893525,24.57172018335131,0.6276361281427243,0.04347826086956513,-0.00853518302849847,0.23174251878402527,4.438426750502563,-0.03646451364613066,0.018641618497109828,-0.04323694288727313,0.13850920360855054,0.04933410061338949,-0.46523955996610117,Telecom Services,Communication Services,CNSL
2010Q1,2010,Q1,2010-05-07,2010-03-31,6920000.0,98302000.0,18017000.0,0.23,62362000.0,0.6343919757482045,1215634000.0,70516000.0,109296000.0,75161000.0,1138772000.0,7582000.0,0.0,558997680.0,1425326680.0,2.391751178645321,1.4541584066204547,0.749130083561335,12.914345680412955,0.011279008590276416,2.391751178645321,0.0981337568778717,5.686534149864703,20.19500289017341,7.927246015088775,1.6684971098265895,4.740174096544448,0.020654826331300693,0.08086479976703514,1.1571692766195234,0.005692502842138341,43.48822778901509,0.6343919757482045,-0.04166666666666659,3.0254198691946614,0.2408349930106147,-0.6857192011625357,-0.024984365228267667,-0.016346837242359632,0.04234885739080127,0.30395293145142105,0.03108081505634085,-0.4358293885391917,Telecom Services,Communication Services,CNSL
2009Q4,2009,Q4,2010-03-08,2009-12-31,7035000.0,100825000.0,17285000.0,0.24,63960000.0,0.6343664765683115,1223043000.0,74502000.0,104366000.0,80577000.0,1142326000.0,6874000.0,0.0,513842080.0,1351428080.0,2.534426452578582,1.295233131042357,0.7197980774183736,11.816380768301523,0.013711445929052489,2.534426452578582,0.0944269952484497,5.096375700471113,18.260201847903343,6.897023972510805,1.6309879175550817,5.362961885365144,0.02232981775256709,0.08243782107415684,1.0534395671221317,0.005752046330341615,22.63920694364894,0.6343664765683115,0.0,1.3425476622942458,-0.6073034352480514,2.2134614056323336,-0.022601201118599,-0.003117472013603514,-0.06557465671964537,13.696079297678219,0.16066365080767736,-0.3906427539323816,Telecom Services,Communication Services,CNSL
2009Q3,2009,Q3,2009-11-06,2009-09-30,7057000.0,101590000.0,18498000.0,0.24,65439000.0,0.6441480460675263,1228291000.0,62263000.0,98432000.0,71089000.0,1160074000.0,7118000.0,0.0,470517890.00000006,1322175890.0,2.1185817822994997,1.3846305335565277,0.7193254692902578,14.190466248012463,0.01451461105017852,2.1185817822994997,0.1133417920755505,4.631537454473866,16.66848129516792,7.5569421646885,1.6538189032166644,5.07881427367238,0.024804582882066394,0.08270841355997886,1.0813627987452348,0.005745381184100511,19.907674635075104,0.6441480460675263,-0.040000000000000036,-0.3549870385322059,-0.6163960611333917,0.0,-0.00394228134798624,-0.061943373654127346,-0.01955795833995866,2.001548198305488,0.08395510303304746,-0.5730716165959785,Telecom Services,Communication Services,CNSL
2009Q2,2009,Q2,2009-08-07,2009-06-30,7523000.0,102042000.0,18867000.0,0.25,65698000.0,0.6438329315379941,1223862000.0,66127000.0,82969000.0,73602000.0,1152007000.0,7068000.0,0.0,344146946.5,1207894946.5,2.250048061954837,1.1272655634357762,0.7221181799908813,13.364782917718935,0.011796178159042223,2.250048061954837,0.11376593524581487,3.372600953528939,11.436492971553903,5.204333275364073,1.5144224378572377,5.142048670062253,0.033105044562701066,0.08337704741220824,0.9001657563653161,0.006146934866839562,18.677246635189405,0.6438329315379941,0.923076923076923,22.45811853827866,-0.5706635698545556,0.0,0.0013412589544276787,1.0348931566134705,0.17507473841554558,-0.0857899210131243,0.2855163828787843,-0.6582074392127163,Telecom Services,Communication Services,CNSL
2009Q1,2009,Q1,2009-05-08,2009-03-31,3697000.0,101710000.0,16056000.0,0.13,65610000.0,0.6450693147183167,1226798000.0,69416000.0,76835000.0,73624000.0,1157382000.0,7373000.0,0.0,301504320.36,1169199320.3600001,2.362182270388744,1.043613495599261,0.7181638704986477,12.69220352656448,0.010255579391374305,2.362182270388744,0.053258614728592835,2.9643527712122704,20.388444709223695,4.343441286735047,3.080335407086827,4.896243048962431,0.03777060304277757,0.08290688442596092,0.8004998370096708,0.003013536050759783,32.78289881048168,0.6450693147183167,0.08333333333333341,1.157645220353414,0.28807403735171305,-0.6896046137383088,-0.019692804207506576,0.014544456641053787,0.6535530381050464,0.04838797396403775,0.28841909891842343,-0.6406276675282594,Telecom Services,Communication Services,CNSL
2008Q4,2008,Q4,2009-03-16,2008-12-31,3644000.0,102742000.0,9710000.0,0.12,66928000.0,0.6514181152790485,1241626000.0,70100000.0,78576000.0,71292000.0,1166341000.0,7482000.0,0.0,348338279.52000004,1214133279.52,2.3907449997960533,1.1021713516243057,0.709767675612463,12.571554921540656,0.00840138889526169,2.3907449997960533,0.051982881597717544,3.3904175460863137,23.89807076838639,4.969162332667619,3.1182766190998903,4.786688051323176,0.03262058943294398,0.08274794503336753,0.8495062559613982,0.002934861222300435,23.42714906987693,0.6514181152790485,-0.2941176470588236,1.177884763794191,-0.598818993245776,2.1446679721202293,0.0133543288011386,-0.2669483001408167,-0.43026462477263394,2.759417906808202,0.2806998700840202,-0.6437484909155574,Telecom Services,Communication Services,CNSL
2008Q3,2008,Q3,2008-11-07,2008-09-30,4971000.0,103824000.0,17043000.0,0.17,66046000.0,0.6361342271536446,1254080000.0,129052000.0,82283000.0,69211000.0,1120156000.0,7094000.0,-142852000.0,442073970.0,1311125970.0,4.402213864797332,1.1888717111441822,0.7028953495789743,6.830479186684437,0.009074950623581103,4.402213864797332,0.038519356538449616,4.2579169556171985,22.23264785757393,3.425549158478753,2.2862603097968215,5.325345362277981,0.025708367312375347,0.08278897677979076,0.8489979916487264,0.00396386195458025,32.45532413185522,0.6361342271536446,16.0,-0.5445053354576159,-0.6069741993869499,0.0,-0.06099294813466788,26.616666666666667,-0.19131672597864768,1.3847127863459001,-0.00011232544845648613,-0.5432911753100331,Telecom Services,Communication Services,CNSL
2008Q2,2008,Q2,2008-08-08,2008-06-30,180000.0,106444000.0,21075000.0,0.01,70336000.0,0.6607793769493818,1263841000.0,137172000.0,80178000.0,72861000.0,1121942000.0,7235000.0,-136455000.0,436504072.5,1308221072.5,4.6792028040013305,1.1004240951949602,0.6979912821312174,6.430977167351938,0.008261271785061896,4.6792028040013305,0.0013122211530049864,4.100786070609898,606.25565625,3.1821659850406787,63.12222222222222,4.990739460953697,0.026029539506759125,0.0842226197757471,0.757744197856192,0.00014242297883990153,105.28318198263386,0.6607793769493818,-0.9230769230769231,1.5147146229511022,-0.5510133910028339,0.0,-0.016980894746404664,-0.9514693987597735,0.026246591351772496,-0.9745375392667143,0.37733433941061156,8.25058190681292,Telecom Services,Communication Services,CNSL
2008Q1,2008,Q1,2008-05-08,2008-03-31,3709000.0,105414000.0,20536000.0,0.13,71551000.0,0.6787618342914603,1295527000.0,134625000.0,100667000.0,83373000.0,1156308000.0,6602000.0,-125274000.0,431670534.97,1289775534.97,4.718589954585521,1.2074292636704929,0.688831649205304,6.6287836583101205,0.011244098638518942,4.718589954585521,0.027550603528319405,4.095001944428634,29.09615361081154,3.2064663693221913,3.062550552709625,5.129203271735838,0.02631404990565182,0.08136765964738674,0.9780744365681936,0.0028629275962600547,36.7441721969697,0.6787618342914603,4.27455919395466,1.229564905382041,0.37501731442469094,-0.37996801943523395,0.25905787538052755,4.600970873786408,0.17429094236047576,1.229564905382041,0.37501731442469094,-0.37996801943523395,Telecom Services,Communication Services,CNSL
2007Q4,2007,Q4,2008-03-17,2007-12-31,-1030000.0,85004000.0,17488000.0,-0.0397,56829000.0,0.6685450096466049,1304591000.0,155366000.0,99615000.0,84943000.0,1144903000.0,6364000.0,-117452000.0,516631143.59999996,1374936143.6,5.984508364044355,1.172727593798194,0.6842343692390949,5.745439800213689,0.005514347089039558,5.984508364044355,-0.00662950709936537,6.077727443414427,-125.3959086407767,3.3252522662616015,-9.759223300970874,4.4272470144563165,0.019456821611557217,0.06515758578742303,0.9222890644314422,-0.0007895194739194123,25.27178709582742,0.6685450096466049,-1.441111111111111,0.9432122236468514,-0.625122852711727,3.8653307039402263,0.07994755045418266,-1.439982913284921,0.2084024322830293,0.9432122236468514,-0.625122852711727,3.8653307039402263,Telecom Services,Communication Services,CNSL
2007Q3,2007,Q3,2007-11-08,2007-09-30,2341000.0,80320000.0,14472000.0,0.09,52622000.0,0.6551543824701195,862067000.0,96695000.0,76272000.0,61939000.0,761136000.0,4529000.0,-105060000.0,516840775.57000005,1086485775.5700002,3.717449823654207,1.23140509210675,0.6890415710147819,6.143027043797508,0.011268211456863715,3.717449823654207,0.024210145302239,6.434770612176296,55.19444420867151,5.3450620566730445,4.29175565997437,6.115698829763745,0.0194392557145276,0.09317141243082035,0.9916530780283828,0.0027155661914909164,67.16579279662119,0.6551543824701195,-0.5714285714285714,-0.7582449000283839,-0.6573255662272824,0.0,-0.04594241786931612,-0.5738212270162024,-0.10963455149501661,-0.7582449000283839,-0.6573255662272824,0.0,Telecom Services,Communication Services,CNSL
2007Q2,2007,Q2,2007-08-09,2007-06-30,5493000.0,80944000.0,16254000.0,0.21,55156000.0,0.6814093694406009,876701000.0,108540000.0,75850000.0,57977000.0,764176000.0,4014000.0,-97351000.0,591413003.23,1169331003.23,4.149535750139073,1.3082774203563483,0.6775400050872532,5.472636815920398,0.019402491330802494,4.149535750139073,0.050608070757324486,7.306446472005337,26.916666813671945,5.448802314630551,1.8292372109958128,6.424514200298954,0.016989819204384894,0.0923279430501391,1.0518481466788554,0.006265534087448286,55.521310855238454,0.6814093694406009,0.16666666666666666,18.60381906273531,-0.6173513727080012,0.0,-0.038273090268696276,0.18921844555098505,-0.11773326819736199,18.60381906273531,-0.6173513727080012,0.0,Telecom Services,Communication Services,CNSL
2007Q1,2007,Q1,2007-05-10,2007-03-31,4619000.0,82980000.0,18423000.0,0.18,57351000.0,0.6911424439624005,881429000.0,108788000.0,76546000.0,63706000.0,768774000.0,3846000.0,-92796000.0,510399497.79,1078296497.79,4.239411146306175,1.2015508743289487,0.673905669089626,5.460161047174321,0.014577802100169878,4.239411146306175,0.04245872706548516,6.150873677874187,27.624999880385364,4.6916893204213705,2.1747131413725915,6.66380655226209,0.019680661998090248,0.09414257983342958,0.971509747904436,0.005240354016035324,52.16675161385936,0.6911424439624005,10.72972972972973,2.0870898573877157,0.20343136531234202,-0.4429330552619601,0.017782036948304318,9.865642994241842,2.8309419837804115,2.0870898573877157,0.20343136531234202,-0.4429330552619601,Telecom Services,Communication Services,CNSL
