Quarters,Year,Quarter,FillingDate,Date,NetIncome,Revenue,OperatingIncome,EPSDiluted,GrossProfit,GrossProfitRatio,TotalAssets,CommonStockEquity,CurrentAssets,CurrentLiability,TotalLiability,Inventory,RetainedEarnings,MarketCap,EnterpriseValue,bookValuePerShare,currentRatio,debtToAssets,debtToEquity,roic,shareholdersEquityPerShare,roe,priceToSalesRatio,peRatio,pbRatio,payoutRatio,inventoryTurnover,dividendYield,assetTurnover,quickRatio,returnOnAssets,priceToFreeCashFlowsRatio,grossProfitMargin,epsdilutedGrowth,fiveYNetIncomeGrowthPerShare,fiveYRevenueGrowthPerShare,fiveYShareholdersEquityGrowthPerShare,grossProfitGrowth,netIncomeGrowth,operatingIncomeGrowth,threeYNetIncomeGrowthPerShare,threeYRevenueGrowthPerShare,threeYShareholdersEquityGrowthPerShare,Industry,Sector,Symbol
2024Q1,2024,Q1,2023-05-25,2023-04-29,299000000.0,7323800000.0,419700000.0,1.35,2234700000.0,0.3051284852,23108600000.0,8899700000.0,6267600000.0,4141500000.0,14208900000.0,5112000000.0,8422000000.0,33985281000.0,43261081000.0,40.25192220714609,1.513364722926476,0.4391698328760721,1.140330572940661,0.012366862967308354,40.25192220714609,0.033596638088924345,4.640389005707419,28.41578678929766,3.8186996190882843,0.0,0.9955203442879499,0.0,0.3169296279307271,0.21074489919111433,0.012938905861886917,85.11214876033058,0.30512848521259456,-0.338235294117647,1.001110279810238,0.4165402886355087,0.29964945881387167,-0.06497907949790795,-0.33878814683768244,-0.004270462633451958,0.29388853938560977,0.2481970436675817,0.46239308819325026,Discount Stores,Consumer Defensive,DLTR
2023Q4,2023,Q4,2023-03-10,2023-01-28,452200000.0,7720700000.0,421500000.0,2.04,2390000000.0,0.3095574235,23022100000.0,8751500000.0,6367100000.0,4225200000.0,14270600000.0,5449300000.0,8123000000.0,33246807000.0,42730507000.0,39.58163726820443,1.5069345829783205,0.43985996064650923,1.1571159229846313,0.01262776095605705,39.58163726820443,0.051671142089927444,4.30619075990519,18.3805876824414,3.7989838313431985,0.0,0.9782357367001266,0.0,0.33536037112166134,0.15213481018650005,0.01964199616889858,60.14255969609262,0.30955742354967813,0.7000000000000001,-0.5335754472691651,0.3022205207707279,0.30720860448854703,0.15191825718141508,0.6942675159235668,0.1054287962234461,2.935817586127014,0.3087967472160231,0.4978853906414256,Discount Stores,Consumer Defensive,DLTR
2023Q3,2023,Q3,2022-11-22,2022-10-29,266900000.0,6939900000.0,381300000.0,1.2,2074800000.0,0.2989668439,22909500000.0,8275300000.0,6446600000.0,4683100000.0,14634200000.0,5657700000.0,7670800000.0,35229810000.0,45143810000.0,37.242574257425744,1.376566804040059,0.451908596870294,1.2510724686718306,0.011586409745435724,37.242574257425744,0.03225260715623603,5.076414645744175,32.99907268639941,4.257224511498073,0.0,0.859907736359298,0.0,0.30292673345118837,0.09374132519057889,0.011650188786311355,-196.8145810055866,0.2989668439026499,-0.25000000000000006,0.1861492318469029,0.39168271019631024,0.44245333795212266,-0.024816694867456288,-0.2584051125312587,-0.24554808072813614,0.11148149607767646,0.28655002651774003,0.4401054231507481,Discount Stores,Consumer Defensive,DLTR
2023Q2,2023,Q2,2022-08-25,2022-07-30,359900000.0,6768500000.0,505400000.0,1.6,2127600000.0,0.3143384797,22676300000.0,8396500000.0,6377300000.0,4380500000.0,14279800000.0,5422200000.0,7403900000.0,37073712000.0,46371912000.0,37.450936663693135,1.45583837461477,0.4404201743670705,1.189436074554874,0.015356877996652333,37.450936663693135,0.0428630977192878,5.477389672748763,25.752786885245904,4.415376883225154,0.0,0.8559071963409686,0.0,0.2984834386562182,0.15726515237986533,0.01587119591820535,-125.6736,0.31433847972224277,-0.32489451476793246,0.6251744631038675,0.353076864373335,0.5126850121661658,-0.09193341869398207,-0.3290454884414616,-0.3090909090909091,1.1154216656449778,0.24952794877359596,0.5170128972319566,Discount Stores,Consumer Defensive,DLTR
2023Q1,2023,Q1,2022-05-26,2022-04-30,536400000.0,6902600000.0,731500000.0,2.37,2343000000.0,0.3394373135,22372300000.0,8241500000.0,6282300000.0,4289900000.0,14130800000.0,4801100000.0,7044000000.0,36599985000.0,45294185000.0,36.58011540168664,1.464439730529849,0.4430791648601172,1.2027786203967725,0.022822494270479436,36.58011540168664,0.06508523933749924,5.302347666096833,17.058158557046976,4.440937329369653,0.0,0.9496990273062423,0.0,0.3085333202218815,0.2840392549942889,0.023976077560197206,129.6951984408221,0.33943731347608147,0.17910447761194048,1.8059305796759768,0.3692971754489271,0.5410735014117584,0.09470634957716208,0.1809775429326288,0.2638217000691085,1.115104459451601,0.255305770548151,0.5125466852449522,Discount Stores,Consumer Defensive,DLTR
2022Q4,2022,Q4,2022-03-15,2022-01-29,454200000.0,7080600000.0,578800000.0,2.01,2140300000.0,0.3022766432,21721800000.0,7718500000.0,5609200000.0,4176600000.0,14003300000.0,4367300000.0,6507600000.0,28910250000.000004,37895650000.0,34.30444444444444,1.3430062730450605,0.45899971457245714,1.2917406231780786,0.02172355197077684,34.30444444444444,0.05884563062771264,4.083022625201255,15.912731175693526,3.7455788041717955,0.0,1.1312023446980972,0.0,0.32596746126011655,0.23581381985346933,0.020909869347844102,207.09348137535818,0.3022766432223258,1.0937499999999998,0.4810665009322562,0.3184117824505368,0.502788632216965,0.21194790486976217,1.095018450184502,0.8640901771336554,1.2082542985117757,0.20700401813532743,0.4468549465306451,Discount Stores,Consumer Defensive,DLTR
2022Q3,2022,Q3,2021-11-23,2021-10-30,216800000.0,6417700000.0,310500000.0,0.96,1766000000.0,0.2751764651,21390000000.0,7244400000.0,5374500000.0,4291200000.0,14145600000.0,4316000000.0,6053400000.0,24235224000.0,33303924000.0,32.211649622054246,1.2524468680089484,0.4567601683029453,1.3486417094583403,0.010321491877565748,32.211649622054246,0.029926563966650103,3.7763098929523036,27.946522140221404,3.3453735298989566,0.0,1.0777803521779425,0.0,0.3000327255726975,0.16345078299776286,0.01013557737260402,-1864.248,0.27517646508873894,-0.21951219512195125,0.3246353468674501,0.3453175286264997,0.5047461182083702,-0.05257510729613734,-0.23229461756373937,-0.22799602187966186,-0.18618952481364634,0.2256563367370324,-0.03524424404996729,Discount Stores,Consumer Defensive,DLTR
2022Q2,2022,Q2,2021-08-26,2021-07-31,282400000.0,6343200000.0,402200000.0,1.23,1864000000.0,0.2938579897,20445200000.0,7011700000.0,4648100000.0,3722700000.0,13433500000.0,3667700000.0,5836600000.0,22811994000.0,31767994000.0,30.672353455818023,1.2485830177022055,0.4733042474517246,1.3800932726728183,0.013297210533759611,30.672353455818023,0.040275539455481554,3.5962911464245177,20.19475389518414,3.253418429196914,0.0,1.2212558279030454,0.0,0.3102537514917927,0.19362290810433289,0.013812533015084226,-465.55089795918366,0.2938579896582167,-0.23125000000000007,0.7100318394395766,0.30845550116535064,0.48786396141380856,-0.05236400610066091,-0.2459279038718291,-0.2263896903250625,0.07297814498269858,0.1946678537920563,-0.045838131789590474,Discount Stores,Consumer Defensive,DLTR
2022Q1,2022,Q1,2021-05-27,2021-05-01,374500000.0,6479700000.0,519900000.0,1.6,1967000000.0,0.3035634366,21050700000.0,7411300000.0,5304900000.0,3902200000.0,13639400000.0,3604600000.0,0.0,26794680000.0,35003380000.0,31.780874785591767,1.359463892163395,0.459965701853145,1.3064644529299854,0.0169810651384578,31.780874785591767,0.050530945987883366,4.135172924672439,17.886969292389853,3.6153819168027206,0.0,1.2519280918825946,0.0,0.3078139919337599,0.3777100097380965,0.01779038226757305,80.92624584717608,0.303563436578854,-0.24882629107981213,0.6238608813975104,0.2855500891157144,0.6014304944855537,-0.08630620587142326,-0.25517104216388226,-0.23723591549295775,1.376357918810749,0.18824925518262042,0.026137248878834743,Discount Stores,Consumer Defensive,DLTR
2021Q4,2021,Q4,2021-03-16,2021-01-30,502800000.0,6767900000.0,681600000.0,2.13,2152800000.0,0.3180898063,20696000000.0,7285300000.0,5050800000.0,3730300000.0,13410700000.0,3427000000.0,5179700000.0,23849436000.0,32072636000.0,31.054134697357203,1.3539929764362115,0.46578565906455355,1.3231987701261445,0.022681500003270107,31.054134697357203,0.06901568912742097,3.52390490403227,11.858311455847256,3.273638148051556,0.0,1.3466880653632916,0.0,0.3270148821028218,0.37978178698764176,0.024294549671434094,30.139562744850245,0.3180898062914641,0.5323741007194245,1.1984409028468037,0.2630336800515466,0.655271560600242,0.11868634379546872,0.5236363636363637,0.46423200859291086,-0.5112274026376079,0.07582721195561376,0.02558243880276912,Discount Stores,Consumer Defensive,DLTR
2021Q3,2021,Q3,2020-11-24,2020-10-31,330000000.0,6177000000.0,465500000.0,1.39,1924400000.0,0.3115428201,20652200000.0,6961100000.0,5171000000.0,4042300000.0,13691100000.0,3792300000.0,4676900000.0,21387776000.0,30053376000.0,29.39653716216216,1.2792222249709324,0.4737461384259304,1.4055106233210268,0.015628054790532753,29.39653716216216,0.04740630072833316,3.4624859964384007,16.202860606060604,3.0724707302006866,0.0,1.1213775281491443,0.0,0.299096464299203,0.27664943225391486,0.01597892718451303,354.6894859038143,0.3115428201392262,0.26363636363636345,2.9935711810711814,0.2380127925031315,0.6656287170970643,0.0042793027867654735,0.26195028680688337,0.24166444385169378,0.3761540563072453,0.16232338908426538,0.13856611685052164,Discount Stores,Consumer Defensive,DLTR
2021Q2,2021,Q2,2020-08-27,2020-08-01,261500000.0,6277600000.0,374900000.0,1.1,1916200000.0,0.3052440423,20671000000.0,6813600000.0,5232500000.0,4278800000.0,13857400000.0,3275700000.0,4346900000.0,22151955000.0,30692155000.0,28.713021491782555,1.2228895952136114,0.4978230371051231,1.5102882470353411,0.012341606113910844,28.713021491782555,0.03837912410473171,3.5287299286351472,21.177777246653918,3.2511381648467768,0.0,1.3314406081142962,0.0,0.3036911615306468,0.40906328877255305,0.012650573266895651,91.23539950576607,0.30524404230916274,0.057692307692307744,3.4097392433585316,0.8826885037257168,0.5204350149960469,0.06758036659423923,0.0561389337641357,0.024596884394643345,0.11564932262979916,0.18566375703028076,0.15975089367341228,Discount Stores,Consumer Defensive,DLTR
2021Q1,2021,Q1,2020-05-28,2020-05-02,247600000.0,6286800000.0,365900000.0,1.04,1794900000.0,0.2855029586,20471800000.0,6520600000.0,5165400000.0,4504200000.0,13951200000.0,3198500000.0,4085400000.0,18333691000.0,27002091000.0,27.524693963697764,1.146796323431464,0.5091638253597632,1.5985492132625831,0.01206306616267602,27.524693963697764,0.03797196577002116,2.9162198574791627,18.511400444264943,2.811657056099132,0.0,1.4043770517430045,0.0,0.3070956144550064,0.389658540917366,0.012094686349026466,25.354295394827826,0.28550295857988167,1.0,2.1009119593308045,1.5139386064347062,2.0337780069031854,-0.08446824789594491,1.0130081300813008,0.46712109061748197,0.23178503719595067,0.18607125498055313,0.15958017179921224,Discount Stores,Consumer Defensive,DLTR
2020Q4,2020,Q4,2020-03-20,2020-02-01,123000000.0,6315300000.0,249400000.0,0.52,1960500000.0,0.3104365588,19574600000.0,6254800000.0,4269400000.0,3546500000.0,13319800000.0,3522000000.0,3837800000.0,20609469000.0,30406869000.0,26.42501056189269,1.2038347666713662,0.528061876104748,1.6525868133273647,0.00640807413748346,26.42501056189269,0.01966489735882842,3.2634188399600967,41.88916463414634,3.294984491910213,0.0,1.2364565587734242,0.0,0.3226272822944019,0.18398420978429436,0.006283653305814678,34.13293971513746,0.31043655883330956,-0.5185185185185185,-0.4823680326032585,1.2169175717742813,2.045167883799062,0.1501906717512467,-0.5191555903049258,-0.3041294642857143,-0.6187439001623473,0.11778753171519625,0.15761109447311705,Discount Stores,Consumer Defensive,DLTR
2020Q3,2020,Q3,2019-11-26,2019-11-02,255800000.0,5746200000.0,358400000.0,1.08,1704500000.0,0.2966308169,19742100000.0,6121300000.0,4572300000.0,4179700000.0,13620800000.0,3882900000.0,3714800000.0,26448858000.0,36123958000.0,25.861005492184198,1.0939301863770128,0.5120427918002645,1.6514139153447798,0.013108999623615749,25.861005492184198,0.041788508976851324,4.602843270335178,25.849157544956995,4.3207910084459185,0.0,1.0408972675062453,0.0,0.2910632607473369,0.10376342799722468,0.012957081566803938,-241.54208219178082,0.2966308168876823,0.42105263157894746,0.6706049026241141,1.382210336765888,2.3543768400688103,0.03397027600849257,0.4187465335551858,0.33283748605429525,0.48500802112969427,0.14450402487173677,0.20807993641797917,Discount Stores,Consumer Defensive,DLTR
2020Q2,2020,Q2,2019-08-29,2019-08-03,180300000.0,5740600000.0,268900000.0,0.76,1648500000.0,0.2871651047,19493800000.0,5865700000.0,4340800000.0,4094000000.0,13628100000.0,3470900000.0,3459000000.0,23016312000.0,32643912000.0,24.687289562289564,1.0602833414753297,0.5258595040474408,1.7476175051570997,0.009605408564751958,24.687289562289564,0.030738019332730963,4.009391352820263,31.913910149750418,3.9238815486642684,0.0,1.1789737532052205,0.0,0.294483374201028,0.15227161700048852,0.009249094583918989,-348.20441754916794,0.28716510469288925,-0.3214285714285715,0.28534106497069456,1.4480761034598857,2.5084898777150695,-0.0455650764242705,-0.3269876819708847,-0.30246433203631645,0.05042493085971352,0.13929877132647195,0.19753864005341304,Discount Stores,Consumer Defensive,DLTR
2020Q1,2020,Q1,2019-05-31,2019-05-04,267900000.0,5808700000.0,385500000.0,1.12,1727200000.0,0.2973470828,19354300000.0,5755900000.0,4246100000.0,3979300000.0,13598400000.0,3325500000.0,3278700000.0,25899160000.0,35505660000.0,24.184453781512605,1.067046968059709,0.5338503588349875,1.7950798311297973,0.013555658215109696,24.184453781512605,0.04654354662172727,4.458684387212285,24.168682344158267,4.499584773884188,0.0,1.2273342354533152,0.0,0.30012452013247704,0.18239388837232678,0.013841885265806564,63.96433687330205,0.2973470828240398,1.1159420289855073,0.6831549973568604,1.523233195692915,2.7952231309886226,-0.09669996339103604,1.1161248374512354,-0.33488612836438925,0.13820712642598937,0.129183802586275,0.21864870112855822,Discount Stores,Consumer Defensive,DLTR
2019Q4,2019,Q4,2019-03-27,2019-02-02,-2307000000.0,6205200000.0,579600000.0,-9.66,1912100000.0,0.3081447818,13501200000.0,5642900000.0,4293300000.0,2095700000.0,7858300000.0,3536000000.0,3076100000.0,23012220000.0,26855420000.0,23.70966386554622,2.048623371665792,0.3159200663644713,0.7558702085806943,0.06150703465101919,23.70966386554622,-0.40883233798224317,3.7085380003867723,-2.493738621586476,4.078083963919261,0.0,1.2141119909502263,0.0,0.4596035907919296,0.24955862003149307,-0.17087370011554529,44.19477626272326,0.3081447817959131,-9.186440677966102,-10.46584236697964,1.427687663727176,3.214556291466788,0.14366887971768647,-9.18665720369056,0.49458483754512633,-10.943016770026786,0.1414787554072567,0.26379088293739517,Discount Stores,Consumer Defensive,DLTR
2019Q3,2019,Q3,2018-11-29,2018-11-03,281800000.0,5538800000.0,387800000.0,1.18,1671900000.0,0.3018523868,16649300000.0,7943100000.0,4749500000.0,2135700000.0,8706200000.0,3715600000.0,0.0,20257185000.0,24592685000.0,33.388398486759144,2.223861029170764,0.302943667301328,0.6349913761629591,0.0247493832019868,33.388398486759144,0.03547733252760257,3.6573237885462557,17.971242902767923,2.550287041583261,0.0,1.040720206696092,0.0,0.33267464698215543,0.33164770332911925,0.016925636513246804,374.43964879852126,0.3018523867985845,0.026086956521739157,1.0460086361725704,1.6757002746815448,6.541112734339969,0.00480798124887313,0.028842643300474625,0.013856209150326797,2.3944993869331825,0.10496995791827134,0.8918104207528298,Discount Stores,Consumer Defensive,DLTR
2019Q2,2019,Q2,2018-08-30,2018-08-04,273900000.0,5525600000.0,382500000.0,1.15,1663900000.0,0.3011256696,16103600000.0,7647500000.0,4272800000.0,1907400000.0,8456100000.0,3288200000.0,0.0,21477612000.0,25872112000.0,32.145859604876,2.240117437349271,0.3130852728582429,0.659274272638117,0.024448642269612315,32.145859604876,0.035815626021575675,3.8869284783552915,19.603515881708653,2.808448774109186,0.0,1.1744115321452466,0.0,0.3431282446161107,0.3393624829610989,0.017008619190739958,128.14804295942722,0.30112566961054005,0.7164179104477609,1.0625966379841254,1.7973555426884624,2.933065904884878,-0.021004942339373972,0.7065420560747664,-0.12591407678244973,3.517640322207067,0.6529798909069303,0.7022134206387268,Discount Stores,Consumer Defensive,DLTR
2019Q1,2019,Q1,2018-05-31,2018-05-05,160500000.0,5553700000.0,437600000.0,0.67,1699600000.0,0.3060302141,15827100000.0,7355700000.0,4042000000.0,1917200000.0,8471400000.0,3248200000.0,0.0,22232375000.0,26797275000.0,30.97136842105263,2.108282912580847,0.318447473005162,0.6851965142678467,0.027319266676056934,30.97136842105263,0.021819813206085076,4.003164556962025,34.629867601246104,3.02246896964259,0.0,1.1865340804137676,0.0,0.3508981430584251,0.2478614646359274,0.010140834391644711,107.66283292978208,0.30603021409150655,-0.8466819221967964,0.13492134831460667,1.8098900203665989,2.9913667873771344,-0.19105188005711565,-0.8456879146235939,-0.4284221525600836,1.0050041650889814,1.2151793081269813,2.4136712467506163,Discount Stores,Consumer Defensive,DLTR
2018Q4,2018,Q4,2018-03-16,2018-02-03,1040100000.0,6360600000.0,765600000.0,4.37,2101000000.0,0.3303147502,16332800000.0,7182300000.0,4576300000.0,2859100000.0,9150500000.0,3169300000.0,4666900000.0,25814476000.0,30394676000.0,30.279510961214164,1.6006085831205623,0.34764400470219436,0.7905545577322027,0.08954343221398554,30.279510961214164,0.1448143352408003,4.058496997138635,6.204806268628016,3.594179580357267,0.0,1.3440191840469504,0.0,0.38943720611285265,0.4155853240530237,0.06368167123824452,35.126515172132265,0.33031475018080053,3.326732673267327,3.331198850986797,1.6961016381787883,3.1007098752726914,0.26110444177671066,3.3355564818674446,0.8005644402634055,3.3679197171194204,1.2281130273288543,2.489353167911346,Discount Stores,Consumer Defensive,DLTR
2018Q3,2018,Q3,2017-11-21,2017-10-28,239900000.0,5316600000.0,425200000.0,1.01,1666000000.0,0.3133581612,15730200000.0,6116500000.0,3972600000.0,2039900000.0,9613700000.0,3397800000.0,0.0,22081449000.0,27404249000.0,25.818910932883075,1.9474484043335458,0.36381609896886247,0.9356494727376767,0.024262923999945635,25.818910932883075,0.0392217771601406,4.153302674641688,23.01109733222176,3.6101445270988304,0.0,1.0744010830537407,0.0,0.33798680245642143,0.19613706554242855,0.015250918615147931,-84.79819124423963,0.31335816123086185,0.03061224489795921,0.49097442132478003,1.9844909711792427,2.8386944060326518,0.02346725641970758,0.026090675791274595,0.013587604290822407,0.5654408287497974,1.2022496575420294,2.3489168429756866,Discount Stores,Consumer Defensive,DLTR
2018Q2,2018,Q2,2017-08-24,2017-07-29,233800000.0,5281200000.0,419500000.0,0.98,1627800000.0,0.3082254033,15532300000.0,5860200000.0,3815200000.0,2084700000.0,9672100000.0,2928500000.0,0.0,16995060000.0,22173760000.0,24.75792141951838,1.8300954573799588,0.0,0.0,0.04870918676008586,24.75792141951838,0.03989624927476878,3.2180299931833676,18.172647562018817,2.9000819084672878,0.0,1.2475328666552843,0.0,0.3400140352684406,0.3344845781167554,0.015052503492721619,204.51335740072201,0.30822540331742787,0.15294117647058825,0.9166624135555161,2.0275233778070434,2.7600178754659233,0.0004302132628603036,0.16608478802992518,0.07896090534979423,0.6730747364742575,1.2607285606162573,2.51852788352799,Discount Stores,Consumer Defensive,DLTR
2018Q1,2018,Q1,2017-05-25,2017-04-29,200500000.0,5287100000.0,388800000.0,0.85,1627100000.0,0.3077490496,15994700000.0,5609000000.0,4278100000.0,2240600000.0,10385700000.0,2878400000.0,0.0,19558551000.0,24818651000.0,23.73677528565383,1.9093546371507633,0.0,0.0,0.04428965057864188,23.73677528565383,0.035746122303440896,3.699296589812941,24.387220698254364,3.486994294883223,0.0,1.2715397443023901,0.0,0.3305532457626589,0.517227528340623,0.01253540235202911,61.04416666666667,0.3077490495734902,-0.37500000000000006,0.6926103440093342,2.0064630642966277,2.7129793030916027,-0.09970674486803519,-0.3769422001243008,-0.3370843989769821,0.26875863096686115,1.3131787955039926,2.724969744326311,Discount Stores,Consumer Defensive,DLTR
2017Q4,2017,Q4,2017-03-28,2017-01-28,321800000.0,5635500000.0,586500000.0,1.36,1807300000.0,0.3206991394,15701600000.0,5389500000.0,3938000000.0,2105900000.0,10312100000.0,2865800000.0,2952600000.0,17483205000.0,22938605000.0,22.827191867852605,1.8699843297402536,0.4026213889030417,1.1729845069115874,0.03238033289610653,22.827191867852605,0.059708692828648297,3.1023343092893265,13.582353169670602,3.2439382131923185,0.0,1.3358224579524043,0.0,0.3589124675192337,0.4787976637067287,0.020494726652060938,19.34196813806837,0.3206991393842605,0.8888888888888891,0.6915771836966637,1.8609578240988431,2.95902212076694,0.18862216376192042,0.8752913752913752,0.7129088785046729,0.33100192376072074,1.2225444310349232,3.057690806953214,Discount Stores,Consumer Defensive,DLTR
2017Q3,2017,Q3,2016-12-06,2016-10-29,171600000.0,5001600000.0,342400000.0,0.72,1520500000.0,0.3040027191,16195000000.0,5047700000.0,4342400000.0,2134200000.0,11147300000.0,3273900000.0,0.0,17734518000.0,24214718000.0,21.406700593723496,2.0346734139255926,0.0,0.0,0.05056525301189639,21.406700593723496,0.03399568120133922,3.545768953934741,25.837001748251748,3.5133858985280417,0.0,1.0632884327560401,0.0,0.30883606051250384,0.3457033080311124,0.010595862920654522,-147.05238805970149,0.3040027191298784,0.0,0.6685683674835945,2.1831407644552563,2.544851380369168,0.005355725998413118,0.008225616921269096,-0.04143337066069429,0.25699745547073777,1.4377062865007368,3.8349231997919806,Discount Stores,Consumer Defensive,DLTR
2017Q2,2017,Q2,2016-09-02,2016-07-30,170200000.0,4996300000.0,357200000.0,0.72,1512400000.0,0.302704001,16329400000.0,4856900000.0,4449400000.0,2180000000.0,11472500000.0,2975100000.0,0.0,22685924000.0,29030724000.0,20.615025466893037,2.0410091743119265,0.0,0.0,0.0463776735902157,20.615025466893037,0.03504292861701909,4.540544803154334,33.322450058754406,4.6708649550124575,0.0,1.1710194615307048,0.0,0.3059696008426519,0.503302752293578,0.010422918172131248,119.84111991547807,0.30270400096071093,-0.2653061224489796,0.8619778481861883,2.3630448369660932,2.1759370342016986,-0.027145246365624598,-0.26858616244091105,-0.14688320993551468,0.2941987765543927,1.5540881898547791,1.5222611804063229,Discount Stores,Consumer Defensive,DLTR
2017Q1,2017,Q1,2016-06-09,2016-04-30,232700000.0,5085800000.0,418700000.0,0.98,1554600000.0,0.3056746235,16060900000.0,4669600000.0,4172100000.0,2049100000.0,11391300000.0,2929500000.0,0.0,18755763000.0,25299063000.0,19.845303867403317,2.0360646137328584,0.0,0.0,0.06292238011826307,19.845303867403317,0.049832962138084635,3.6878687718746312,20.150153631284915,4.016567371937638,0.0,1.2053934118450247,0.0,0.3166572234432691,0.4556634620077107,0.014488602755760886,138.82874167283495,0.30567462346140234,0.010309278350515474,1.4008971062852142,2.4282810566711057,2.273066865061743,-0.05930049618782524,0.016157205240174673,-0.10876968922945934,0.6608438347093757,1.5972148048640942,1.557519760344786,Discount Stores,Consumer Defensive,DLTR
2016Q4,2016,Q4,2016-03-28,2016-01-30,229000000.0,5365300000.0,469800000.0,0.97,1652600000.0,0.3080163271,15901200000.0,4406900000.0,3935900000.0,2095400000.0,11494300000.0,2885500000.0,2056400000.0,19102068000.0,25712368000.0,18.76074925500213,1.8783525818459483,0.4620028677080975,1.6670221697792098,0.025967464818844,18.76074925500213,0.05196396559940094,3.560298212588299,20.853786026200872,4.33458167873108,0.0,1.2866747530757234,0.0,0.3374147863054361,0.42703063854156725,0.014401428822981913,27.772707182320442,0.30801632713920934,1.7714285714285716,0.5094187379244852,2.3308648242689367,2.2352327022334033,0.18042857142857144,1.7960927960927962,1.100134108180599,-0.037057894370270586,1.2964862729808382,1.5407408275532182,Discount Stores,Consumer Defensive,DLTR
2016Q3,2016,Q3,2015-11-24,2015-10-31,81900000.0,4945200000.0,223700000.0,0.35,1400000000.0,0.2831028068,16699000000.0,4142200000.0,4628000000.0,2161200000.0,12556800000.0,3185300000.0,0.0,15370502999.999998,22762603000.0,17.648913506604174,2.141402924301314,0.0,0.0,0.035469279619549085,17.648913506604174,0.01977210178166192,3.1081661004610526,46.91850732600732,3.710710009173869,0.0,1.112987787649515,0.0,0.29613749326306965,0.5140199888950583,0.00490448529852087,-88.13361811926605,0.28310280676211275,1.7608695652173914,-0.049731096770418246,2.748522906220726,2.1718554368900578,0.637043966323667,1.8357142857142856,0.8128038897893031,-0.48622162853095957,1.8020256990225514,1.623998577107697,Discount Stores,Consumer Defensive,DLTR
2016Q2,2016,Q2,2015-09-01,2015-08-01,-98000000.0,3011200000.0,123400000.0,-0.46,855200000.0,0.2840063762,16565100000.0,4047000000.0,4524700000.0,2073300000.0,12518100000.0,2825100000.0,0.0,16721829000.0,23767829000.0,18.884741017265515,2.1823662759851445,0.5039812618094669,2.062886088460588,0.006860844706755508,18.884741017265515,-0.024215468248085,5.553211012221041,-42.657727040816326,4.131907338769459,0.0,0.7631588262362394,0.0,0.1817797658933541,0.6301548256402836,-0.005916052423468618,-60.60829648423342,0.28400637619553665,-2.3529411764705883,-2.4926833937566557,1.596319468340933,2.480314920735288,0.14194151422085727,-2.4100719424460433,-0.4699312714776632,-1.8873670166955314,0.9066482509050613,1.8680502936923926,Discount Stores,Consumer Defensive,DLTR
2016Q1,2016,Q1,2015-05-21,2015-05-02,69500000.0,2176700000.0,232800000.0,0.34,748900000.0,0.3440529242,10869200000.0,1870800000.0,9335600000.0,1015200000.0,8998400000.0,1093500000.0,0.0,16027926000.0,22977526000.0,9.07274490785645,9.195823483057525,0.0,0.0,0.07640011151481083,9.07274490785645,0.03714988240324995,7.363406073413883,57.65441007194245,8.567418216805645,0.0,1.3057155921353452,0.0,0.20026312884112907,0.8573680063041765,0.0063942148456188124,254.81599364069953,0.3440529241512381,-0.7068965517241378,0.3704637373497064,1.0182225474292208,0.81454898157129,-0.1842936499292016,-0.6634382566585957,-0.3931178310740355,-0.32763905493023754,0.4184433186219085,0.4191866274885545,Discount Stores,Consumer Defensive,DLTR
2015Q4,2015,Q4,2015-03-13,2015-01-31,206500000.0,2475600000.0,383600000.0,1.16,918100000.0,0.3708595896,3567000000.0,1785000000.0,1994600000.0,861600000.0,1782000000.0,1035700000.0,1774000000.0,14625269999.999998,14518169999.999998,8.677685950413224,2.314995357474466,0.21222315671432576,0.42408963585434173,0.09600074266797166,8.677685950413224,0.11568627450980393,5.907767813863305,17.706138014527845,8.19342857142857,0.0,1.5038138457082166,0.0,0.6940285954583684,1.0029015784586814,0.05789178581440987,31.310789980732174,0.37085958959444176,0.8124999999999999,0.9787770755685191,1.0547376792093874,0.6156816620521682,0.26582103956983316,0.5526315789473685,0.7460172963131543,0.24591246339360154,0.4425177666760485,0.5050099387448787,Discount Stores,Consumer Defensive,DLTR
2015Q3,2015,Q3,2014-11-20,2014-11-01,133000000.0,2095200000.0,219700000.0,0.64,725300000.0,0.3461722031,3367700000.0,1585100000.0,1796100000.0,866500000.0,1782600000.0,1304900000.0,0.0,12453192000.0,12802592000.0,7.709630350194552,2.0728216964800925,0.0,0.0,0.08807563917240169,7.709630350194552,0.08390637814648919,5.943676975945017,23.408255639097742,7.856407797615293,0.0,1.0498122461491302,0.0,0.6221456780592095,0.47039815349105596,0.039492828933693616,-175.39707042253522,0.346172203130966,0.08474576271186449,1.541071408195169,1.186336357905607,0.5589176321361013,0.04495029534649186,0.09465020576131687,0.07170731707317073,0.4831977361160242,0.5293013217289072,0.27667940556127907,Discount Stores,Consumer Defensive,DLTR
2015Q2,2015,Q2,2014-08-21,2014-08-02,121500000.0,2031100000.0,205000000.0,0.59,694100000.0,0.3417360051,3146700000.0,1448100000.0,1663200000.0,783000000.0,1698600000.0,1084000000.0,0.0,11257260000.0,11529560000.0,7.036443148688047,2.1241379310344826,0.0,0.0,0.08748791607735482,7.036443148688047,0.0839030453697949,5.54244498055241,23.163086419753085,7.773813963124094,0.0,1.2333948339483394,0.0,0.6454698573108336,0.5973180076628353,0.038611879111450094,142.85862944162437,0.3417360051203781,-0.11940298507462696,1.792108809378635,1.1719218950723427,0.44498386089129527,-0.003588860178007465,-0.12147505422993492,-0.1159982751185856,0.5216723449879728,0.565111821996137,0.08402972486558935,Discount Stores,Consumer Defensive,DLTR
2015Q1,2015,Q1,2014-05-22,2014-05-03,138300000.0,2000300000.0,231900000.0,0.67,696600000.0,0.3482477628,2958000000.0,1317800000.0,1537000000.0,724500000.0,1640200000.0,1042900000.0,0.0,10857000000.0,11226900000.0,6.372340425531915,2.121463077984817,0.2559161595672752,0.5744422522385795,0.06906954693394655,6.372340425531915,0.10494764000607072,5.427685847122931,19.625813449023862,8.23873121869783,0.0,1.2500719148528143,0.0,0.6762339418526031,0.5342995169082125,0.04675456389452333,85.96199524940617,0.3482477628355747,-0.34313725490196073,2.006107734382005,1.1864284383415782,0.35005105386805696,-0.15584100824042657,-0.35100891600187706,-0.3340034462952326,0.6235689526399447,0.5342059729216971,0.05098397278564983,Discount Stores,Consumer Defensive,DLTR
2014Q4,2014,Q4,2014-03-14,2014-02-01,213100000.0,2234900000.0,348200000.0,1.02,825200000.0,0.3692335228,2771900000.0,1170700000.0,1378500000.0,686300000.0,1601200000.0,1035300000.0,1174800000.0,10513212000.0,11015312000.0,5.625660740028832,2.008596823546554,0.2777156463075868,0.6575553087896131,0.11276407964426198,5.625660740028832,0.18202784658751175,4.7041084612286905,12.33366025340216,8.980278465875118,0.0,1.3616343088959721,0.0,0.8062700674627512,0.39006265481567826,0.0768786752768859,27.63725552050473,0.3692335227526959,0.7586206896551726,1.6574082363882527,1.1146027293807435,0.22550700768262943,0.25049249886346414,0.6993620414673046,0.7043563387175722,0.585508742098843,0.5661452215805297,-0.029872349423403666,Discount Stores,Consumer Defensive,DLTR
2014Q3,2014,Q3,2013-11-21,2013-11-02,125400000.0,1884700000.0,204300000.0,0.58,659900000.0,0.3501353,2882800000.0,959000000.0,1487800000.0,766800000.0,1923800000.0,1237400000.0,0.0,12599622000.0,13472522000.0,4.427516158818098,1.9402712571726657,0.0,0.0,0.13437884869173333,4.427516158818098,0.13076120959332638,6.68521356184008,25.118863636363635,13.13829197080292,0.0,0.9898173589785033,0.0,0.6537741085056196,0.19183620239958268,0.0434993756070487,-696.1117127071823,0.35013530004775295,0.035714285714285546,2.6469654414458423,1.120647189882483,0.05435543997817167,0.01726529983043009,0.0056134723336006415,0.014903129657228018,0.5765755590693473,0.5480079129697599,-0.20428862688851918,Discount Stores,Consumer Defensive,DLTR
2014Q2,2014,Q2,2013-08-22,2013-08-03,124700000.0,1854900000.0,201300000.0,0.56,648700000.0,0.349722357,2908300000.0,1825900000.0,1533200000.0,671800000.0,1082400000.0,1018300000.0,0.0,12148492000.0,12004792000.0,8.173231871083258,2.282226853230128,0.0,0.0,0.06846514484261322,8.173231871083258,0.0682950873541815,6.549405358779449,24.355437048917402,6.653426803220331,0.0,1.1845232249828146,0.0,0.6377952755905512,0.6158082762727002,0.042877282261114744,162.848418230563,0.3497223570003774,-0.0508474576271185,3.0127442903674355,1.0531632580604289,1.033714972616961,-0.011128048780487804,-0.06591760299625468,-0.07063711911357341,0.8219945825585933,0.5341860575267217,0.5062648095387605,Discount Stores,Consumer Defensive,DLTR
2014Q1,2014,Q1,2013-05-23,2013-05-04,133500000.0,1865800000.0,216600000.0,0.59,656000000.0,0.3515918105,2811800000.0,1739700000.0,1489800000.0,663000000.0,1072100000.0,1009500000.0,0.0,10909572000.0,10797272000.0,7.759589652096342,2.2470588235294118,0.0,0.0,0.0770932932266167,7.759589652096342,0.07673736851181238,5.847128309572302,20.429910112359547,6.2709501638213485,0.0,1.1984150569588905,0.0,0.6635607084429903,0.5781297134238311,0.04747848353367949,417.9912643678161,0.35159181048343874,-0.4158415841584159,2.721565566458519,1.1570952509161379,1.038257355114954,-0.22896097790314998,-0.41601049868766404,-0.40412654745529575,1.4211241647450894,0.5910675485004397,0.5519179304192685,Discount Stores,Consumer Defensive,DLTR
2013Q4,2013,Q4,2013-03-15,2013-02-02,228600000.0,2245800000.0,363500000.0,1.01,850800000.0,0.3788405023,2752000000.0,1667300000.0,1473500000.0,676200000.0,1084700000.0,971700000.0,1666300000.0,9059096000.0,8930496000.0,7.383968113374668,2.179089026915114,0.0985828488372093,0.16271816709650333,0.11811511160610914,7.383968113374668,0.1371078989983806,4.033794638881468,9.907147856517934,5.433392910693936,0.0,1.4356282803334361,0.0,0.8160610465116279,0.5913930789707187,0.08306686046511629,31.368060941828254,0.3788405022709057,0.4852941176470587,1.9281568853392799,1.0977985149094949,1.0462048424254569,0.418945963975984,0.47104247104247104,0.9733984799131379,0.9955535872453498,0.6980768551004813,0.37480682547509037,Discount Stores,Consumer Defensive,DLTR
2013Q3,2013,Q3,2012-11-15,2012-10-27,155400000.0,1720500000.0,184200000.0,0.68,599600000.0,0.3485033421,2639300000.0,1538900000.0,1408500000.0,701000000.0,1100400000.0,1133200000.0,0.0,9117680000.0,9159280000.0,6.725961538461538,2.0092724679029956,0.0,0.0,0.07620131416991056,6.725961538461538,0.10098122035219963,5.299436210403952,14.66808236808237,5.924803431022159,0.0,0.989145781856689,0.0,0.6518773917326564,0.31726105563480744,0.058879248285530254,-144.72507936507935,0.34850334205172917,0.3333333333333334,4.403295868476927,1.1523523079446112,0.9505834843466848,0.0,0.3036912751677852,-0.0010845986984815619,1.6679846912618175,0.6132930345461379,0.36001592282726713,Discount Stores,Consumer Defensive,DLTR
2013Q2,2013,Q2,2012-08-16,2012-07-28,119200000.0,1704600000.0,184400000.0,0.51,599600000.0,0.3517540772,2499700000.0,1523000000.0,1321600000.0,580800000.0,976700000.0,891700000.0,0.0,12018348000.0,11902548000.0,6.584522265456117,2.275482093663912,0.0,0.0,0.07873626399212796,6.584522265456117,0.07826657912015758,7.050538542766631,25.206266778523492,7.891233092580434,0.0,1.2392060109902434,0.0,0.6819218306196744,0.6539256198347108,0.0476857222866744,170.23155807365438,0.35175407720286284,0.020000000000000018,3.6849821111402865,1.248863480631286,0.7687056647453386,-0.0051435208229633315,0.026701119724375538,-0.019148936170212766,1.4372610833396016,0.62182921380922,0.3521786795133097,Discount Stores,Consumer Defensive,DLTR
2013Q1,2013,Q1,2012-05-17,2012-04-28,116100000.0,1723600000.0,188000000.0,0.5,602700000.0,0.3496750986,2451100000.0,1480600000.0,1304400000.0,816000000.0,970500000.0,875000000.0,0.0,11805810000.0,11689510000.0,6.3929188255613125,1.598529411764706,0.0,0.0,0.07816469463169398,6.3929188255613125,0.07841415642307173,6.849506846135994,25.421640826873386,7.973666081318385,0.0,1.2810285714285714,0.0,0.7031944841091755,0.4685049019607843,0.04736648851536045,170.85108538350218,0.3496750986307728,-0.37500000000000006,2.9575947682673083,1.2959157583207124,0.7514552243968348,-0.17944179714091218,-0.38211814795103777,-0.37748344370860926,1.253339138043441,0.6822424867015253,0.3544108163401455,Discount Stores,Consumer Defensive,DLTR
2012Q4,2012,Q4,2012-03-15,2012-01-28,187900000.0,1945600000.0,302000000.0,0.8,734500000.0,0.3775185033,2328600000.0,1344600000.0,1209400000.0,581000000.0,984000000.0,867400000.0,1344100000.0,9869024000.0,9846224000.0,5.765866209262436,2.0815834767642,0.11401700592630765,0.19745649263721554,0.11689435974383512,5.765866209262436,0.13974416183251526,5.072483552631579,13.130686535391165,7.339747136694927,0.0,1.3962416416878027,0.0,0.835523490509319,0.4962134251290878,0.08069226144464485,31.38004451510334,0.3775185032894737,0.8181818181818182,1.5138288916851783,0.9261958383896762,0.5035593566159217,0.3102033535497681,0.7980861244019138,0.8314129775621589,1.0909571900945025,0.6427360377172923,0.2560496928891199,Discount Stores,Consumer Defensive,DLTR
2012Q3,2012,Q3,2011-11-17,2011-10-29,104500000.0,1596600000.0,164900000.0,0.44,560600000.0,0.3511211324,2431200000.0,1446900000.0,1332500000.0,587100000.0,984300000.0,1005400000.0,0.0,9448626000.0,9433926000.0,6.03881469115192,2.2696303866462273,0.10920533070088845,0.18349574953348538,0.061285618605963925,6.03881469115192,0.07222337411016656,5.917966929725667,22.604368421052634,6.5302550279908775,0.0,1.0304356475034813,0.0,0.6567127344521224,0.4772611139499234,0.042982889108259294,-590.539125,0.3511211324063635,0.12820512820512817,3.1145113650956726,1.244136206800438,0.5980498742509741,0.03355457227138643,0.101159114857745,0.0742671009771987,1.7474009272995592,0.6240296514537996,0.43806524747631453,Discount Stores,Consumer Defensive,DLTR
2012Q2,2012,Q2,2011-08-18,2011-07-30,94900000.0,1542400000.0,153500000.0,0.39,542400000.0,0.351659751,2478900000.0,1587700000.0,1408300000.0,495800000.0,891200000.0,813900000.0,0.0,8099929000.000001,7943829000.000001,6.491005723630417,2.8404598628479225,0.10710395740045989,0.16722302702021793,0.051612203072565005,6.491005723630417,0.0597719972286956,5.251509984439835,21.33806375131718,5.101674749637841,0.0,1.2286521685710776,0.0,0.6222114647625964,1.100040338846309,0.03828310944370487,203.00573934837095,0.3516597510373444,-0.04878048780487796,3.156932605154087,1.2174103909561973,0.8107812972165006,0.0029585798816568047,-0.060396039603960394,-0.05071119356833643,1.7891248847445245,0.559289359337427,0.6151328795887891,Discount Stores,Consumer Defensive,DLTR
2012Q1,2012,Q1,2011-05-19,2011-04-30,101000000.0,1545900000.0,161700000.0,0.41,540800000.0,0.3498285788,2381300000.0,1486700000.0,1325500000.0,504700000.0,894600000.0,771200000.0,0.0,7049500000.0,6944700000.0,6.06321370309951,2.626312660986725,0.1119136606055516,0.179256070491693,0.05768028599097696,6.06321370309951,0.06793569650904688,4.560126786984928,17.449257425742573,4.741709827133921,0.0,1.3032935684647302,0.0,0.6491832192499895,1.0110957004160888,0.04241380758409272,71.93367346938776,0.34982857882139856,-0.3692307692307693,2.986212706084482,1.343629862667596,0.653631154206333,-0.16530328754437412,-0.37846153846153846,-0.3749516814843448,1.5744290375203918,0.63418332061183,0.5926602410782886,Discount Stores,Consumer Defensive,DLTR
2011Q4,2011,Q4,2011-03-17,2011-01-29,162500000.0,1725300000.0,258700000.0,0.65,647900000.0,0.3755288935,2380500000.0,1459000000.0,1333300000.0,532800000.0,921500000.0,803100000.0,1458200000.0,6414542000.0,6369842000.0,5.798887122416534,2.50243993993994,0.11195127074144087,0.18265935572309802,0.09439452944533369,5.798887122416534,0.1113776559287183,3.7179284762070366,9.868526153846155,4.396533241946539,0.0,1.3415514879840618,0.0,0.7247637051039697,0.9121621621621622,0.06826296996429322,20.579217196021816,0.37552889352576363,0.7567567567567568,1.4029645912812871,1.045226578652427,0.5919553445312183,0.28043478260869564,0.7435622317596566,0.8360539389638041,0.8680340225933119,0.44634073945844094,0.6069558709327082,Discount Stores,Consumer Defensive,DLTR
2011Q3,2011,Q3,2010-11-18,2010-10-30,93200000.0,1426600000.0,140900000.0,0.37,506000000.0,0.3546894715,2362100000.0,1412200000.0,1366400000.0,566500000.0,949900000.0,934900000.0,0.0,6511239000.0,6468239000.0,5.564223798266352,2.4120035304501326,0.11282333516785911,0.18871264693386205,0.05406115050441548,5.564223798266352,0.06599631780201104,4.5641658488714425,17.46576984978541,4.610705990652882,0.0,0.9847042464434699,0.0,0.6039541086321494,0.6919682259488085,0.03945641590110495,-182.89997191011236,0.35468947147062946,0.1935483870967742,2.8003319286688617,1.2703044043903737,0.6568416763793666,0.04653567735263702,0.19487179487179487,0.10250391236306729,1.9213799824835205,0.608886121571476,0.6136701023404447,Discount Stores,Consumer Defensive,DLTR
2011Q2,2011,Q2,2010-08-19,2010-07-31,78000000.0,1377900000.0,127800000.0,0.31,483500000.0,0.3508962915,2257300000.0,1381500000.0,1261700000.0,491900000.0,875800000.0,751600000.0,0.0,5641936000.0,5479136000.0,5.426158680282796,2.564952226062208,0.11806140078855269,0.1929062613101701,0.04839029126213592,5.426158680282796,0.05646036916395222,4.094590318600769,18.083128205128205,4.083920376402461,0.0,1.1899946780202235,0.0,0.6104195277543969,0.976417971132344,0.034554556328356884,77.28679452054794,0.3508962914580158,0.2916666666666667,2.2824598840642523,0.9031140490724404,0.5137233076555677,0.07396712572190138,0.22641509433962265,0.24561403508771928,1.7851174714095008,0.6514884528481539,0.45755108855394816,Discount Stores,Consumer Defensive,DLTR
2011Q1,2011,Q1,2010-05-20,2010-05-01,63600000.0,1352600000.0,102600000.0,0.24,450200000.0,0.3328404554,2142700000.0,1293000000.0,1144800000.0,468200000.0,849700000.0,707700000.0,0.0,5234064000.0,5162964000.0,5.0,2.445108927808629,0.12484248844915294,0.2068832173240526,0.040955757355703254,5.0,0.04918793503480278,3.869631820198137,20.574150943396226,4.048,0.0,1.275116574819839,0.0,0.6312596257058851,0.8331909440410081,0.029682176692957484,-562.8025806451612,0.33284045541919266,-0.5294117647058824,1.8377654814729032,1.337387402848237,0.5661804630881591,-0.22164591977869985,-0.5288888888888889,-0.5302197802197802,0.9416290165701442,0.6136111310702601,0.36984003096821205,Discount Stores,Consumer Defensive,DLTR
2010Q4,2010,Q4,2010-03-19,2010-01-30,135000000.0,1558600000.0,218400000.0,0.51,578400000.0,0.3711022713,2289700000.0,1429200000.0,1305600000.0,475900000.0,860500000.0,679800000.0,1430700000.0,4392432870.0,4088332870.0,5.370913190529876,2.7434334944316032,0.11682753199109054,0.18716764623565632,0.08011646723551967,5.370913190529876,0.09445843828715365,2.8181912421403825,8.134134944444442,3.0733507346767417,0.0,1.4418946749043837,0.0,0.6807005284535091,1.2595083000630385,0.05895968904223261,14.288981359791801,0.3711022712690876,1.04,1.0680286968260229,1.0226314115805315,0.5731511081922258,0.3109700815956482,0.9794721407624634,1.029739776951673,0.5828012087160627,0.35227564427771657,0.40056783978448857,Discount Stores,Consumer Defensive,DLTR
2010Q3,2010,Q3,2009-11-24,2009-10-31,68200000.0,1248700000.0,107600000.0,0.25,441200000.0,0.3533274606,2180500000.0,1324900000.0,1220700000.0,468600000.0,855600000.0,846200000.0,0.0,4030100070.0,3955500070.0,4.945502053004852,2.6049935979513443,0.1226782847970649,0.2019020303419126,0.04347490201096719,4.945502053004852,0.05147558306287267,3.2274365900536557,14.77309409824047,3.0418145293984455,0.0,0.9542661309383125,0.0,0.5726668195368035,0.7300469483568075,0.031277229993120846,94.16121658878505,0.35332746055898134,0.19047619047619052,1.7066020915274762,1.1804360577205537,0.5560643278917033,0.04599336178283547,0.19859402460456943,0.2062780269058296,1.401598759583082,0.5697312331608665,0.3087268508987465,Discount Stores,Consumer Defensive,DLTR
2010Q2,2010,Q2,2009-08-26,2009-08-01,56900000.0,1222800000.0,89200000.0,0.21,421800000.0,0.3449460255,2135100000.0,1310400000.0,1167000000.0,441900000.0,824700000.0,741200000.0,0.0,4136955030.0,4046255030.0,4.869565217391305,2.6408689748811947,0.12528687180928294,0.20413614163614163,0.03659390611547829,4.869565217391305,0.04342185592185592,3.383182065750736,18.176428075571177,3.157016964285714,0.0,1.0806799784133838,0.0,0.5727132218631446,0.8105906313645621,0.026649805629712895,90.92208857142857,0.344946025515211,-0.0454545454545455,1.4397564542336663,1.2031647217923784,0.5707548899139893,0.015406836783822821,-0.057947019867549666,-0.0860655737704918,1.2654881371365603,0.5978913537252337,0.35845167862468486,Discount Stores,Consumer Defensive,DLTR
2010Q1,2010,Q1,2009-05-27,2009-05-02,60400000.0,1201100000.0,97600000.0,0.22,415400000.0,0.3458496378,2073700000.0,1281500000.0,1109200000.0,414400000.0,792200000.0,688200000.0,0.0,3758455950.0,3670855950.0,4.720073664825046,2.6766409266409266,0.12904470270530935,0.20881779165040967,0.03931261606979473,4.720073664825046,0.04713226687475615,3.1291782116393305,15.556522971854305,2.9328567694108467,0.0,1.1416739319965126,0.0,0.5792062496986063,0.8571428571428571,0.029126681776534696,183.33931463414635,0.34584963783198736,-0.4358974358974359,1.1529139170458624,1.118527305087027,0.5516074742985433,-0.15774533657745338,-0.42585551330798477,-0.4092009685230024,1.1529139206143961,0.6445134313883969,0.2873141611870802,Discount Stores,Consumer Defensive,DLTR
2009Q4,2009,Q4,2009-03-26,2009-01-31,105200000.0,1386500000.0,165200000.0,0.39,493200000.0,0.3557158312,2035700000.0,1253200000.0,1073200000.0,409900000.0,782500000.0,675800000.0,1216900000.0,3886619100.0,3789819100.0,4.59047619047619,2.6181995608685047,0.13145355406002848,0.21353335461219278,0.06955303980382559,4.59047619047619,0.08394510054261091,2.803187234042553,9.236262119771864,3.101355809128631,0.0,1.3218407812962414,0.0,0.6810924988947291,0.8889973164186387,0.051677555631969345,13.425281865284974,0.3557158312297151,1.4375,0.6861508653862214,0.9864276109342256,0.5805012935484232,0.2999472851871376,1.4408352668213458,1.3838383838383839,0.4336981854201708,0.5147629333402124,0.26021302900038684,Discount Stores,Consumer Defensive,DLTR
2009Q3,2009,Q3,2008-12-05,2008-11-01,43100000.0,1114000000.0,69300000.0,0.16,379400000.0,0.3405745063,1921700000.0,1140100000.0,960700000.0,411900000.0,781600000.0,836500000.0,0.0,3440800950.0,3629800950.0,4.19926335174954,2.332362223840738,0.13925170422022168,0.23471625296026663,0.031668361326139066,4.19926335174954,0.037803701429699146,3.0886902603231596,19.95824216937355,3.0179817121305144,0.0,0.8781829049611476,0.0,0.5796950616641515,0.1908230152949745,0.022428058489878753,-79.28112788018433,0.3405745062836625,0.14285714285714277,0.5150591255406111,1.1287198609212938,0.4947779297859166,0.044891214541448635,0.14627659574468085,0.125,0.6428755718383948,0.6572531251844639,0.2504016343553439,Discount Stores,Consumer Defensive,DLTR
2009Q2,2009,Q2,2008-09-10,2008-08-02,37600000.0,1093100000.0,61600000.0,0.14,363100000.0,0.3321745494,1864700000.0,1086300000.0,895800000.0,411900000.0,778400000.0,717100000.0,0.0,3358017990.0,3511417990.0,4.018867924528302,2.174799708667152,0.14372285086072828,0.246709012243395,0.028647013155318545,4.018867924528302,0.034612906195341984,3.0720135303265943,22.32724727393617,3.0912436619718306,0.0,1.0179891228559477,0.0,0.5862068965517241,0.27822286962855064,0.020164101464042475,140.50284476987449,0.33217454944652824,-0.12499999999999993,0.6692563817980022,1.2324345972348458,0.509821292392897,0.018513323983169707,-0.13761467889908258,-0.11621233859397417,0.49040748511870585,0.42206472305975273,0.12113456428273772,Discount Stores,Consumer Defensive,DLTR
2009Q1,2009,Q1,2008-06-12,2008-05-03,43600000.0,1051300000.0,69700000.0,0.16,356500000.0,0.3391039665,1771100000.0,1037400000.0,797100000.0,371800000.0,733700000.0,652700000.0,0.0,2809475000.0,2993775000.0,3.80697247706422,2.14389456697149,0.1516007001298628,0.25882012724117986,0.034171357621386005,3.80697247706422,0.04202814729130518,2.6723818129934367,16.109375,2.708188741083478,0.0,1.0645013022828251,0.0,0.593585907063407,0.22646584185045723,0.024617469369318502,1560.8194444444443,0.3391039665176448,-0.5428571428571428,0.6551724153072115,1.1262533706904427,0.4671482755588489,-0.23382763808295723,-0.5395987328405492,-0.5485751295336787,0.8461538453053908,0.7240505459209957,0.19248118341846324,Discount Stores,Consumer Defensive,DLTR
2008Q4,2008,Q4,2008-04-01,2008-02-02,94700000.0,1298600000.0,154400000.0,0.35,465300000.0,0.3583089481,1787700000.0,988400000.0,788800000.0,405900000.0,799300000.0,641200000.0,987400000.0,2537217870.0,2765117870.0,3.6086162833150786,1.9433357969943337,0.15019298540023493,0.2716511533791987,0.07714276609560848,3.6086162833150786,0.09581141238365035,1.9538101570922533,6.698040839493136,2.5669950121408336,0.0,1.2995945102932003,0.0,0.7264082340437433,0.19980290711998028,0.05297309391956145,10.152932653061224,0.35830894809795166,1.692307692307692,0.5128688600900845,0.8543806316967905,0.24244685454032247,0.3530095958127363,1.6378830083565459,1.564784053156146,0.4093719175840283,0.6372323471457381,0.05697085462994859,Discount Stores,Consumer Defensive,DLTR
2008Q3,2008,Q3,2007-12-13,2007-11-03,35900000.0,997800000.0,60200000.0,0.13,343900000.0,0.3446582481,1867900000.0,984800000.0,894100000.0,434200000.0,883100000.0,801000000.0,0.0,3474809520.0,3798509520.0,3.4481792717086837,2.0591893136803314,0.18935703196102574,0.3591592201462226,0.028577492305810557,3.4481792717086837,0.03645410235580829,3.4824709561034277,24.197837883008358,3.5284418359057677,0.0,0.816354556803995,0.0,0.5341827720970074,0.06909258406264394,0.019219444295733176,-41.17072890995261,0.34465824814592105,0.18181818181818185,0.1996605865597809,0.8125435565026825,0.22742058345733296,0.05296999387630129,0.10122699386503067,0.12734082397003746,0.3364385592247823,0.6343431747718945,0.08494318744067285,Discount Stores,Consumer Defensive,DLTR
2008Q2,2008,Q2,2007-09-12,2007-08-04,32600000.0,971200000.0,53400000.0,0.11,326600000.0,0.3362850082,1837000000.0,1103300000.0,892800000.0,388400000.0,733700000.0,651700000.0,0.0,3803323449.8788,4028323449.8788,3.722791415610787,2.298661174047374,0.1461622210125204,0.24336082661107586,0.02449843257541173,3.722791415610787,0.02954772047493882,3.9161073413084844,29.16659087330368,3.4472250973251155,0.0,0.9891054166027313,0.0,0.5286880783886772,0.11199794026776519,0.017746325530756668,245.37570644379355,0.3362850082372323,-0.15384615384615388,0.320000001619632,0.8090420219792028,0.39859031249114096,0.003996311097448509,-0.14435695538057744,-0.14285714285714285,0.2692307713599878,0.5888723079062625,0.20084495414830994,Discount Stores,Consumer Defensive,DLTR
2008Q1,2008,Q1,2007-06-14,2007-05-05,38100000.0,975000000.0,62300000.0,0.13,325300000.0,0.3336410256,1762900000.0,1097900000.0,838200000.0,325500000.0,665000000.0,599700000.0,0.0,3994484214.72,4203484214.72,3.6500612385126217,2.5751152073732717,0.15247603380793012,0.24483104107842243,0.028612192405641886,3.6500612385126217,0.03470261408142818,4.096906886892308,26.210526343307084,3.638295122251571,0.0,1.0833750208437551,0.0,0.5530659708434965,0.5791090629800307,0.021612116399115096,-429.51443169032257,0.33364102564102566,-0.59375,0.3103448274091858,0.7864745710097871,0.40667711259569794,-0.3083138422283649,-0.6096311475409836,-0.600896860986547,0.22580644916351475,0.552268034634418,0.1998673540900136,Discount Stores,Consumer Defensive,DLTR
2007Q4,2007,Q4,2007-04-04,2007-02-03,97600000.0,1318900000.0,156100000.0,0.32,470300000.0,0.356585033,1873300000.0,1167700000.0,959000000.0,383300000.0,705600000.0,605000000.0,1166600000.0,3221610000.0,3405410000.0,3.8348111658456485,2.501956691886251,0.14349009768857096,0.23019611201507237,0.06913878301372624,3.8348111658456485,0.0835831121007108,2.442649177344757,8.252074795081967,2.758936370643145,0.0,1.4026446280991736,0.0,0.7040516735173223,0.22175841377511088,0.05210057118454065,13.576106194690265,0.3565850329820305,1.9090909090909092,0.2501842112166662,0.7758138266696202,0.520910292587125,0.5294308943089431,2.003076923076923,1.9287054409005628,0.30656249530133184,0.4957242039664688,0.12322378360072397,Discount Stores,Consumer Defensive,DLTR
2007Q3,2007,Q3,2006-12-06,2006-10-28,32500000.0,910400000.0,53300000.0,0.11,307500000.0,0.3377636204,1851000000.0,1158600000.0,937300000.0,372800000.0,692400000.0,793800000.0,0.0,,,,,,,,,,,,,,,,,,,,,,,,,,,,,,,Discount Stores,Consumer Defensive,DLTR
2007Q2,2007,Q2,2006-09-07,2006-07-29,29000000.0,883600000.0,48000000.0,0.0933,293300000.0,0.3319375283,1775300000.0,1113800000.0,874900000.0,340900000.0,661500000.0,671000000.0,0.0,,,,,,,,,,,,,,,,,,,,,,,,,,,,,,,Discount Stores,Consumer Defensive,DLTR
2007Q1,2007,Q1,2006-06-08,2006-04-29,32900000.0,856500000.0,53400000.0,0.1,286100000.0,0.3340338587,1837800000.0,1167400000.0,946200000.0,344500000.0,670400000.0,633800000.0,0.0,,,,,,,,,,,,,,,,,,,,,,,,,,,,,,,Discount Stores,Consumer Defensive,DLTR
