Quarters,Year,Quarter,FillingDate,Date,NetIncome,Revenue,OperatingIncome,EPSDiluted,GrossProfit,GrossProfitRatio,TotalAssets,CommonStockEquity,CurrentAssets,CurrentLiability,TotalLiability,Inventory,RetainedEarnings,MarketCap,EnterpriseValue,bookValuePerShare,currentRatio,debtToAssets,debtToEquity,roic,shareholdersEquityPerShare,roe,priceToSalesRatio,peRatio,pbRatio,payoutRatio,inventoryTurnover,dividendYield,assetTurnover,quickRatio,returnOnAssets,priceToFreeCashFlowsRatio,grossProfitMargin,epsdilutedGrowth,fiveYNetIncomeGrowthPerShare,fiveYRevenueGrowthPerShare,fiveYShareholdersEquityGrowthPerShare,grossProfitGrowth,netIncomeGrowth,operatingIncomeGrowth,threeYNetIncomeGrowthPerShare,threeYRevenueGrowthPerShare,threeYShareholdersEquityGrowthPerShare,Industry,Sector,Symbol
2023Q1,2023,Q1,2023-05-15,2023-03-31,-8468257.0,5808380.0,-4144275.0,-0.53,3051749.0,0.5254045018,28585154.0,-27160466.0,16552456.0,7502035.0,55745620.0,758188.0,-217686766.0,2534551.312,26129565.312,-1.693141349193565,2.2063954646972457,1.2298458493524296,-1.294356768400071,-0.3068784201865536,-1.693141349193565,0.3117861453481689,0.43636113890620104,-0.07482505880489929,-0.09331766664091845,0.0,3.635814600072805,0.0,0.20319568682400663,1.895895047143875,-0.29624668105688706,-0.6232093542703177,0.5254045017715783,-1.0014647762761517,0.0,0.0,0.0,-0.017292185445647312,-1.9470364574485657,-0.9481751172870265,0.0,0.0,0.0,Medical Devices,Healthcare,OSAAW
2022Q4,2022,Q4,2023-04-14,2022-12-31,8941849.0,5792312.0,-2127260.0,361.83,3105449.0,0.5361328948,33196641.0,-20494429.0,21246104.0,7090269.0,53691070.0,639945.0,-210794595.0,1942.4418,16982057.4418,-829.2974952454174,2.996515929085342,0.9909513435410529,-1.6051316189389808,-0.40580469292956844,-829.2974952454174,-0.4363063250017846,0.00033534826853249617,5.430761020455613e-05,-9.47790153119172e-05,0.0,4.198584253334271,0.0,0.17448488237108087,2.6457795888985314,0.26936005362711246,-0.0002988923801317166,0.5361328947750053,3.863032125336287,0.0,0.0,0.0,0.2635636457146159,3.863073793114931,0.1667796031269168,0.0,0.0,0.0,Medical Devices,Healthcare,OSAAW
2022Q3,2022,Q3,2022-09-30,2022-09-30,-3123164.0,4997979.0,-2553058.0,-126.38,2457691.0,0.4917369601,12255033.0,-62569199.0,5328670.0,12850996.0,74824232.0,405705.0,-213002615.0,3462.2913,19511696.2913,-2531.83340751831,0.41465035083662,1.768174512463573,-0.3463211507630136,0.059372940215463646,-2531.83340751831,0.04991535851369937,0.0006927382648066348,-0.0002771461328959991,-5.533539433675665e-05,0.0,6.261416546505465,0.0,0.40783072554761785,0.3503121470117958,-0.25484745736710784,-0.0021993568280091395,0.49173696007926404,0.0,0.0,0.0,0.0,-0.031725419851809364,-0.10607530337560139,-0.5705249974163513,0.0,0.0,0.0,Medical Devices,Healthcare,OSAAW
2022Q2,2022,Q2,2022-06-30,2022-06-30,-2823645.0,4859909.0,-1625608.0,0.0,2538217.0,0.5222766517,10832919.0,-59021237.0,3998370.0,9891297.0,69854156.0,426632.0,-209453653.0,0.0,18846555.0,0.0,0.4042311134727832,1.8474425037240656,-0.3390846416858393,0.04551074884619986,0.0,0.04784116944211115,0.0,0.0,0.0,0.0,5.441907780007125,,0.4486241427633678,0.32376886468983795,-0.26065412286383755,0.0,0.5222766516821611,0.0,0.0,0.0,0.0,0.17257779212961744,0.05925192462807626,0.1279582005643353,0.0,0.0,0.0,Medical Devices,Healthcare,OSAAW
2022Q1,2022,Q1,2022-03-31,2022-03-31,-3001489.0,3743143.0,-1864140.0,0.0,2164647.0,0.5782966347,,,,,,,,0.0,,0.0,0.0,0.0,0.0,0.0,0.0,0.0,0.0,0.0,0.0,0.0,0.0,,0.0,0.0,0.0,0.0,0.5782966346730541,0.0,0.0,0.0,0.0,0.11359262408808128,-0.5141523187828219,-6.158810743554098,0.0,0.0,0.0,Medical Devices,Healthcare,OSAAW
2021Q4,2021,Q4,2021-12-31,2021-12-31,-1982290.0,3702539.0,-260398.0,0.0,1943841.0,0.5250021674,7637932.0,-53220859.0,4126540.0,6571972.0,60858791.0,378769.0,-203649275.0,0.0,12377498.0,0.0,0.627899814545771,1.816994442998445,-0.26076392340830123,0.012259085899377721,0.0,0.03724648638234118,0.0,0.0,0.0,0.0,4.643194136795778,,0.4847567378185614,0.5477144455271569,-0.2595322922487396,0.0,0.5250021674315922,0.0,0.0,0.0,0.0,0.0,-15.766103931253806,0.7939090311908888,0.0,0.0,0.0,Medical Devices,Healthcare,OSAAW
2021Q3,2021,Q3,2021-09-30,2021-09-30,-118232.0,3702539.0,-1263510.0,0.0,1943841.0,0.5250021674,,,,,,,,0.0,,0.0,0.0,0.0,0.0,0.0,0.0,0.0,0.0,0.0,0.0,0.0,0.0,,0.0,0.0,0.0,0.0,0.5250021674315922,0.0,0.0,0.0,0.0,0.1489039895171667,0.8486444414289628,-407.40398842071403,0.0,0.0,0.0,Medical Devices,Healthcare,OSAAW
2021Q2,2021,Q2,2021-06-30,2021-06-30,-781154.0,3437698.0,3109.0,0.0,1691909.0,0.4921633605,,,,,,,,0.0,,0.0,0.0,0.0,0.0,0.0,0.0,0.0,0.0,0.0,0.0,,0.0,,0.0,0.0,0.0,0.0,0.49216336048134535,0.0,0.0,0.0,0.0,0.0,0.0,0.0,0.0,0.0,0.0,Medical Devices,Healthcare,OSAAW
