Year,Date,FillingDate,NetIncome,Revenue,OperatingIncome,EPSDiluted,GrossProfit,GrossProfitRatio,TotalAssets,CommonStockEquity,CurrentAssets,CurrentLiability,TotalLiability,Inventory,RetainedEarnings,EnterpriseValue,bookValuePerShare,currentRatio,debtToAssets,debtToEquity,roic,shareholdersEquityPerShare,roe,priceToSalesRatio,peRatio,pbRatio,payoutRatio,inventoryTurnover,dividendYield,assetTurnover,quickRatio,returnOnAssets,priceToFreeCashFlowsRatio,grossProfitMargin,epsdilutedGrowth,fiveYNetIncomeGrowthPerShare,fiveYRevenueGrowthPerShare,fiveYShareholdersEquityGrowthPerShare,grossProfitGrowth,netIncomeGrowth,operatingIncomeGrowth,threeYNetIncomeGrowthPerShare,threeYRevenueGrowthPerShare,threeYShareholdersEquityGrowthPerShare,Industry,Sector,Price,MarketCap,AvgVolume,Symbol
2022,2022-12-31,2023-03-10,65593000.0,4138000.0,118826000.0,2.44,4138000.0,1.0,3426557000.0,352412000.0,183380000.0,2739000.0,3074145000.0,0.0,288823000.0,782923816.02,13.869216794530143,66.95144213216503,0.11214668251542291,1.090419735990829,0.11460470111518258,13.869216794530143,0.1861258980965461,132.82040019816336,8.379107770951169,1.5595689591160344,0.23310414221029682,0.0,0.02781968541070998,0.001207626197375383,66.95144213216503,0.01914253870576208,4.153021127550249,1.0,0.020920502092050135,0.9483929249657077,-0.9534919349922732,1.4712174947755172,-0.9700084075029716,0.06307839419134212,0.36282414469383306,0.41621834850570544,-0.9603911557317835,0.5699968258210028,Banks—Regional,Financial Services,17.99,452335163,30845,MCBS
2021,2021-12-31,2022-03-11,61701000.0,137972000.0,87191000.0,2.39,137972000.0,1.0,3106158000.0,290223000.0,469308000.0,204000.0,2815935000.0,0.0,238577000.0,782622124.75,11.335917108281262,2300.529411764706,0.16429299475429132,1.7583720104884863,0.08034934696351198,11.335917108281262,0.2125985879823446,5.108464940350216,11.423236653376769,2.428563982696065,0.191115216933275,0.0,0.016730391108266178,0.04441886085640202,2300.529411764706,0.019864089334798808,10.835295311995573,1.0,0.695035460992908,1.8184882433936471,1.1752117193102989,1.4986677222575924,0.4783083862810856,0.6953618728361818,0.4470814731216703,0.4101065271088852,0.3602967998970922,0.6260009888094846,Banks—Regional,Financial Services,17.99,452335163,30845,MCBS
2020,2020-12-31,2021-03-15,36394000.0,93331000.0,60253000.0,1.41,93331000.0,1.0,1896138000.0,244831000.0,168181000.0,30222000.0,1651307000.0,0.0,188705000.0,350227500.34,9.552674240390312,5.564853418039839,0.0798428173476825,0.6183571524847752,0.11045153895272485,9.552674240390312,0.14864947657772096,3.95986864321608,10.154929393306588,1.509524938998738,0.28260152772435015,0.0,0.02782899976740568,0.049221628383588116,5.564853418039839,0.019193750665827066,2.602280651030481,1.0,-0.22099447513812162,1.0208885570102377,0.9545500251815453,1.5217651522857956,-0.07472141809097038,-0.18614428194463079,-0.27498616225061967,0.07178124476225628,0.039970491167863303,0.7020958035679552,Banks—Regional,Financial Services,17.99,452335163,30845,MCBS
2019,2019-12-31,2020-03-19,44718000.0,100868000.0,83106000.0,1.81,100868000.0,1.0,1631858000.0,216724000.0,291292000.0,890000.0,1415134000.0,0.0,162616000.0,234684981.8,8.833913907614097,327.2943820224719,0.046330624355795665,0.3488538417526439,0.20031046192692872,8.833913907614097,0.20633616950591535,4.258793490502439,9.606332613265353,1.9821338744209227,0.23183058276309315,0.0,0.024133099705808552,0.06181175077733479,327.2943820224719,0.02740311963418386,13.812288408732838,1.0,0.07100591715976338,1.5940750632505012,1.2067944050143298,1.3320230220269558,0.05275902017471533,0.08186964726375381,0.0,1.1317080079143909,0.6595307525253442,0.9471751011687194,Banks—Regional,Financial Services,17.99,452335163,30845,MCBS
2018,2018-12-31,2018-12-31,41334000.0,95813000.0,0.0,1.69,95813000.0,1.0,1432650000.0,168608000.0,1384437000.0,0.0,1264042000.0,0.0,128555000.0,581326972.4241227,6.971654498550535,0.0,0.0029714166055910375,0.025247912317327766,0.0,6.971654498550535,0.24514851015372935,7.3824321587271315,17.112618484156453,4.195132926220125,0.22477863260269995,0.0,0.01313525646649629,0.0668781628450773,0.0,0.028851429169720447,-4.318957663756901,1.0,0.275570855696707,1.432311129171839,1.1263973754923906,0.8404139956836743,0.13657161918994293,0.2958689044916652,0.0,1.432311129171839,1.1263973754923906,0.8404139956836743,Banks—Regional,Financial Services,17.99,452335163,30845,MCBS
2017,2017-12-31,2017-12-31,31896745.0,84300011.0,0.0,1.324897,84300011.0,1.0,1288927449.0,135115488.0,1248649092.0,0.0,1153811961.0,0.0,96525493.0,442759417.4472779,5.612301152711776,0.0,0.09701022900630306,0.9254242341188894,0.0,5.612301152711776,0.23607023496817775,4.888383531139491,12.91952471787569,3.049915235826095,0.1693194399616638,0.0,0.013105701924730274,0.06540322425859052,0.0,0.024746734212811382,2.824480721708575,1.0,0.5494639022861338,0.8855420048505452,0.879428350881985,0.4815647550505905,0.43919549221495213,0.5778000857837032,0.0,0.8855420048505452,0.879428350881985,0.4815647550505905,Banks—Regional,Financial Services,17.99,452335163,30845,MCBS
2016,2016-12-31,2016-12-31,20215961.0,58574399.0,0.0,0.855068,58574399.0,1.0,1100062960.0,107260974.0,1064858103.0,0.0,992801986.0,0.0,70067590.0,287714344.4723018,4.536784546141674,0.0,0.1036682127721126,1.0632157880647253,0.0,4.536784546141674,0.18847452382820987,4.054189467181759,11.746743648362884,2.2139619156572437,0.18645292202532446,0.0,0.01587273269995212,0.05324640600570717,0.0,0.018377094525571517,-1.649074866239248,1.0,0.21689975678171988,0.21689980692453217,0.3297701182434869,0.1976442286198328,0.32977011824348673,0.21689980692453203,0.0,0.21689980692453217,0.3297701182434869,0.1976442286198328,Banks—Regional,Financial Services,17.99,452335163,30845,MCBS
2015,2015-12-31,2015-12-31,16612675.0,44048515.0,0.0,0.702661,44048515.0,1.0,671380147.0,89559964.0,636950015.0,0.0,581820183.0,0.0,53620954.0,212604623.47230178,3.7880903508130057,0.0,0.023014025763261062,0.17252307068814812,0.0,3.7880903508130057,0.1854922027436277,5.391140007155787,14.294610077684768,2.651538710671007,0.16039897247132084,0.0,0.0112209407321798,0.06560890308840187,0.0,0.024744066493822017,17.521523344976274,1.0,0.0,0.0,0.0,0.0,0.0,0.0,0.0,0.0,0.0,0.0,Banks—Regional,Financial Services,17.99,452335163,30845,MCBS
TTM,,,,,,,,,,,,,,,,619993163.0,14.037764964747595,67.64004346644933,0.11226193056300166,1.0874430886131896,0.1264532871431862,14.037764964747595,0.17973227748533363,4.26132288575493,7.308215873105631,1.2815430408742041,0.2584256955439946,0.0,0.03668704836020011,0.031046679260944607,67.64004346644933,0.018102885247877093,7.258149949455239,1.0,,,,,,,,,,,Banks—Regional,Financial Services,17.99,452335163,30845,MCBS
