Quarters,Year,Quarter,FillingDate,Date,NetIncome,Revenue,OperatingIncome,EPSDiluted,GrossProfit,GrossProfitRatio,TotalAssets,CommonStockEquity,CurrentAssets,CurrentLiability,TotalLiability,Inventory,RetainedEarnings,MarketCap,EnterpriseValue,bookValuePerShare,currentRatio,debtToAssets,debtToEquity,roic,shareholdersEquityPerShare,roe,priceToSalesRatio,peRatio,pbRatio,payoutRatio,inventoryTurnover,dividendYield,assetTurnover,quickRatio,returnOnAssets,priceToFreeCashFlowsRatio,grossProfitMargin,epsdilutedGrowth,fiveYNetIncomeGrowthPerShare,fiveYRevenueGrowthPerShare,fiveYShareholdersEquityGrowthPerShare,grossProfitGrowth,netIncomeGrowth,operatingIncomeGrowth,threeYNetIncomeGrowthPerShare,threeYRevenueGrowthPerShare,threeYShareholdersEquityGrowthPerShare,Industry,Sector,Symbol
2023Q3,2023,Q3,2023-06-29,2023-06-01,-1892000000.0,3752000000.0,-1566000000.0,-1.73,-668000000.0,-0.1780383795,65680000000.0,45405000000.0,21734000000.0,5104000000.0,20275000000.0,8238000000.0,42391000000.0,75584460000.0,80134460000.0,41.5036563071298,4.258228840125392,0.21084043848964676,0.30498843739676246,-0.028237307472903594,41.5036563071298,-0.04166941966743751,20.145111940298506,-9.98737579281184,1.6646726131483316,-0.06659619450317125,0.5365379946588978,0.0016670093296955485,0.05712545676004872,2.504114420062696,-0.028806333739342264,-49.17661678594665,-0.17803837953091683,0.1877934272300469,-1.5243037307626646,-0.4901981472741003,0.6790372320138028,0.4461028192371476,0.18623655913978496,0.3200173686495875,-3.392777541258671,-0.29931896405079556,0.21921105651034387,Semiconductors,Technology,MU
2023Q2,2023,Q2,2023-03-29,2023-03-02,-2325000000.0,3693000000.0,-2303000000.0,-2.13,-1206000000.0,-0.3265637693,66520000000.0,47257000000.0,21898000000.0,5255000000.0,19263000000.0,8129000000.0,44426000000.0,61565130000.0,64651130000.0,43.31530705774519,4.167078972407231,0.1936861094407697,0.27263685803161436,-0.03881024013238786,43.31530705774519,-0.04919906045665193,16.67076360682372,-6.619906451612904,1.3027727109211333,-0.05419354838709677,0.6026571534014024,0.0020466130746414407,0.05551713770294648,2.492102759276879,-0.03495189416716777,-33.063979591836734,-0.32656376929325753,-11.52941176470588,-1.7444906940740734,-0.46768835331830994,0.9485735672939813,-2.3505039193729003,-11.63586956521739,-19.5625,-6.845978884475676,-0.21603098636923063,0.2998218983106421,Semiconductors,Technology,MU
2023Q1,2023,Q1,2022-12-22,2022-12-01,-184000000.0,4085000000.0,-112000000.0,-0.17,893000000.0,0.2186046512,67874000000.0,49306000000.0,22921000000.0,6525000000.0,18568000000.0,8359000000.0,46873000000.0,60484100000.0,61800100000.0,45.2348623853211,3.5127969348659005,0.16044435277131155,0.22086561473248692,-0.0019251723761679205,45.2348623853211,-0.0037317973471788423,14.806389228886168,-82.17948369565217,1.226708716991847,-0.6847826086956522,0.381863859313315,0.0020831921116458707,0.06018504876683266,2.130114942528736,-0.002710905501370186,-40.16208499335989,0.2186046511627907,-1.1259259259259258,-1.071481524621277,-0.37529044795401917,1.2772056266072154,-0.6594202898550725,-1.123324396782842,-1.0736357659434583,-1.3805900708159717,-0.1934854181231897,0.3719176071383686,Semiconductors,Technology,MU
2022Q4,2022,Q4,2022-10-07,2022-09-01,1492000000.0,6643000000.0,1521000000.0,1.35,2622000000.0,0.3947011892,66283000000.0,49907000000.0,21781000000.0,7539000000.0,16376000000.0,6663000000.0,47274000000.0,62869070000.0,62123070000.0,45.49407474931632,2.88910996153336,0.11339257426489446,0.15060011621616207,0.025264141017796247,45.49407474931632,0.02989560582683792,9.463957549300016,10.534361595174264,1.2597244875468372,0.08445040214477212,0.6034819150532793,0.0020041651642055463,0.10022177632273735,1.9181589070168457,0.022509542416607575,383.3479878048781,0.3947011892217372,-0.423076923076923,-0.3630401709822859,0.09411327376746265,1.7094639867349657,-0.35018587360594794,-0.43183549124143183,-0.4936750998668442,1.6765071488112937,0.37276986517270366,0.3997786718108528,Semiconductors,Technology,MU
2022Q3,2022,Q3,2022-07-01,2022-06-02,2626000000.0,8642000000.0,3004000000.0,2.34,4035000000.0,0.4669058088,65296000000.0,49281000000.0,22708000000.0,7009000000.0,16015000000.0,5629000000.0,45916000000.0,83811440000.0,82246440000.0,44.31744604316547,3.239834498501926,0.11627052193089929,0.15405531543596923,0.04598245276097025,44.31744604316547,0.053286256366551,9.698153205276556,7.979002284843869,1.7006846451979465,0.04226961157654227,0.8184402202877954,0.0013244015375466643,0.13235113942661111,2.3478384933656726,0.04021685861308503,66.51701587301588,0.46690580884054617,0.17587939698492455,0.5858111325147534,0.5442634753138917,2.0310491202610232,0.09766050054406965,0.1650399290150843,0.17989002356637862,2.1065112195957525,0.7935670260783855,0.3863708597145724,Semiconductors,Technology,MU
2022Q2,2022,Q2,2022-03-30,2022-03-03,2254000000.0,7786000000.0,2546000000.0,1.99,3676000000.0,0.4721294631,63696000000.0,47845000000.0,21502000000.0,6918000000.0,15851000000.0,5383000000.0,43407000000.0,99792420000.00002,98287420000.00002,42.75692582663092,3.108123735183579,0.11948944988696307,0.15907618350924863,0.04085012837178133,42.75692582663092,0.0471104608632041,12.816904700744928,11.068369565217392,2.085743964886613,0.049689440993788817,0.7635147687163292,0.0011223297320578057,0.12223687515699573,2.24139924833767,0.0353868374780206,98.12430678466079,0.47212946313896736,-0.024509803921568648,1.4761901905864336,0.6451893364342088,2.2889942943562245,0.031136044880785415,-0.020851433536055605,-0.00933852140077821,0.3859966075330872,0.3283993160131192,0.3779389409224649,Semiconductors,Technology,MU
2022Q1,2022,Q1,2022-01-06,2021-12-02,2302000000.0,7687000000.0,2570000000.0,2.04,3565000000.0,0.4637700013,61246000000.0,45908000000.0,20191000000.0,6512000000.0,15338000000.0,4827000000.0,41267000000.0,92742720000.0,91607720000.0,41.02591599642538,3.100583538083538,0.12319171864285014,0.1643504400104557,0.04274422344925843,41.02591599642538,0.05014376579245448,12.06487836607259,10.071972198088616,2.020186459876274,0.04865334491746308,0.8539465506525793,0.0012076419583121997,0.12551023740325898,2.277334152334152,0.037586128073670115,137.80493313521546,0.4637700013008976,-0.14644351464435149,10.886009333730515,0.7995736567599263,2.4632266750229217,-0.08870143149284254,-0.1536764705882353,-0.13028764805414553,-0.2921953492486974,-0.016406752296280185,0.37241615707431447,Semiconductors,Technology,MU
2021Q4,2021,Q4,2021-10-08,2021-09-02,2720000000.0,8274000000.0,2955000000.0,2.39,3912000000.0,0.47280638143582304,58849000000.0,43933000000.0,19907000000.0,6424000000.0,14916000000.0,4487000000.0,39051000000.0,83090770000.0,82607770000.0,39.121104185218165,3.0988480697384806,0.12370643511359582,0.16570687182755559,0.05185665613826106,39.121104185218165,0.06191245760589989,10.042394247038917,7.637019301470587,1.891306534950948,0.0,0.9721417428125696,0.0,0.1405971214464137,2.170610211706102,0.04621998674573909,44.457340823970036,0.47280638143582304,0.5723684210526316,15.77471059661621,1.3749991349938315,2.3583265761648375,0.2514395393474088,0.5677233429394812,0.6425792106725959,-0.35093756916599317,0.011758238975661724,0.40401807613389024,Semiconductors,Technology,MU
2021Q3,2021,Q3,2021-07-01,2021-06-03,1735000000.0,7422000000.0,1799000000.0,1.52,3126000000.0,0.4211802748585287,55943000000.0,42259000000.0,18561000000.0,5462000000.0,13684000000.0,4537000000.0,36452000000.0,91955630000.0,91424630000.0,37.697591436217664,3.3982057854265837,0.12920293870546806,0.17104048841666863,0.03427510846247868,37.697591436217664,0.041056343027520766,12.38960253300997,13.250090778097984,2.176001088525521,0.0,0.9468811990301962,0.0,0.13267075416048477,2.3031856462834126,0.031013710383783494,70.68073020753266,0.4211802748585287,1.8679245283018866,8.457876065805033,1.3668825712032475,2.2046200646526213,0.8956943602183142,1.8772802653399667,1.7134238310708898,-0.5307837930101926,-0.01582746949609033,0.5250622525943757,Semiconductors,Technology,MU
2021Q2,2021,Q2,2021-04-01,2021-03-04,603000000.0,6236000000.0,663000000.0,0.53,1649000000.0,0.26443232841565106,54135000000.0,40663000000.0,17279000000.0,5433000000.0,13472000000.0,4743000000.0,34723000000.0,94449600000.0,95090600000.0,36.30625,3.180379164365912,0.13204026969613006,0.17578634139143692,0.012543408128505948,36.30625,0.01482920591200846,15.145862732520847,39.158208955223884,2.3227405749698744,0.0,0.9671094244149273,0.0,0.11519349773713863,1.939444137677158,0.01113881961762261,2421.7846153846153,0.26443232841565106,-0.2535211267605633,6.750257731958762,0.966019086571234,2.066966324200913,-0.05011520737327189,-0.24906600249066002,-0.23441108545034642,-0.811912317057376,-0.12441261635929018,0.6332655562906175,Semiconductors,Technology,MU
2021Q1,2021,Q1,2021-01-08,2020-12-03,803000000.0,5773000000.0,866000000.0,0.71,1736000000.0,0.3007102026675905,53691000000.0,39907000000.0,16529000000.0,5688000000.0,13784000000.0,5521000000.0,34138000000.0,77938500000.0,79111500000.0,35.79103139013453,2.905942334739803,0.13331843325697043,0.17936702834089258,0.016903562549222477,35.79103139013453,0.020121783145814018,13.50051966048848,24.264788293897883,1.953003232515599,0.0,0.731208114472016,0.0,0.10752267605371478,1.885196905766526,0.014955951649252203,-101.08754863813229,0.3007102026675905,-0.18390804597701152,2.6183769428359964,0.5996399170068937,2.0114395162010594,-0.16054158607350097,-0.18724696356275303,-0.2515125324114088,-0.6950398028111469,-0.13694340863863147,0.8017859183349266,Semiconductors,Technology,MU
2020Q4,2020,Q4,2020-10-19,2020-09-03,988000000.0,6056000000.0,1157000000.0,0.87,2068000000.0,0.3414795244385733,53678000000.0,38996000000.0,17965000000.0,6635000000.0,14682000000.0,5607000000.0,33384000000.0,51472630000.0,51024630000.0,35.0999099909991,2.707611152976639,0.13368605387682103,0.18401887373063905,0.021553507142369425,35.0999099909991,0.025335931890450303,8.499443527080581,13.024450910931174,1.3199464047594625,0.0,0.7112537899054753,0.0,0.11282089496628041,1.816729464958553,0.018406050896084058,-5719.181111111111,0.3414795244385733,0.2253521126760564,1.0013721117334662,0.6050005000500049,2.024378523041704,0.17300056721497448,0.23038605230386053,0.30292792792792794,-0.583521358892646,-0.015135531148422735,1.0904247988839484,Semiconductors,Technology,MU
2020Q3,2020,Q3,2020-06-29,2020-05-28,803000000.0,5438000000.0,888000000.0,0.71,1763000000.0,0.3242000735564546,52005000000.0,37820000000.0,17899000000.0,6185000000.0,14185000000.0,5405000000.0,32402000000.0,51628170000.0,50587170000.0,34.041404140414045,2.893936944219887,0.13894817805980195,0.19106292966684293,0.01775112443778111,34.041404140414045,0.021232152300370174,9.493962853990437,16.073527397260275,1.3651023268112108,0.0,0.6799259944495837,0.0,0.10456686857032978,1.9823767178658043,0.015440822997788674,653.5211392405063,0.3242000735564546,0.9722222222222222,0.5795003125567139,0.3630941604412192,1.9319655356128005,0.3011070110701107,0.9827160493827161,1.018181818181818,-0.5146410815944983,-0.027393720327836015,1.3282291125655763,Semiconductors,Technology,MU
2020Q2,2020,Q2,2020-03-26,2020-02-27,405000000.0,4797000000.0,440000000.0,0.36,1355000000.0,0.28246820929747757,49648000000.0,37023000000.0,15976000000.0,5822000000.0,12625000000.0,5208000000.0,31602000000.0,56194380000.0,55049380000.0,33.324032403240324,2.744074201305393,0.12030696100547857,0.16133214488291062,0.00949956075698694,33.324032403240324,0.010939145936309862,11.714484052532834,34.68788888888889,1.5178235151122275,0.0,0.6609062980030722,0.0,0.09662020625201417,1.8086568189625558,0.008157428295198195,-1021.716,0.28246820929747757,-0.16279069767441862,-0.5808221079067221,0.11311664051666814,1.880251955663939,-0.008052708638360176,-0.17515274949083504,-0.15057915057915058,-0.5518729725321526,0.02090947046511886,1.5633871079415633,Semiconductors,Technology,MU
2020Q1,2020,Q1,2019-12-20,2019-11-28,491000000.0,5144000000.0,518000000.0,0.43,1366000000.0,0.265552099533437,49649000000.0,36500000000.0,16167000000.0,6317000000.0,13149000000.0,4943000000.0,31218000000.0,53313120000.0,52505120000.0,32.971996386630536,2.559284470476492,0.1240911196600133,0.1687945205479452,0.010691189818871646,32.971996386630536,0.013452054794520548,10.364136858475895,27.145173116089612,1.460633424657534,0.0,0.7643131701395913,0.0,0.1036073234103406,1.7424410321355073,0.009889423754758405,784.0164705882353,0.265552099533437,-0.12244897959183673,-0.5268305291893065,0.08726627028643623,2.0210683450671922,-0.02078853046594982,-0.12477718360071301,-0.20307692307692307,1.5626819231155276,0.21729593450426515,1.7833503443259542,Semiconductors,Technology,MU
2019Q4,2019,Q4,2019-10-17,2019-08-29,561000000.0,4870000000.0,650000000.0,0.49,1395000000.0,0.2864476386036961,48887000000.0,35881000000.0,16503000000.0,6390000000.0,12117000000.0,5118000000.0,30761000000.0,49315680000.0,48014680000.0,32.50090579710145,2.5826291079812207,0.11968416961564424,0.16306680415818958,0.01369331060493879,32.50090579710145,0.01563501574649536,10.126422997946612,21.976684491978613,1.3744232323513836,0.0,0.6789761625635014,0.0,0.0996174852210199,1.7449139280125197,0.01147544336940291,240.56429268292683,0.2864476386036961,-0.33783783783783783,-0.5280812854442345,0.11454829717859298,2.2226318253926607,-0.23687089715536105,-0.33214285714285713,-0.3564356435643564,4.099728260869565,0.4219606663873534,1.7900198105624343,Semiconductors,Technology,MU
2019Q3,2019,Q3,2019-06-26,2019-05-30,840000000.0,4788000000.0,1010000000.0,0.74,1828000000.0,0.3817878028404344,46288000000.0,35323000000.0,15066000000.0,5397000000.0,10098000000.0,4905000000.0,30201000000.0,36818600000.0,36571600000.0,31.966515837104073,2.791550861589772,0.10607500864154856,0.1390029159471166,0.029837023361266986,31.966515837104073,0.023780539591767402,7.689766081871345,10.957916666666668,1.0423406845398182,0.0,0.6034658511722731,0.0,0.10343933632907017,1.8428756716694459,0.01814725198755617,119.5409090909091,0.3817878028404344,-0.4788732394366197,0.006343824034672104,0.161060973475663,2.431415734224351,-0.361731843575419,-0.4811612106238419,-0.48390393459376596,4.66301168052194,0.5490064922289984,1.7174292612816788,Semiconductors,Technology,MU
2019Q2,2019,Q2,2019-03-21,2019-02-28,1619000000.0,5835000000.0,1957000000.0,1.42,2864000000.0,0.4908311910882605,47487000000.0,34567000000.0,16550000000.0,7361000000.0,12057000000.0,4390000000.0,29364000000.0,45540320000.0,45427320000.0,31.029622980251347,2.2483358239369653,0.13140438435782426,0.1805189921022941,0.04019954922218869,31.029622980251347,0.04683657823936124,7.804682090831191,7.032168004941322,1.3174507478230684,0.0,0.6767653758542141,0.0,0.12287573441152315,1.62328487977177,0.034093541390275234,57.939338422391856,0.4908311910882605,-0.49466192170818507,1.1074153848420918,0.351875918812694,2.5428048641820795,-0.37941495124593716,-0.5083510476768903,-0.4793828145783453,16.522071480131043,0.8495041725868572,1.6212238590623282,Semiconductors,Technology,MU
2019Q1,2019,Q1,2018-12-19,2018-11-29,3293000000.0,7913000000.0,3759000000.0,2.81,4615000000.0,0.5832174902059901,44595000000.0,33869000000.0,15039000000.0,5189000000.0,9856000000.0,3876000000.0,27769000000.0,42952029999.99999,42639029999.99999,29.893203883495147,2.898246290229331,0.09270097544567776,0.12205851959018571,0.08463106477517005,29.893203883495147,0.09722755321975848,5.428033615569316,3.2608586395384145,1.2681812276713216,0.0,0.8508771929824561,0.0,0.1774414171992376,2.1162073617267296,0.0738423590088575,20.356412322274878,0.5832174902059901,-0.21067415730337077,7.492009644637512,0.8073681769487462,2.391722666464467,-0.10405746456998641,-0.23861271676300577,-0.14119259766963674,13.602760092203017,1.1577781876144433,1.515199253671854,Semiconductors,Technology,MU
2018Q4,2018,Q4,2018-10-15,2018-08-30,4325000000.0,8440000000.0,4377000000.0,3.56,5151000000.0,0.6103080568720379,43376000000.0,32294000000.0,16039000000.0,5754000000.0,10212000000.0,3595000000.0,24395000000.0,61148840000.0,59281840000.0,27.86367558239862,2.7874522071602366,0.10694854297307267,0.14364897504180343,0.11532789824985006,27.86367558239862,0.13392580665139034,7.245123222748815,3.534615028901734,1.8935046757911684,0.0,0.9148817802503477,0.0,0.19457764662486168,2.1341675356273897,0.09970951678347473,21.05676308539945,0.6103080568720379,0.14838709677419354,1.2573515891313882,1.646467399303862,2.1490647136003345,0.09062036840990896,0.1313104891446508,0.10726030862635973,7.398227478480058,1.1441856006135558,1.400869461660099,Semiconductors,Technology,MU
2018Q3,2018,Q3,2018-06-22,2018-05-31,3823000000.0,7797000000.0,3953000000.0,3.1,4723000000.0,0.6057457996665384,41845000000.0,28649000000.0,15499000000.0,5883000000.0,12327000000.0,3369000000.0,20070000000.0,66746810000.00001,67287810000.00001,24.71872303710095,2.6345402005779364,0.17562432787668777,0.2565185521309644,0.1101234628792295,24.71872303710095,0.13344270306118888,8.560575862511223,4.364818859534397,2.3298129079549024,0.0,0.9124369249035322,0.0,0.1863305054367308,2.03688594254632,0.09136097502688494,36.07935675675676,0.6057457996665384,0.16104868913857684,77.55111664024722,1.9718755792719467,2.4541447038743684,0.10608899297423888,0.15533393774554247,0.10821418559013177,6.208403550360326,0.8734616661893168,1.1290086545841485,Semiconductors,Technology,MU
2018Q2,2018,Q2,2018-03-23,2018-03-01,3309000000.0,7351000000.0,3567000000.0,2.67,4270000000.0,0.580873350564549,41263000000.0,25697000000.0,15836000000.0,6135000000.0,14697000000.0,3184000000.0,16247000000.0,55048720000.0,56550720000.0,22.22923875432526,2.5812550937245313,0.22611055909652716,0.3630774020313655,0.09477725109969079,22.22923875432526,0.12876989531851968,7.488602911168549,4.159014808099124,2.1422236058683892,0.0,0.9676507537688442,0.0,0.17814991638998617,2.0340668296658517,0.08019290890143713,26.376962146621945,0.580873350564549,0.2191780821917808,11.16872746630532,2.1091147663277505,2.1233448450275842,0.13957832933013078,0.23562359970126961,0.1517597675169519,2.2915187866304096,0.6393572452561267,0.9213103510498414,Semiconductors,Technology,MU
2018Q1,2018,Q1,2017-12-20,2017-11-30,2678000000.0,6803000000.0,3097000000.0,2.19,3747000000.0,0.550786417756872,37191000000.0,22526000000.0,13358000000.0,5583000000.0,13798000000.0,3160000000.0,12938000000.0,48070260000.0,51125260000.0,19.864197530864196,2.3926204549525343,0.24368798902960392,0.4023350794637308,0.09083684672511115,19.864197530864196,0.1188848441800586,7.066038512420991,4.487514936519791,2.1339900559353637,0.0,0.9670886075949368,0.0,0.1829205990696674,1.800107469102633,0.0720066682799602,28.61325,0.550786417756872,0.10050251256281405,9.70511014911015,2.3158702751668945,1.695988356813099,0.20404884318766067,0.13091216216216217,0.2378097521982414,1.5193027619082788,0.403686078589497,0.8200626269930373,Semiconductors,Technology,MU
2017Q4,2017,Q4,2017-10-26,2017-08-31,2368000000.0,6138000000.0,2502000000.0,1.99,3112000000.0,0.5070055392636038,35336000000.0,18621000000.0,12457000000.0,5334000000.0,15866000000.0,3123000000.0,10260000000.0,35454730000.0,41500730000.0,16.790802524797115,2.335395575553056,0.31568372198324657,0.5990548305676386,0.08243445167293462,16.790802524797115,0.12716825089952205,5.776267513848159,3.743109163851351,1.9040185811717951,0.0,0.9689401216778738,0.0,0.17370387140593163,1.7223472065991752,0.06701381027846955,18.294494324045406,0.5070055392636038,0.4214285714285715,9.902176357301094,1.8564547831914768,1.2091898750483063,0.1927941740130318,0.43776563448694594,0.27457972491085075,0.9830038812874896,0.39840942645533245,0.6648943548865768,Semiconductors,Technology,MU
2017Q3,2017,Q3,2017-06-30,2017-06-01,1647000000.0,5566000000.0,1963000000.0,1.4,2609000000.0,0.4687387711103126,33267000000.0,16171000000.0,11023000000.0,5143000000.0,16248000000.0,3064000000.0,7893000000.0,34020560000.0,41643560000.0,14.62115732368897,2.143301574956251,0.350828148014549,0.7217240739595572,0.06385347038099964,14.62115732368897,0.10184898893080205,6.112209845490478,5.164019429265331,2.1038006307587658,0.0,0.9650783289817232,0.0,0.1673129527760243,1.5218743923779896,0.04950852195869781,24.90524158125915,0.4687387711103126,0.818181818181818,5.594493388336348,1.2875857952104544,0.8480948182919114,0.5311032863849765,0.8422818791946308,0.8802681992337165,0.9713686680816123,0.34850089416842345,0.5694944531565524,Semiconductors,Technology,MU
2017Q2,2017,Q2,2017-03-28,2017-03-02,894000000.0,4648000000.0,1044000000.0,0.77,1704000000.0,0.36660929432013767,32355000000.0,14287000000.0,9945000000.0,5207000000.0,17220000000.0,3000000000.0,6247000000.0,27145300000.0,35965300000.0,13.0,1.9099289418091032,0.38488641631896153,0.8716315531602156,0.03575014646114171,13.0,0.06257436830685238,5.840210843373494,7.590967561521253,1.9,0.0,0.9813333333333333,0.0,0.1436563127800958,1.3038217783752641,0.027630968938340286,112.63609958506224,0.36660929432013767,3.8125,3.8350182951619463,1.0689673539137574,0.5998497370398198,0.685459940652819,3.966666666666667,1.9080779944289694,0.17958248326734041,0.09156496830795326,0.4842740198190435,Semiconductors,Technology,MU
2017Q1,2017,Q1,2017-01-09,2016-12-01,180000000.0,3970000000.0,359000000.0,0.16,1011000000.0,0.25465994962216626,27836000000.0,12320000000.0,9504000000.0,5546000000.0,14668000000.0,2750000000.0,5469000000.0,19219200000.0,24756200000.0,11.846153846153847,1.713667508113956,0.3476074148584567,0.7853896103896104,0.013188493645854086,11.846153846153847,0.01461038961038961,4.841108312342569,26.693333333333335,1.56,0.0,1.076,0.0,0.14262106624515017,1.1940137035701406,0.006466446328495474,-152.53333333333333,0.25465994962216626,2.0,1.908329905388729,0.7924907986750094,0.4056118225867955,0.7461139896373057,2.0588235294117645,12.21875,-0.4943059733562527,-0.012146500209340301,0.3440803691373167,Semiconductors,Technology,MU
2016Q4,2016,Q4,2016-10-28,2016-09-01,-170000000.0,3217000000.0,-32000000.0,-0.16,579000000.0,0.1799813490829966,27540000000.0,12080000000.0,9495000000.0,4835000000.0,14612000000.0,2889000000.0,5299000000.0,17255680000.0,23025680000.0,11.648987463837994,1.9638055842812823,0.359840232389252,0.820364238410596,-0.0013921793713211048,11.648987463837994,-0.014072847682119206,5.363904258626049,-25.376,1.4284503311258279,0.0,0.9131187262028384,0.0,0.11681190994916485,1.3373319544984488,-0.006172839506172839,-16.802025316455698,0.1799813490829966,0.23809523809523805,-0.20485731633272597,0.43832740021088856,0.36459567433530776,0.16265060240963855,0.20930232558139536,-0.18518518518518517,-1.0991668906208008,0.12740470342660967,0.3165318144429463,Semiconductors,Technology,MU
2016Q3,2016,Q3,2016-07-06,2016-06-02,-215000000.0,2898000000.0,-27000000.0,-0.21,498000000.0,0.17184265010351968,27001000000.0,12187000000.0,10110000000.0,4500000000.0,13967000000.0,2920000000.0,5470000000.0,13581960000.0,18585960000.0,11.763513513513514,2.2466666666666666,0.35669049294470573,0.7902683187002544,-0.0012850289369479135,11.763513513513514,-0.0176417494051038,4.6866666666666665,-15.792976744186046,1.1144629523262493,0.0,0.821917808219178,0.0,0.10732935817191956,1.5675555555555556,-0.007962668049331507,-10.479907407407408,0.17184265010351968,-1.3333333333333333,-3.764009009009009,0.3063208369659984,0.36905203875668763,-0.13989637305699482,-1.2164948453608246,-4.4,-5.942084942084942,0.23573444022106665,0.6438097486132421,Semiconductors,Technology,MU
2016Q2,2016,Q2,2016-04-08,2016-03-03,-97000000.0,2934000000.0,-5000000.0,-0.09,579000000.0,0.19734151329243355,24819000000.0,12264000000.0,8805000000.0,4411000000.0,11580000000.0,2608000000.0,5685000000.0,12214440000.0,16794440000.0,11.837837837837839,1.9961459986397643,0.3085539304565051,0.6244292237442922,-0.0002502338819649256,11.837837837837839,-0.007909328114807566,4.163067484662577,-31.480515463917527,0.9959589041095889,0.0,0.9029907975460123,0.0,0.11821588299286837,1.364543187485831,-0.003908296063499738,-26.786052631578947,0.19734151329243355,-1.473684210526316,-2.2849327005577003,0.23985156433096172,0.38229349652181144,-0.31802120141342755,-1.470873786407767,-1.021551724137931,0.6673866673866674,0.3846771286617292,0.6632890669676731,Semiconductors,Technology,MU
2016Q1,2016,Q1,2016-01-08,2015-12-03,206000000.0,3350000000.0,232000000.0,0.19,849000000.0,0.25343283582089554,24388000000.0,12301000000.0,8510000000.0,4025000000.0,11113000000.0,2435000000.0,5788000000.0,16156350000.0,20970350000.0,11.885024154589372,2.1142857142857143,0.30420698704280796,0.6031216974229737,0.011674066791791594,11.885024154589372,0.01674660596699455,4.822791044776119,19.607220873786407,1.3134176083245264,0.0,1.0271047227926078,0.0,0.13736263736263737,1.4568944099378882,0.008446777103493522,124.27961538461538,0.25343283582089554,-0.5476190476190476,0.24929032258064518,0.3983126110124335,0.4056576707999028,-0.12474226804123711,-0.5626326963906582,-0.4566744730679157,1.7336748353096179,0.7890174323961249,0.6130471261892149,Semiconductors,Technology,MU
2015Q4,2015,Q4,2015-10-27,2015-09-03,471000000.0,3600000000.0,427000000.0,0.42,970000000.0,0.26944444444444443,24143000000.0,12302000000.0,8596000000.0,3905000000.0,10904000000.0,2340000000.0,5588000000.0,17585400000.0,22688400000.0,11.605660377358491,2.201280409731114,0.30609286335583813,0.6007153308405138,0.024897205926439323,11.605660377358491,0.038286457486587544,4.884833333333333,9.33407643312102,1.4294748821329863,0.0,1.123931623931624,0.0,0.14911154371867621,1.5436619718309859,0.019508760303193474,-23.925714285714285,0.26944444444444443,0.0,0.48451009599470374,0.5565697159594033,0.6534448313179317,-0.1930116472545757,-0.04073319755600815,-0.3232963549920761,2.852512229210342,0.7527850133123156,0.5269733153638816,Semiconductors,Technology,MU
2015Q3,2015,Q3,2015-07-10,2015-06-04,491000000.0,3853000000.0,631000000.0,0.42,1202000000.0,0.31196470282896444,25136000000.0,12458000000.0,10008000000.0,4566000000.0,11781000000.0,2381000000.0,5117000000.0,28954905000.0,32859905000.0,11.610438024231128,2.1918528252299607,0.3023154042011458,0.6099694975116391,0.024219408991723153,11.610438024231128,0.03941242575052175,7.514898780171295,14.742823319755601,2.324201717771713,0.0,1.1133977320453592,0.0,0.15328612348822407,1.618484450284713,0.019533736473583703,48.17787853577371,0.31196470282896444,-0.46153846153846156,-0.568524942260758,0.38957753569822523,0.3385262795122708,-0.14448398576512456,-0.4743040685224839,-0.26198830409356727,2.4118251980428704,0.632257238186939,0.4675439074796303,Semiconductors,Technology,MU
2015Q2,2015,Q2,2015-04-10,2015-03-05,934000000.0,4166000000.0,855000000.0,0.78,1405000000.0,0.3372539606337014,23818000000.0,12426000000.0,9918000000.0,4120000000.0,10577000000.0,2377000000.0,4627000000.0,31446720000.0,34668720000.0,11.569832402234637,2.4072815533980583,0.2841968259299689,0.5447448897473041,0.039874945151382186,11.569832402234637,0.07516497666183808,7.548420547287566,8.417216274089936,2.530719459198455,0.0,1.161548169962137,0.0,0.17490973213535982,1.7572815533980584,0.039214039801830546,79.01185929648241,0.3372539606337014,-0.07142857142857137,1.0194852172138467,0.6765956638624501,0.750551578745819,-0.14224664224664224,-0.06879361914257229,-0.2119815668202765,4.030809461547605,0.8975804410877309,0.4238456404853746,Semiconductors,Technology,MU
2015Q1,2015,Q1,2015-01-09,2014-12-04,1003000000.0,4573000000.0,1085000000.0,0.84,1638000000.0,0.3581893724032364,22542000000.0,11678000000.0,9672000000.0,4419000000.0,10049000000.0,2448000000.0,3713000000.0,38594900000.0,40659900000.0,10.914018691588785,2.1887304820095044,0.2585839765770562,0.4991436889878404,0.05464150827380373,10.914018691588785,0.08588799451960952,8.439733216706758,9.619865403788634,3.304923788319918,0.0,1.198937908496732,0.0,0.2028657616892911,1.5598551708531343,0.0444947209653092,41.81462621885157,0.3581893724032364,-0.125,2.8887616822429907,1.0787033515952305,0.7779661248684484,0.18267148014440432,-0.12782608695652173,0.3103864734299517,5.919507221750213,1.0068605285516257,0.29500881923893535,Semiconductors,Technology,MU
2014Q4,2014,Q4,2014-10-27,2014-08-28,1150000000.0,4227000000.0,828000000.0,0.96,1385000000.0,0.32765554766974214,22498000000.0,10771000000.0,10245000000.0,4811000000.0,10925000000.0,2455000000.0,2729000000.0,35041080000.0,37541080000.0,10.085205992509364,2.1294949075036373,0.2955818294959552,0.61739857023489,0.0493251457248839,10.085205992509364,0.10676817380001857,8.289822569198012,7.6176260869565215,3.253280103982917,0.0,1.1576374745417515,0.0,0.18788336741043649,1.546456038245687,0.051115654724864436,169.28057971014493,0.32765554766974214,0.4117647058823528,11.330960589036433,1.5665326895528056,0.8295959216750441,0.012426900584795321,0.4267990074441687,-0.013110846245530394,8.913927035649882,0.8350438412265042,0.1814098448368111,Semiconductors,Technology,MU
2014Q3,2014,Q3,2014-07-03,2014-05-29,806000000.0,3982000000.0,839000000.0,0.68,1368000000.0,0.34354595680562533,20495000000.0,9940000000.0,9705000000.0,4760000000.0,9798000000.0,2532000000.0,1579000000.0,30493793000.0,32164793000.0,9.315838800374882,2.0388655462184873,0.2797267626250305,0.5767605633802817,0.04553194961964171,9.315838800374882,0.08108651911468813,7.657908839779005,9.458372518610423,3.06778601609658,0.0,1.0323854660347551,0.0,0.19429129055867284,1.4661764705882352,0.03932666504025372,31.501852272727273,0.34354595680562533,0.11475409836065584,3.118475260963707,1.7443056617139874,0.6130661478273136,-0.024946543121881683,0.10259917920656635,-0.03452243958573072,9.060773508278661,0.7428020608917358,0.08418867268955733,Semiconductors,Technology,MU
2014Q2,2014,Q2,2014-04-07,2014-02-27,731000000.0,4107000000.0,869000000.0,0.61,1403000000.0,0.3416118821524227,20615000000.0,9284000000.0,9991000000.0,5305000000.0,10571000000.0,2462000000.0,836000000.0,25641400000.0,27974400000.0,8.758490566037736,1.8833176248821866,0.3219985447489692,0.7149935372684187,0.04639840050103091,8.758490566037736,0.07873761309780267,6.2433406379352325,8.769288645690835,2.7618914261094356,0.0,1.0982940698619008,0.0,0.19922386611690518,1.3817153628652215,0.03545961678389522,28.973333333333333,0.3416118821524227,1.0333333333333334,1.7106510815767657,2.0196348971099582,0.42939600359692187,0.09523809523809523,1.041899441340782,0.5771324863883848,8.464112945492662,0.696243427157439,0.022720932203011933,Semiconductors,Technology,MU
2014Q1,2014,Q1,2014-01-07,2013-11-28,358000000.0,4042000000.0,551000000.0,0.3,1281000000.0,0.3169223156853043,19794000000.0,9219000000.0,9369000000.0,4513000000.0,9648000000.0,2459000000.0,126000000.0,22143820000.0,24292820000.0,8.81357552581262,2.076002658985154,0.29316964736788925,0.6294608959757023,0.028854568854568854,8.81357552581262,0.03883284521097733,5.47843146956952,15.463561452513968,2.4019763531836427,0.0,1.1228141520943473,0.0,0.20420329392745276,1.4852647906049192,0.018086288774376073,22.57270132517839,0.3169223156853043,-0.8013245033112583,1.3748820543931015,1.131398330164774,0.24280414918141854,0.809322033898305,-0.7903981264637002,1.6618357487922706,1.1482649725528897,0.6694155014960146,0.042393341729041856,Semiconductors,Technology,MU
2013Q4,2013,Q4,2013-10-28,2013-08-29,1708000000.0,2843000000.0,207000000.0,1.51,708000000.0,0.24903271192402393,19118000000.0,9142000000.0,8911000000.0,4125000000.0,9112000000.0,2649000000.0,-212000000.0,14020524000.0,17177524000.0,8.848238482384824,2.160242424242424,0.315775708756146,0.6603587836359659,0.013596626541860692,8.848238482384824,0.18683001531393567,4.9315947942314455,2.0521844262295086,1.5336385911179173,0.0,0.8059645149112873,0.0,0.14870802385186735,1.3163636363636364,0.08933988910973951,32.08357894736842,0.24903271192402393,36.75,4.713745509548119,0.4675441992515163,0.10681752981336873,0.2733812949640288,38.72093023255814,0.38926174496644295,4.522955989793815,0.2611432025156306,0.26059816583203244,Semiconductors,Technology,MU
2013Q3,2013,Q3,2013-07-08,2013-05-30,43000000.0,2318000000.0,149000000.0,0.04,556000000.0,0.23986194995685936,14055000000.0,7328000000.0,5886000000.0,2342000000.0,6029000000.0,1732000000.0,-1920000000.0,12175360000.0,13359360000.0,7.15625,2.5132365499573015,0.2578441835645678,0.4945414847161572,0.013866452211046805,7.15625,0.005867903930131004,5.252528041415013,70.78697674418605,1.6614847161572053,0.0,1.0173210161662818,0.0,0.1649235147634294,1.7314261315115287,0.0030594094628246175,28.920095011876484,0.23986194995685936,1.1428571428571428,1.1375066207627118,0.1678008177570094,-0.15022280270436392,0.5191256830601093,1.1503496503496504,7.478260869565218,-0.9604048106363152,-0.12401438893138117,-0.17498128255208337,Semiconductors,Technology,MU
2013Q2,2013,Q2,2013-04-08,2013-02-28,-286000000.0,2078000000.0,-23000000.0,-0.28,366000000.0,0.17613089509143406,13912000000.0,7231000000.0,5364000000.0,2117000000.0,5952000000.0,1721000000.0,-1963000000.0,8509000000.0,10099000000.0,7.1171259842519685,2.533774208786018,0.2624353076480736,0.5049094177845388,-0.0020326363661248128,7.1171259842519685,-0.039551929193749134,4.0948026948989416,-7.437937062937063,1.1767390402433966,0.0,0.9947704822777454,0.0,0.14936745255894193,1.6315540859707132,-0.02055779183438758,-91.49462365591398,0.17613089509143406,-0.03703703703703707,0.7201704516665147,0.16245096846337906,-0.1841394909118105,0.6866359447004609,-0.04,0.8535031847133758,-1.6536878438140439,-0.11597369171280919,0.0768432674494767,Semiconductors,Technology,MU
2013Q1,2013,Q1,2013-01-07,2012-11-29,-275000000.0,1834000000.0,-157000000.0,-0.27,217000000.0,0.1183206106870229,14067000000.0,7469000000.0,5315000000.0,2138000000.0,5881000000.0,1831000000.0,-1677000000.0,5990967000.0,7323967000.0,7.368057610732959,2.4859681945743684,0.24418852633823843,0.4599009238184496,-0.015289714565209795,7.368057610732959,-0.036818851251840944,3.2666123227917123,-5.4463336363636365,0.8021109921006828,0.0,0.8831239759694156,0.0,0.13037605743939717,1.5949485500467726,-0.019549299779626075,-30.25740909090909,0.1183206106870229,-0.12565663303593774,0.2007493521955319,-0.09020709440277319,-0.24178060662248096,-0.0091324200913242,-0.13168724279835392,-0.12142857142857143,-2.125427235114229,-0.12003585363281669,0.20030551606608343,Semiconductors,Technology,MU
2012Q4,2012,Q4,2012-10-29,2012-08-30,-243000000.0,1963000000.0,-140000000.0,-0.23986,219000000.0,0.11156393275598574,14328000000.0,7700000000.0,5758000000.0,2243000000.0,5911000000.0,1812000000.0,-1402000000.0,6260958000.0,7063958000.0,7.60043431053203,2.5670976370931786,0.22766610831937464,0.42363636363636364,-0.013683634373289545,7.60043431053203,-0.031558441558441556,3.1894844625573104,-6.441314814814814,0.8131114285714286,0.0,0.9624724061810155,0.0,0.13700446677833614,1.7155595185020063,-0.016959798994974875,53.058966101694914,0.11156393275598574,0.25043750000000004,-0.16877574658055433,0.03811516592622728,-0.24515294431390477,-0.0641025641025641,0.240625,0.2670157068062827,-1.3012726465125046,0.25647481888944523,0.3788239553893839,Semiconductors,Technology,MU
2012Q3,2012,Q3,2012-07-09,2012-05-31,-320000000.0,2172000000.0,-191000000.0,-0.32,234000000.0,0.10773480662983426,14316000000.0,7811000000.0,5630000000.0,2177000000.0,5830000000.0,1894000000.0,-1159000000.0,5765832000.0,6772832000.0,7.911475741922414,2.5861276986678914,0.22338642078792958,0.4094226091409551,-0.014636360000254188,7.911475741922414,-0.040967865830239404,2.6546187845303866,-4.50455625,0.7381682242990655,0.0,1.0232312565997888,0.0,0.15171835708298406,1.6802939825447865,-0.022352612461581448,14.131941176470589,0.10773480662983426,-0.3913043478260869,-0.10905387307696636,0.3089128375500229,-0.2277107678830903,0.11428571428571428,-0.1347517730496454,0.06829268292682927,0.09102149016649379,0.6177310798313994,0.3698963638291463,Semiconductors,Technology,MU
2012Q2,2012,Q2,2012-04-09,2012-03-01,-282000000.0,2009000000.0,-205000000.0,-0.23,210000000.0,0.10452961672473868,14139000000.0,7986000000.0,5659000000.0,2102000000.0,4780000000.0,2081000000.0,-839000000.0,8560188000.000001,8781188000.0,8.125763125763125,2.692197906755471,0.16373152273852465,0.2898822940145254,-0.020796524609261235,8.125763125763125,-0.035311795642374154,4.260919860627178,-7.588819148936172,1.0718993238166794,0.0,0.8644882268140317,0.0,0.1420892566659594,1.5865842055185537,-0.01994483343942287,47.034000000000006,0.10452961672473868,-0.21052631578947373,-3.2416760589837508,0.10115307750206136,-0.24278408112812286,-0.3114754098360656,-0.5080213903743316,-1.5,0.7043152882034374,0.593126959944684,0.3261341381332945,Semiconductors,Technology,MU
2012Q1,2012,Q1,2012-01-10,2011-12-01,-187000000.0,2090000000.0,-82000000.0,-0.19,305000000.0,0.145933014354067,14211000000.0,8271000000.0,5491000000.0,2021000000.0,4502000000.0,2097000000.0,-557000000.0,5780446000.0,5984446000.0,8.427756266557978,2.7169717961405246,0.14910984448666526,0.25619634868818764,-0.007754948319872788,8.427756266557978,-0.022609116189094426,2.765763636363636,-7.727868983957219,0.6988811510095514,0.0,0.8512160228898427,0.0,0.14706917176834847,1.6318654131618011,-0.013158820631904862,-19.728484641638225,0.145933014354067,-0.3964427458474204,-2.2708464394254877,0.06758918498450259,-0.21921861861940228,-0.04984423676012461,-0.3851851851851852,-0.6078431372549019,0.7912921126147476,0.17462767533178455,0.1883996938237207,Semiconductors,Technology,MU
2011Q4,2011,Q4,2011-10-25,2011-09-01,-135000000.0,2140000000.0,-51000000.0,-0.13606,321000000.0,0.15,14752000000.0,8470000000.0,5832000000.0,2480000000.0,4900000000.0,2080000000.0,-370000000.0,5695228000.0,5536228000.0,8.536585365853659,2.3516129032258064,0.13564262472885033,0.23624557260920898,-0.005869691382058873,8.536585365853659,-0.015938606847697757,2.661321495327103,-10.546718518518517,0.6724,0.0,0.8745192307692308,0.0,0.1450650759219089,1.4745967741935484,-0.009151301518438178,-11.080210116731518,0.15,-2.9437142857142855,-2.5381118722898894,0.13127569490272367,-0.24239646019827218,-0.3284518828451883,-2.8,-1.2151898734177216,0.6943367569366641,0.15030571793321243,0.06783314514919193,Semiconductors,Technology,MU
2011Q3,2011,Q3,2011-07-12,2011-06-02,75000000.0,2139000000.0,237000000.0,0.07,478000000.0,0.22346891070593736,14570000000.0,8583000000.0,6045000000.0,2588000000.0,4538000000.0,2068000000.0,-234000000.0,9399649000.0,8576649000.0,8.592451696866553,2.3357805255023183,0.10789293067947837,0.18315274379587557,0.012550795995404564,8.592451696866553,0.008738203425375743,4.39441280972417,31.332163333333334,1.0951472678550624,0.0,0.8031914893617021,0.0,0.14680851063829786,1.5030911901081916,0.005147563486616335,97.91301041666667,0.22346891070593736,0.0,-0.3988302386862837,0.15626343134271584,-0.14085182700236507,0.09885057471264368,0.041666666666666664,0.3240223463687151,1.245863670376397,0.10469928135902759,0.020320631736089622,Semiconductors,Technology,MU
2011Q2,2011,Q2,2011-04-12,2011-03-03,72000000.0,2257000000.0,179000000.0,0.07,435000000.0,0.19273371732388125,14398000000.0,8462000000.0,5654000000.0,2590000000.0,4436000000.0,1957000000.0,-309000000.0,11432317000.0,10988317000.0,8.563910535370914,2.183011583011583,0.12085011807195443,0.2056251477192153,0.013658900339719938,8.563910535370914,0.008508626802174428,5.065271156402304,39.69554513888889,1.3510183171826993,0.0,0.9310168625447113,0.0,0.156757883039311,1.3810810810810812,0.0050006945409084595,134.49784705882354,0.19273371732388125,-0.5333333333333333,-0.7502507822360703,0.2334581520089059,-0.1853570866914209,-0.16984732824427481,-0.535483870967742,-0.541025641025641,1.0724357303650895,0.2982354626382129,-0.018289626369769347,Semiconductors,Technology,MU
2011Q1,2011,Q1,2011-01-11,2010-12-02,155000000.0,2252000000.0,390000000.0,0.15,524000000.0,0.23268206039076378,14617000000.0,8226000000.0,5783000000.0,2758000000.0,4623000000.0,1892000000.0,-381000000.0,7695639000.0,7100639000.0,8.45513413506013,2.09680928208847,0.12423889991106246,0.22076343301726234,0.03125895628603767,8.45513413506013,0.018842693897398493,3.4172464476021314,12.412320967741936,0.9355262582056894,0.0,0.9133192389006343,0.0,0.15406718204829992,1.368020304568528,0.0106040911267702,28.82261797752809,0.23268206039076378,-0.4988640919417346,0.6545097378576022,0.1050120627652351,-0.07205491665356789,-0.3290653008962868,-0.5467836257309941,-0.09930715935334873,1.4693785558089885,0.16399963439168905,-0.1299136063387664,Semiconductors,Technology,MU
2010Q4,2010,Q4,2010-10-26,2010-09-02,342000000.0,2493000000.0,433000000.0,0.29932,781000000.0,0.31327717609306055,14693000000.0,8020000000.0,6333000000.0,2702000000.0,4877000000.0,1770000000.0,-536000000.0,7803958000.0,7250958000.0,7.019079292840889,2.343819393042191,0.16062070373647316,0.2942643391521197,0.03910765895953757,7.019079292840889,0.042643391521197005,3.1303481748896913,5.704647660818713,0.9730620947630924,0.0,0.9672316384180791,0.0,0.1696726332267066,1.6447076239822354,0.023276390117743143,10.690353424657534,0.31327717609306055,-0.6746521739130436,3.5140667090930733,0.12753446326186632,-0.2196754566007768,-0.07900943396226415,-0.6357827476038339,-0.19814814814814816,2.458509018959646,0.16897604153001242,-0.3028909768371775,Semiconductors,Technology,MU
2010Q3,2010,Q3,2010-07-13,2010-06-03,939000000.0,2288000000.0,540000000.0,0.92,848000000.0,0.3706293706293706,14377000000.0,7680000000.0,5724000000.0,2611000000.0,4910000000.0,1747000000.0,-877000000.0,8181096000.0,8237096000.0,8.674045629094195,2.1922635005744926,0.16477707449398343,0.3084635416666667,0.05608552209312959,8.674045629094195,0.122265625,3.575653846153846,2.178140575079872,1.065246875,0.0,0.8242701774470521,0.0,0.15914307574598316,1.4864036767522022,0.06531265215274397,10.556252903225806,0.3706293706293706,1.358974358974359,6.374827825485554,0.5889217769386277,-0.02919463071019107,0.32087227414330216,1.5726027397260274,0.30120481927710846,4.62892402680521,0.5375050318248742,-0.1532714936173931,Semiconductors,Technology,MU
2010Q2,2010,Q2,2010-04-09,2010-03-04,365000000.0,1961000000.0,415000000.0,0.39,642000000.0,0.32738398776134625,11952000000.0,5602000000.0,4089000000.0,2247000000.0,4534000000.0,1075000000.0,-1816000000.0,7975916000.0,9090916000.0,6.609249646059462,1.8197596795727637,0.24974899598393574,0.5328454123527312,0.047806394959067605,6.609249646059462,0.06515530167797215,4.067269760326364,5.462956164383562,1.4237622277757944,0.0,1.2269767441860464,0.0,0.16407295850066933,1.309301290609702,0.030538821954484607,11.217884669479606,0.32738398776134625,0.6956521739130435,1.3635212490408481,0.14467844713656267,-0.2762395170302108,0.4492099322799097,0.7892156862745098,1.064676616915423,7.365836116455512,0.2462912719801124,-0.38410350310026564,Semiconductors,Technology,MU
2010Q1,2010,Q1,2010-01-12,2009-12-03,204000000.0,1740000000.0,201000000.0,0.23,443000000.0,0.2545977011494253,11726000000.0,5195000000.0,3769000000.0,2242000000.0,4635000000.0,1037000000.0,-2181000000.0,7083530999.999999,8279530999.999999,6.138485170743235,1.6810883140053523,0.2354596622889306,0.5314725697786333,0.0260981388201144,6.138485170743235,0.03926852743022137,4.0709948275862065,8.680797794117646,1.3635285851780559,0.0,1.2507232401157184,0.0,0.14838819716868498,1.184656556645852,0.017397236909432033,26.831556818181813,0.2545977011494253,2.9419115163796015,0.005279732450227473,0.05386137897598308,-0.31386278501226256,1.6058823529411765,3.3181818181818183,5.1020408163265305,0.6076938489280704,0.03069184663112568,-0.4313059396110568,Semiconductors,Technology,MU
2009Q4,2009,Q4,2009-10-28,2009-09-03,-88000000.0,1302000000.0,-49000000.0,-0.11844,170000000.0,0.130568356374808,11455000000.0,4654000000.0,3344000000.0,1892000000.0,4815000000.0,987000000.0,-2291000000.0,6053631000.0,7666631000.0,5.5122586758261285,1.7674418604651163,0.27044958533391533,0.665663944993554,-0.005306476066709984,5.5122586758261285,-0.018908465835840136,4.649486175115207,-17.19781534090909,1.3007372152986678,0.0,1.1469098277608916,0.0,0.11366215626364033,1.2066596194503172,-0.007682234831951113,19.654646103896106,0.130568356374808,0.671,-1.7818798726407536,-0.0904531880134523,-0.31140944731344894,0.5887850467289719,0.696551724137931,0.8008130081300813,-2.178254918800764,-0.19114979321685932,-0.5107989311729856,Semiconductors,Technology,MU
2009Q3,2009,Q3,2009-07-14,2009-06-04,-290000000.0,1106000000.0,-246000000.0,-0.36,107000000.0,0.09674502712477397,11664000000.0,4697000000.0,3128000000.0,1825000000.0,4837000000.0,999000000.0,-2203000000.0,4473150000.0,6291150000.0,5.775236690028279,1.713972602739726,0.2678326474622771,0.6651053864168618,-0.031229108444298315,5.775236690028279,-0.06174153715137322,4.044439421338155,-3.8561637931034483,0.9523419203747073,0.0,1.0,0.0,0.09482167352537722,1.1265753424657534,-0.024862825788751715,51.41551724137931,0.09674502712477397,0.6288659793814433,-3.526993139495924,-0.215578172622275,-0.3247286549203707,1.400749063670412,0.6138482023968043,0.652542372881356,-3.85499336246762,-0.265701951793789,-0.4225415252929335,Semiconductors,Technology,MU
2009Q2,2009,Q2,2009-04-07,2009-03-05,-751000000.0,993000000.0,-708000000.0,-0.97,-267000000.0,-0.2688821752265861,11526000000.0,4742000000.0,2523000000.0,1637000000.0,4440000000.0,859000000.0,-1913000000.0,2437785000.0,4400785000.0,6.127406641684972,1.5412339645693343,0.25117126496616343,0.6105018979333614,-0.09320632599061104,6.127406641684972,-0.15837199493884438,2.4549697885196373,-0.811512982689747,0.5140837199493884,0.0,1.4668218859138533,0.0,0.08615304528891203,0.9688454489920586,-0.06515703626583377,10.417884615384615,-0.2688821752265861,-0.06593406593406587,-21.055387402705858,-0.16720754264801355,-0.27090038813582945,0.4053452115812918,-0.06373937677053824,-0.05357142857142857,-4.326041240550686,-0.3071197829176896,-0.4171297823591301,Semiconductors,Technology,MU
2009Q1,2009,Q1,2009-01-13,2008-12-04,-706000000.0,1402000000.0,-672000000.0,-0.91,-449000000.0,-0.3202567760342368,12676000000.0,5484000000.0,3037000000.0,1635000000.0,4490000000.0,883000000.0,-1162000000.0,1399673000.0,3240673000.0,7.0916849864218285,1.8574923547400612,0.22609656042915746,0.5226112326768781,-0.08196095062000644,7.0916849864218285,-0.1287381473377097,0.9983402282453637,-0.49563491501416435,0.25522848285922684,-0.21246458923512748,2.0962627406568517,0.107167888499671,0.11060271378983906,1.2593272171253822,-0.05569580309245819,15.726662921348314,-0.3202567760342368,-1.0443255813953487,-527.0369373288033,0.037829858372906755,-0.17210772606985406,-5.907692307692308,-1.052325581395349,-0.9881656804733728,-10.48118288121651,-0.1345004634690886,-0.22169251123949843,Semiconductors,Technology,MU
2008Q4,2008,Q4,2008-08-31,2008-08-31,-344000000.0,1449000000.0,-338000000.0,-0.4451345755693582,-65000000.0,-0.04485852311939269,13430000000.0,6178000000.0,3779000000.0,1598000000.0,4387000000.0,1291000000.0,-456000000.0,3276672000.0,4759672000.0,7.994306418219462,2.3648310387984983,0.2029784065524944,0.4412431207510521,-0.03817554067433805,7.994306418219462,-0.055681450307542894,2.2613333333333334,-2.3813023255813954,0.5303774684363872,0.0,1.1727343144848954,0.0,0.1078927773641102,1.4981226533166458,-0.025614296351451973,-6.8693333333333335,-0.04485852311939269,-0.4837819185645274,-1.2021876932591218,0.2862267867191896,-0.019808939467961716,-2.3541666666666665,-0.4576271186440678,-0.5022222222222222,-7.713166452902154,-0.03104627126729213,-0.11125758161000028,Semiconductors,Technology,MU
2008Q3,2008,Q3,2008-05-31,2008-05-31,-236000000.0,1498000000.0,-225000000.0,-0.3,48000000.0,0.03204272363150868,13616000000.0,6508000000.0,4129000000.0,1784000000.0,4297000000.0,1453000000.0,-112000000.0,6236496000.0,7183496000.0,8.421325051759835,2.3144618834080717,0.17780552291421856,0.3720036877688998,-0.026616904206779892,8.421325051759835,-0.03626306084818685,4.163214953271028,-6.606457627118645,0.9582814996926858,0.0,0.9979353062629044,0.0,0.11001762632197415,1.4456278026905829,-0.017332549941245595,-21.80593006993007,0.03204272363150868,0.7029702970297029,0.1355770462837451,0.6092974564989921,0.006976731598031905,2.116279069767442,0.6962676962676962,0.7085492227979274,-0.5476878448969416,0.191875012029178,-0.057479297853663014,Semiconductors,Technology,MU
2008Q2,2008,Q2,2008-02-29,2008-02-29,-777000000.0,1359000000.0,-772000000.0,-1.01,-43000000.0,-0.03164091243561442,13785000000.0,6738000000.0,4304000000.0,1720000000.0,4239000000.0,1449000000.0,124000000.0,5808448000.0,6506448000.0,8.723459347488348,2.5023255813953487,0.17453754080522307,0.3570792520035619,-0.08399119464905597,8.723459347488348,-0.11531611754229741,4.27406033848418,-1.8688700128700126,0.8620433363015731,0.0,0.9675638371290545,0.0,0.0985854189336235,1.597093023255814,-0.05636561479869423,-22.426440154440154,-0.03164091243561442,-1.9705882352941173,0.01353979742993754,0.36094099951511877,0.00014813085004520838,-9.6,-1.965648854961832,-1.9692307692307693,-6.521236475187875,-0.1294894242845403,-0.04471831317949804,Semiconductors,Technology,MU
2008Q1,2008,Q1,2007-11-30,2007-11-30,-262000000.0,1535000000.0,-260000000.0,-0.34,5000000.0,0.003257328990228013,14498000000.0,7501000000.0,4652000000.0,1852000000.0,4237000000.0,1443000000.0,901000000.0,6422208000.0,6759208000.0,9.717579997408992,2.511879049676026,0.1529176438129397,0.2955605919210772,-0.027497656124945688,9.717579997408992,-0.0349286761765098,4.183848859934853,-6.12806106870229,0.8561802426343154,0.0,1.0602910602910602,0.0,0.10587667264450269,1.6727861771058314,-0.01807145813215616,-13.133349693251533,0.003257328990228013,-0.6567468354430381,0.3497362506013598,0.7566785190871546,-0.022751842068474255,-0.9710982658959537,-0.6582278481012658,-0.6149068322981367,-2.4155374073398495,0.019309145009418244,0.08619522412814627,Semiconductors,Technology,MU
2007Q4,2007,Q4,2007-08-31,2007-08-31,-158000000.0,1437000000.0,-161000000.0,-0.20522145733212105,173000000.0,0.12038970076548365,14818000000.0,7752000000.0,5234000000.0,2026000000.0,4459000000.0,1532000000.0,1164000000.0,8815355000.0,9033355000.0,10.068840109105079,2.5834155972359327,0.1626400323930355,0.3108875128998968,-0.016494434004739655,10.068840109105079,-0.02038183694530444,6.13455462769659,-13.948346518987341,1.137171697626419,0.0,0.825065274151436,0.0,0.09697665002024565,1.7818361303060217,-0.010662707517883655,-14.498939144736843,0.12038970076548365,0.2923398023030308,0.7886551402751899,0.50715455094175,-0.044828109643557865,0.6320754716981132,0.29777777777777775,0.17435897435897435,-2.539490162275398,0.10086308665245287,0.2577980431228722,Semiconductors,Technology,MU
2007Q3,2007,Q3,2007-05-31,2007-05-31,-225000000.0,1294000000.0,-195000000.0,-0.29,106000000.0,0.08191653786707882,14417000000.0,7887000000.0,5287000000.0,1857000000.0,4203000000.0,1449000000.0,1323000000.0,9377382000.0,9034382000.0,10.244187556825562,2.8470651588583737,0.16119858500381495,0.29466210219348293,-0.020068088751081004,10.244187556825562,-0.028527957398250287,7.2468176197836165,-10.419313333333333,1.188966907569418,0.0,0.8198757763975155,0.0,0.08975515016993826,2.024232633279483,-0.01560657557050704,-15.786838383838385,0.08191653786707882,-3.1428571428571423,-6.273537724658886,0.31264049758038304,-0.11260259377591887,-0.7030812324929971,-3.326923076923077,-4.735294117647059,-3.0711189186200083,-0.030505673531076707,0.1978048142493924,Semiconductors,Technology,MU
2007Q2,2007,Q2,2007-02-28,2007-02-28,-52000000.0,1427000000.0,-34000000.0,-0.07,357000000.0,0.2501751927119832,13376000000.0,8249000000.0,4528000000.0,1777000000.0,2844000000.0,1293000000.0,1548000000.0,9116782000.0,8372782000.0,10.731104462078834,2.5481148002250986,0.06145334928229665,0.09964844223542248,0.00749641715356631,10.731104462078834,-0.00630379439932113,6.388775052557814,-43.83068269230769,1.1051984482967632,0.0,0.8275328692962104,0.0,0.1066836124401914,1.7647720877884074,-0.00388755980861244,-11.482093198992443,0.2501751927119832,-1.4666666666666668,-0.3362443770412112,0.7258967830084847,-0.06564954334208035,-0.19230769230769232,-1.4521739130434783,-1.309090909090909,-0.5374679200026111,0.20486800877469227,0.27689323652004544,Semiconductors,Technology,MU
2007Q1,2007,Q1,2006-11-30,2006-11-30,115000000.0,1530000000.0,110000000.0,0.15,442000000.0,0.28888888888888886,13076000000.0,8279000000.0,4853000000.0,1925000000.0,2815000000.0,1114000000.0,1600000000.0,,,,,,,,,,,,,,,,,,,,,,,,,,,,,,,Semiconductors,Technology,MU
