Quarters,Year,Quarter,FillingDate,Date,NetIncome,Revenue,OperatingIncome,EPSDiluted,GrossProfit,GrossProfitRatio,TotalAssets,CommonStockEquity,CurrentAssets,CurrentLiability,TotalLiability,Inventory,RetainedEarnings,MarketCap,EnterpriseValue,bookValuePerShare,currentRatio,debtToAssets,debtToEquity,roic,shareholdersEquityPerShare,roe,priceToSalesRatio,peRatio,pbRatio,payoutRatio,inventoryTurnover,dividendYield,assetTurnover,quickRatio,returnOnAssets,priceToFreeCashFlowsRatio,grossProfitMargin,epsdilutedGrowth,fiveYNetIncomeGrowthPerShare,fiveYRevenueGrowthPerShare,fiveYShareholdersEquityGrowthPerShare,grossProfitGrowth,netIncomeGrowth,operatingIncomeGrowth,threeYNetIncomeGrowthPerShare,threeYRevenueGrowthPerShare,threeYShareholdersEquityGrowthPerShare,Industry,Sector,Symbol
2020Q2,2020,Q2,2020-05-31,2020-05-31,8804350.0,10955940.0,8951340.0,0.65,9093660.0,0.8300209749,234071523.0,196262483.0,8224830.0,6909040.0,37809040.0,0.0,-65545440.0,146783494.4,177677654.4,14.547519963116507,1.1904446927503676,0.132010932402059,0.15744221477112363,0.03919683555140401,14.547519963116507,0.04486007649256124,13.3976175846162,4.16792535508016,0.7478938009767258,0.9975432598658618,0.0,0.05983452046771819,0.046805949991618585,1.1904446927503676,0.03761393050789865,15.43445239387095,0.8300209749231924,0.0,0.0,0.0,0.0,0.0,0.0,0.0,0.0,0.0,0.0,Asset Management,Financial Services,TEAF
2019Q4,2019,Q4,2019-11-30,2019-11-30,-2029590.0,2281360.0,227570.0,-0.15,260730.0,0.1142870919,271915338.0,237460678.0,746320.0,2454660.0,34454660.0,0.0,-26661060.0,210461628.0,242083186.0,17.601244521400357,0.30404210766460527,0.11768368873697004,0.13475915368185717,0.0007000308429557203,17.601244521400357,-0.008547057210036265,92.25270365045411,-25.92415561763706,0.8863009647433079,-2.163668524184688,0.0,0.020865371240024813,0.008389964379280437,0.3040429224413972,-0.007464051181989594,49.92021461304193,0.11428709191008872,0.9210526315789475,0.0,0.0,0.0,-0.8612451904399516,0.9207007717021951,-0.8746440158863935,0.0,0.0,0.0,Asset Management,Financial Services,TEAF
2019Q3,2019,Q3,2019-08-31,2019-08-31,-25594070.0,2953160.0,1815390.0,-1.9,1879070.0,0.6362912947,276736230.0,243881630.0,761330.0,1354600.0,32854600.0,0.0,-23639320.0,219230862.5,250677012.5,18.077183304882542,0.5620330724937251,0.11382680178883697,0.12916101963071183,0.023236723951542734,18.077183304882542,-0.10494464056189882,74.23602598572377,-2.1414224320321074,0.8989232296831868,-0.1715772442600962,0.0,0.02003075639042382,0.010671389141927676,0.5620330724937251,-0.09248543278919424,49.9339157757116,0.636291294748676,0.0,0.0,0.0,0.0,0.0,0.0,0.0,0.0,0.0,0.0,Asset Management,Financial Services,TEAF
2019Q2,2019,Q2,2019-05-31,2019-05-31,0.0,0.0,0.0,0.0,0.0,0.0,288039963.0,255534043.0,387420.0,32505920.0,32505920.0,0.0,-12824710.0,0.0,31445220.0,0.0,0.011918444394128824,0.10935982518509073,0.12327124648515032,,0.0,0.0,0.0,0.0,0.0,0.0,0.0,,0.0,0.011918444394128824,0.0,0.0,0.0,0.0,0.0,0.0,0.0,0.0,0.0,0.0,0.0,0.0,0.0,Asset Management,Financial Services,TEAF
2022Q4,2022,Q4,2022-11-30,2022-11-30,,,,,,,251239453.0,220797955.0,2152379.0,0.0,30441498.0,0.0,-21895877.0,0.0,29459792.0,0.0,0.0,0.11741786430334251,0.13360630989539735,,0.0,,0.0,0.0,0.0,0.0,0.0,,,0.0,,0.0,0.0,0.0,1.0,-1.0,-1.0,0.0,0.0,0.0,1.0,-1.0,-1.0,Asset Management,Financial Services,TEAF
2022Q2,2022,Q2,2022-05-31,2022-05-31,,,,,,,264261519.0,232698797.0,2018475.0,0.0,31562722.0,0.0,-14884465.0,0.0,30359792.0,0.0,0.0,0.11503755868443336,0.1306409847920271,,0.0,,0.0,0.0,0.0,0.0,0.0,,,0.0,,0.0,0.0,0.0,0.0,0.0,0.0,0.0,0.0,0.0,0.0,0.0,0.0,Asset Management,Financial Services,TEAF
2021Q4,2021,Q4,2021-11-30,2021-11-30,,,,,,,260152710.0,231382016.0,5217716.0,3320788.0,28770694.0,0.0,-19351169.0,0.0,21388489.0,0.0,1.5712282747347919,0.08302815680836075,0.09335211255139207,,0.0,,0.0,0.0,0.0,0.0,0.0,,,1.5406036157683056,,0.0,0.0,0.0,1.0,-1.0,-1.0,0.0,0.0,0.0,1.0,-1.0,-1.0,Asset Management,Financial Services,TEAF
2021Q2,2021,Q2,2021-05-31,2021-05-31,,,,,,,259310701.0,227356487.0,3348450.0,587683.0,31954214.0,0.0,-27542158.0,0.0,30104958.0,0.0,5.697714584223127,0.11723388152809013,0.13371072187616972,,0.0,,0.0,0.0,0.0,0.0,0.0,,,5.697714584223127,,0.0,0.0,0.0,0.0,0.0,0.0,0.0,0.0,0.0,0.0,0.0,0.0,Asset Management,Financial Services,TEAF
2020Q4,2020,Q4,2020-11-30,2020-11-30,,,,,,,246111684.0,213824995.0,2879855.0,533163.0,32286689.0,0.0,-43997925.0,0.0,30961890.0,0.0,5.401453214120259,0.12636539433861255,0.14544604572538397,,0.0,,0.0,0.0,0.0,0.0,0.0,,,5.401453214120259,,0.0,0.0,0.0,1.0,-1.0,-1.0,0.0,0.0,0.0,1.0,-1.0,-1.0,Asset Management,Financial Services,TEAF
