Quarters,Year,Quarter,FillingDate,Date,NetIncome,Revenue,OperatingIncome,EPSDiluted,GrossProfit,GrossProfitRatio,TotalAssets,CommonStockEquity,CurrentAssets,CurrentLiability,TotalLiability,Inventory,RetainedEarnings,MarketCap,EnterpriseValue,bookValuePerShare,currentRatio,debtToAssets,debtToEquity,roic,shareholdersEquityPerShare,roe,priceToSalesRatio,peRatio,pbRatio,payoutRatio,inventoryTurnover,dividendYield,assetTurnover,quickRatio,returnOnAssets,priceToFreeCashFlowsRatio,grossProfitMargin,epsdilutedGrowth,fiveYNetIncomeGrowthPerShare,fiveYRevenueGrowthPerShare,fiveYShareholdersEquityGrowthPerShare,grossProfitGrowth,netIncomeGrowth,operatingIncomeGrowth,threeYNetIncomeGrowthPerShare,threeYRevenueGrowthPerShare,threeYShareholdersEquityGrowthPerShare,Industry,Sector,Symbol
2023Q1,2023,Q1,2023-04-25,2023-03-31,169368000.0,394657000.0,181851000.0,4.9,195368000.0,0.4950323952,1838880000.0,1240275000.0,488180000.0,175005000.0,598605000.0,64421000.0,-64236000.0,1463591196.72,1745336196.72,36.379698012208195,2.789520299420017,0.24552771252066474,0.36402894519360623,0.0837195659059146,36.379698012208195,0.1365568119973393,3.708514473884918,2.160371493906759,1.1800537757513456,0.0,3.0935409260955278,0.0,0.21461813712694683,2.3147338647467217,0.0921038893239363,8.770478836028932,0.49503239521913966,0.15294117647058833,9.698692565553042,1.3044620232380835,0.24528511878470063,0.17249408855760806,0.1566719252596857,0.17874574623237724,0.5656163040133271,0.1399990779396376,0.11636264104056443,Oil & Gas Midstream,Energy,TNK
2022Q4,2022,Q4,2022-12-31,2022-12-31,146427000.0,367318000.0,154275000.0,4.25,166626000.0,0.4536287359,1783654000.0,1070006000.0,459509000.0,170174000.0,713648000.0,60832000.0,-233604000.0,1050042388.1999999,1445733388.1999998,31.39576576190641,2.7002303524627735,0.3230463980121705,0.5385044569843533,0.06899328967138146,31.39576576190641,0.13684689618562887,2.858673923412411,1.7927745364584402,0.9813425234998682,0.0,3.299118884797475,0.0,0.20593568035056126,2.2484515848484494,0.08209383658489819,7.437930413532237,0.45362873586374747,1.1464646464646464,12.445037996199288,1.7155440117838585,-0.17305060514863935,1.1667035096160099,1.1516612052370947,1.046847635726795,1.2913986569734293,0.16458772174462036,0.06684716255030745,Oil & Gas Midstream,Energy,TNK
2022Q3,2022,Q3,2022-09-30,2022-09-30,68053000.0,279386000.0,75372000.0,1.98,76903000.0,0.2752571711,1632582000.0,922696000.0,319423000.0,175218000.0,709886000.0,66173000.0,-380031000.0,937447857.54,1446323857.54,27.106625329202092,1.8230033444052551,0.35948209645824836,0.6360534780686163,0.03567409761000303,27.106625329202092,0.07375451936499129,3.3553859446786882,3.443815326069387,1.0159877766241536,0.0,3.0599035860547352,0.0,0.17113137349303129,1.3562362314374095,0.041684276808148076,22.202303425621107,0.2752571710823019,1.3855421686746987,3.001291726981184,1.0153574744241562,-0.2958600307237322,0.7336895261283196,1.3838097239736584,1.2117495158166558,4.3864943851534255,0.5138123291069668,-0.01604176498493455,Oil & Gas Midstream,Energy,TNK
2022Q2,2022,Q2,2022-06-30,2022-06-30,28548000.0,242389000.0,34078000.0,0.83,44358000.0,0.1830033541,1626351000.0,853569000.0,311820000.0,191286000.0,772782000.0,84710000.0,-448084000.0,598518754.4,1165917754.4,25.14277348766734,1.6301245255794987,0.389623765103597,0.7423711498426021,0.017038003224888045,25.14277348766734,0.03344545080714037,2.4692488289485084,5.241336997337816,0.701195514832427,0.0,2.337752331483886,0.0,0.14903855317824996,1.0027916313791914,0.017553406367998053,45.418026589770825,0.18300335411260413,3.024390243902439,1.4767071202324265,0.39434001702714977,-0.3997882072382399,15.04267631103074,3.0476258786400803,5.231714888861294,2.9762798408597275,0.18682786052917746,-0.10624798518666909,Oil & Gas Midstream,Energy,TNK
2022Q1,2022,Q1,2022-03-31,2022-03-31,-13942000.0,174018000.0,-8053000.0,-0.41,2765000.0,0.0158891609,1582795000.0,824905000.0,231064000.0,183815000.0,757890000.0,62731000.0,-476632000.0,469335782.8,1075426782.8,24.325196625514998,1.2570464869569948,0.39452803426849337,0.7570047460010547,-0.003952018637902124,24.325196625514998,-0.0169013401543208,2.6970530795664818,-8.41586183474394,0.5689573742430947,0.0,2.7299580749549666,0.0,0.10994348604841435,0.6675244131327693,-0.008808468563522125,-25.04459886872999,0.01588916089140204,0.6495726495726496,-3.9866427159237863,-0.1572702051091519,-0.46404069205574217,1.3645833333333333,0.6497688906752411,0.6223504033014444,-2.109316043927748,-0.2587507735390975,-0.14904637218735903,Oil & Gas Midstream,Energy,TNK
2021Q4,2021,Q4,2021-12-31,2021-12-31,-39808000.0,160308000.0,-21324000.0,-1.17,-7584000.0,-0.0473089303,1618749000.0,838412000.0,245395000.0,157088000.0,780337000.0,49028000.0,-462690000.0,369493105.0,972950105.0,24.733048266218663,1.5621498777755143,0.40403360866941074,0.7800806763261976,-0.011926092973382785,24.733048266218663,-0.04748023644699742,2.3048949834069417,-2.320470163032556,0.4407058880359537,0.0,3.424410540915395,0.0,0.09903203029005732,0.89363923405989,-0.02459182986367868,-12.531987009903677,-0.047308930309154874,0.2402597402597403,-154.36061128301344,-0.2129565566947275,-0.47372841168166696,0.7493306891422905,0.23527038709057727,0.4860943750903745,-3.8063982486952797,-0.33776391857892074,-0.12318616669265475,Oil & Gas Midstream,Energy,TNK
2021Q3,2021,Q3,2021-09-30,2021-09-30,-52055000.0,115890000.0,-41494000.0,-1.54,-30255000.0,-0.2610665286,1649692000.0,877771000.0,202039000.0,164484000.0,771921000.0,49817000.0,-422882000.0,492542284.46999997,1073499284.47,25.89424914801772,1.2283200797645972,0.38896957735140864,0.7310334927902608,-0.023227241514044213,25.89424914801772,-0.059303622471008954,4.250084428941237,-2.365489791902795,0.5611284543121156,0.0,2.933637111829295,0.0,0.07024947687204641,0.7594720459132803,-0.03155437499848457,-10.630485495651048,-0.26106652860471136,0.5968586387434555,-4.497376734320356,-0.36162760430860025,-0.4445240070175104,-0.47477455520350964,0.5969228148423465,0.652577992866353,-1.9484430697012334,-0.3475996523547009,-0.07051429352321653,Oil & Gas Midstream,Energy,TNK
2021Q2,2021,Q2,2021-06-30,2021-06-30,-129144000.0,123420000.0,-119434000.0,-3.82,-20515000.0,-0.1662210339,1654213000.0,929433000.0,193734000.0,241320000.0,724780000.0,49609000.0,-370827000.0,486867752.14,1023667752.14,27.52785289452915,0.8028095474888115,0.3610768383515303,0.6426477217830656,-0.06454846243727483,27.52785289452915,-0.13894923033720558,3.9448043440285203,-0.9424900733677135,0.5238330811796009,0.0,2.901388860892177,0.0,0.0746094970841119,0.4844521796784353,-0.0780697528069239,-19.80425285307517,-0.1662210338680927,-5.063492063492063,-4.321483493492226,-0.4887834925813258,-0.4191050269326013,-60.985380116959064,-5.044652468991341,-9.545117428924598,-3.6840434807414235,-0.2851379963615472,-0.029780424445946183,Oil & Gas Midstream,Energy,TNK
2021Q1,2021,Q1,2021-03-31,2021-03-31,-21365000.0,142749000.0,-11326000.0,-0.63,342000.0,0.0023958136,1787653000.0,1057878000.0,218998000.0,308741000.0,729775000.0,40403000.0,-241683000.0,469037735.8,983272735.8,31.3503649656668,0.7093259398654536,0.33665929573580555,0.5689030304061526,-0.005773013749279988,31.3503649656668,-0.02019609066451897,3.2857514644585954,-5.488389138778375,0.44337601859571707,0.0,3.52466401009826,0.0,0.07985274547129673,0.531720762710492,-0.011951424577364847,-16.53987360885817,0.0023958136309186052,0.7096774193548387,-1.316909691060105,-0.49962545018843557,-0.33285565899466035,1.0426699937616968,0.7084709221406544,0.7325367212959901,-0.10864227632318263,-0.15785139132417503,0.07312993491900667,Oil & Gas Midstream,Energy,TNK
2020Q4,2020,Q4,2020-12-31,2020-12-31,-73286000.0,127802000.0,-42346000.0,-2.17,-8015000.0,-0.0627141985,1840245000.0,1078902000.0,245408000.0,197119000.0,761343000.0,34606000.0,-220318000.0,371456954.43,891228954.4300001,31.97870137665846,1.2449738482845387,0.33528361712706733,0.5718814127696491,-0.027767013454385796,31.97870137665846,-0.06792646598115491,2.9065034540148043,-1.2671484131689543,0.3442916543207817,0.0,3.924666242848061,0.0,0.06944836149534438,0.838630471948417,-0.03982404516789884,-52.97446583428408,-0.06271419852584467,-0.6439393939393938,-1.783146317995003,-0.5671461586151697,-0.29626601071402386,-1.296138924810641,-0.64932259080884,-3.465129817208057,-4.786434620721778,-0.04556524972776856,-0.15769636096449488,Oil & Gas Midstream,Energy,TNK
2020Q3,2020,Q3,2020-09-30,2020-09-30,-44434000.0,170240000.0,17178000.0,-1.32,27065000.0,0.158981438,1912004000.0,1151789000.0,251543000.0,156013000.0,760215000.0,33444000.0,-147032000.0,365721470.12,884009470.12,34.13907517079408,1.6123207681411165,0.33428800358158245,0.5549280293525984,0.008230929923697507,34.13907517079408,-0.038578246536475,2.148269913768797,-2.057666821127965,0.31752471166159774,0.0,4.281036957301758,0.0,0.08903747063290662,1.2809958144513598,-0.023239491130771693,9.848430594318028,0.1589814379699248,-1.4567474048442905,-1.5377920069971944,-0.32266329547257105,-0.3146387061146792,-0.7290085507739752,-1.4524939408134585,-0.8152625126363109,-0.3183798174217747,0.23899932962424045,-0.11318037380381127,Oil & Gas Midstream,Energy,TNK
2020Q2,2020,Q2,2020-08-13,2020-06-30,98198000.0,246492000.0,92986000.0,2.89,99874000.0,0.4051815069,2071966000.0,1195799000.0,348917000.0,185818000.0,876167000.0,30885000.0,-102598000.0,432392677.96000004,1001345677.96,35.45421548839957,1.8777352032634083,0.3556332488081368,0.6162072388419793,0.04654557301568847,35.45421548839957,0.08211915213175458,1.7541854419616054,1.1008184432473167,0.3615931088418706,0.0,4.747223571312935,0.0,0.11896527259617194,1.6207418011172223,0.0473936348376373,2.6373126156436033,0.4051815069048894,-0.08253968253968247,-0.0445444408289752,-0.013817309276682928,-0.11678822695315846,-0.24622827342093148,-0.08087870534168234,-0.2259294407538751,2.650493196464212,0.4272293185595403,-0.1536320267256102,Oil & Gas Midstream,Energy,TNK
2020Q1,2020,Q1,2020-04-15,2020-03-31,106839000.0,341900000.0,120126000.0,3.15,132499000.0,0.3875372916,2224891000.0,1097227000.0,495185000.0,244923000.0,1127664000.0,50430000.0,-200796000.0,748820066.0799999,1501362066.08,32.5877064269175,2.0217986877508443,0.4296241928256261,0.8711661306183679,0.048191481050407624,32.5877064269175,0.09737182916570591,2.1901727583503945,1.7522161057291812,0.6824659492338412,0.0,4.152310132857426,0.0,0.15367044947370456,1.5465187017960746,0.048019880524484124,5.432412716496303,0.3875372916057327,0.693548387096774,0.17047917814095723,0.4057462636845257,-0.07206856976477798,0.24829476936991257,0.6939212328767124,0.3113046895467645,22.051165778035703,0.6676240985343072,-0.2819920491108641,Oil & Gas Midstream,Energy,TNK
2019Q4,2019,Q4,2020-02-27,2019-12-31,63072000.0,311305000.0,91608000.0,1.86,106144000.0,0.3409646488,2229476000.0,989920000.0,421225000.0,279705000.0,1239556000.0,49790000.0,-307635000.0,806304825.54,1761507825.54,29.428550652798812,1.5059616381544843,0.4682835787422695,1.0546579521577502,0.030209538710277605,29.428550652798812,0.06371423953450783,2.5900799072934904,3.195969786672374,0.8145151381323743,0.0,4.120526210082346,0.0,0.13963146497203827,1.0441036091596503,0.028290055600508818,15.979088892984542,0.3409646488170765,2.8600000000000003,0.03816109885123173,0.36714043951634767,-0.2756552709479105,26.45576823590274,4.17743073047859,16.049778215869885,243.86611483734416,0.5402039086389719,-0.37381717258409103,Oil & Gas Midstream,Energy,TNK
2019Q3,2019,Q3,2019-11-13,2019-09-30,-19850000.0,182304000.0,-6087000.0,-1.0,3866000.0,0.0212063367,2170138000.0,926287000.0,261544000.0,295414000.0,1243851000.0,50473000.0,-370706000.0,349687509.6,1376471509.6,27.548552737898536,0.8853473430507695,0.50848793947666,1.1913035592640293,-0.004165784823061298,27.548552737898536,-0.021429643296300174,1.9181559899947342,-4.40412480604534,0.3775152945037553,0.0,3.5353159114774235,0.0,0.08400571760874194,0.44393969141611433,-0.009146883746563583,-155.55494199288256,0.021206336668421977,-0.052631578947368474,-2.088023967986347,0.09549343472080253,-0.08709323893592016,-0.7344597843258466,-0.3874327252393933,-2.747631352282515,-1.1134145139676337,0.012407745875735945,-0.4090363617094444,Oil & Gas Midstream,Energy,TNK
2019Q2,2019,Q2,2019-06-30,2019-06-30,-14307000.0,202277000.0,3483000.0,-0.95,14559000.0,0.0719755583,2153928000.0,945895000.0,228478000.0,269501000.0,1208033000.0,63441000.0,-350856000.0,336237990.0,1355059990.0,28.13171111330995,0.8477816408844494,0.48945507927841597,1.1145539409765355,0.0031943501983465717,28.13171111330995,-0.015125357465680651,1.6622650622661004,-5.87541046340952,0.35547073406667756,0.0,2.9589382260683155,0.0,0.09391075281996426,0.3838575738123421,-0.006642283307520028,27.434561847258486,0.07197555826910623,-3.5238095238095237,-1.969832790043564,0.4161433304915264,-0.05899075006842398,-0.6471571906354515,-2.1494335984574597,-0.891485185531358,-1.3694923154385035,-0.1586730526206889,-0.40636236207315224,Oil & Gas Midstream,Energy,TNK
2019Q1,2019,Q1,2019-04-10,2019-03-31,12447000.0,232501000.0,32097000.0,-0.21,41262000.0,0.1774702044,2202786000.0,960048000.0,264372000.0,257197000.0,1242738000.0,50485000.0,-336549000.0,259489428.7392,1292523428.7392,28.58580753459201,1.0278969039296726,0.5030352471824318,1.1541912487708947,-0.00755086619223029,28.58580753459201,0.012964976751162443,1.116078764130907,5.211886975560375,0.27028797387130643,0.0,3.7880360503119737,0.0,0.10554860980594574,0.561845589178723,0.005650571594335537,5.69492875538681,0.17747020442922826,0.125,-0.8534455884413277,0.37456387651844825,-0.03822554165924121,-0.04135495562473863,2.517556693489393,0.028552201499711594,-0.8144983337356582,-0.18116298673700335,-0.3916861972530074,Oil & Gas Midstream,Energy,TNK
2018Q4,2018,Q4,2019-02-21,2018-12-31,-8202000.0,239724000.0,31206000.0,-0.24,43042000.0,0.179548147,2161086000.0,946933000.0,225591000.0,197761000.0,1214153000.0,0.0,-348996000.0,249222336.256,1305000336.256,28.207867310812727,1.1407254210890925,0.5139522443808344,1.1729393737466114,-0.009146547893859436,28.207867310812727,-0.008661647656169972,1.0396219663279438,-7.596389181175323,0.2631889861859287,0.0,0.0,0.0,0.11092756142050803,0.8520082321590202,-0.0037953140226719344,-59.59405458058345,0.17954814703575778,0.7391304347826088,-1.230222645579298,0.8575527446097523,0.035369000712645704,5.335295849278776,0.5308853809196981,8.589007782101167,-1.088087408245407,-0.18400534036217706,-0.3792482453218997,Oil & Gas Midstream,Energy,TNK
2018Q3,2018,Q3,2018-11-15,2018-09-30,-17484000.0,175915000.0,-4112000.0,-0.92,6794000.0,0.0386209249,2129194000.0,935211000.0,177799000.0,179231000.0,1193983000.0,0.0,-360498000.0,273929723.04,1323356723.04,27.85868461191286,0.9920103107163382,0.5184064956035007,1.1802555786875903,-0.0031069423854396356,27.85868461191286,-0.018695246313398795,1.5571709236847342,-3.9168628894989705,0.2929068659799767,0.0,0.0,0.0,0.0826204657724942,0.8306766128627302,-0.008211557988609775,-15.953044263001575,0.03862092487849245,0.25203252032520324,0.6270278542178764,1.6580081672830462,0.067553678963571,3.1257822277847307,0.3622004158610878,0.6934774506149832,-1.2126727786457911,-0.2965745979184191,-0.44072110811314746,Oil & Gas Midstream,Energy,TNK
2018Q2,2018,Q2,2018-08-02,2018-06-30,-27413000.0,171659000.0,-13415000.0,-1.23,-3196000.0,-0.0186183072,2140696000.0,952470000.0,168329000.0,241927000.0,1188226000.0,0.0,-343015000.0,314213505.84,1344978505.84,28.372807133693513,0.6957842655015769,0.5041453807546704,1.1330771572857938,-0.009308335960068062,28.372807133693513,-0.02878095898033534,1.83045168525973,-2.8655519811768135,0.32989333610507415,0.0,0.0,0.0,0.08018840601374506,0.5750370979675687,-0.01280564825645491,21.359085435388483,-0.01861830722537123,-0.43023255813953487,-1.5778000696546939,0.31485022596915074,0.023436610882862495,-3.343108504398827,-0.4312640317443743,-0.42153226661015153,-1.26798206009087,-0.30997880415120305,-0.2931955495372685,Oil & Gas Midstream,Energy,TNK
2018Q1,2018,Q1,2018-04-24,2018-03-31,-19153000.0,168465000.0,-9437000.0,-0.86,1364000.0,0.0080966373,2159028000.0,979735000.0,161300000.0,219075000.0,1179293000.0,0.0,0.0,297804528.48,1342188528.48,29.213950655502806,0.7362775305260756,0.5059434152776157,1.114940264459267,-0.006409480846054978,29.213950655502806,-0.019549163804498153,1.7677531147716143,-3.8871786205816328,0.3039643663643741,-0.4204041142379784,0.0,0.027037869575380742,0.07802816823125962,0.6088599794590893,-0.008871121634365094,-46.185565831265514,0.008096637283708782,-1.263157894736842,-1.058448093108924,0.2459791921015272,0.024989024238086795,-0.8794520547945206,-0.9243444187682106,-2.523325262308313,-1.21066628932978,-0.304588477372411,-0.1681359019427578,Oil & Gas Midstream,Energy,TNK
2017Q4,2017,Q4,2018-02-22,2017-12-31,-9953000.0,105229000.0,6195000.0,-0.38,11315000.0,0.1075273926,2197348000.0,1006601000.0,176685000.0,236714000.0,1190747000.0,0.0,-288397000.0,294828863.44,1324599863.44,37.96576423826952,0.7464070566168457,0.5011541185101313,1.093988581374348,0.014540892016734159,37.96576423826952,-0.009887731087094093,2.8017833813872604,-7.405527565558123,0.2928954605052051,-0.5402391238822466,0.0,0.018237698769592355,0.04788909175970306,0.6564039304815094,-0.004529551077025578,25.70658849420176,0.10752739263891133,0.7710843373493975,0.9890553325990203,-0.0266954768994954,0.3127794703952279,5.237596471885336,0.5552725647899911,1.8074817518248176,-1.2078491087945489,-0.41368839435035143,-0.06552308556148956,Oil & Gas Midstream,Energy,TNK
2017Q3,2017,Q3,2017-10-06,2017-09-30,-22380000.0,91238000.0,-7672000.0,-1.66,1814000.0,0.0198820667,1735953000.0,862428000.0,149187000.0,223623000.0,873525000.0,0.0,-281141000.0,290343022.56,1026598022.56,38.49607537129719,0.6671362069196818,0.45903374112087136,0.923973943332081,-0.007023354174917511,38.49607537129719,-0.025949992347187242,3.1822598320875075,-3.2433313512064346,0.33665769497279774,-0.2402591599642538,0.0,0.018519473802367098,0.05255787455075109,0.5593208212035434,-0.012892054105151464,134.0457167867036,0.01988206668274184,0.521613832853026,-0.0804415229112465,0.4896683514759802,-0.39089863619728976,-0.8202892807608481,0.40283373802598926,-5.31440329218107,-2.8411044271172154,-0.17713284666288204,0.27568688690288057,Oil & Gas Midstream,Energy,TNK
2017Q2,2017,Q2,2017-08-03,2017-06-30,-37477000.0,108789000.0,-1215000.0,-3.47,10094000.0,0.0927851161,1803426000.0,889969000.0,178992000.0,224096000.0,913457000.0,0.0,-253384000.0,319531778.56,1054062778.56,41.889835872730295,0.7987291160931029,0.4556804659575719,0.9233872191053846,-0.0013965841143751864,41.889835872730295,-0.0421104555327208,2.9371699212236533,-2.131519188835819,0.3590369760744475,-0.13237452304079836,0.0,0.0155258422882294,0.06032351757155547,0.717692417535342,-0.020781002381023674,9.302235183697235,0.09278511614225703,-20.6875,-3.0759945369267188,0.06189207724134869,-0.38420942583710005,-0.438442280945758,-14.252121640735503,-1.1348202396804261,-5.020625895063914,0.20538630363155977,0.40122024129931394,Oil & Gas Midstream,Energy,TNK
2017Q1,2017,Q1,2017-04-26,2017-03-31,2828000.0,125096000.0,9012000.0,-0.16,17975000.0,0.1436896464,1842243000.0,932416000.0,155211000.0,205190000.0,909827000.0,0.0,-184816000.0,336921731.2,1134711731.2,45.386275161107804,0.7564257517422877,0.45887214661692294,0.9066275138993753,-0.006015727521070987,45.386275161107804,0.0030329809870272497,2.693305391059666,29.78445289957567,0.36134271741368656,1.7553041018387554,0.0,0.01473339218078908,0.06790417985032376,0.6350455675227837,0.0015350852194851601,12.5142714853471,0.14368964635160197,-22.05263157894737,-0.7047920567125091,0.8620225662099706,-0.26893058712689216,0.0981793743890518,17.85333333333333,-0.334514842711564,-0.9455659161426879,0.2090404496999757,0.5270291089855021,Oil & Gas Midstream,Energy,TNK
2016Q4,2016,Q4,2017-02-24,2016-12-31,150000.0,117704000.0,13542000.0,0.0076,16368000.0,0.1390606946,1932425000.0,920624000.0,215484000.0,236922000.0,1011801000.0,0.0,-182680000.0,354171000.32,1219079000.32,46.996738595088374,0.9095145237673158,0.48282132553656676,1.0134604355306835,0.0001600706767711615,46.996738595088374,0.00016293296720485236,3.0089971481003195,590.2850005333332,0.38470754653365535,31.253333333333334,0.0,0.013236543917385405,0.06090999650697957,0.6937852964266721,7.762267617113213e-05,13.60992200438074,0.13906069462380208,1.0089411764705882,1.0563779098109445,0.45679339821766046,-0.14798189929033945,1.1306951314761782,1.0274876305662453,1.392156862745098,-0.9927847071600392,0.5629867208565211,0.725014009027828,Oil & Gas Midstream,Energy,TNK
2016Q3,2016,Q3,2016-10-31,2016-09-30,-5457000.0,104621000.0,5661000.0,-0.85,7682000.0,0.0734269411,1957784000.0,910674000.0,186814000.0,222093000.0,1047110000.0,0.0,-184837000.0,395398864.08,1302812864.08,46.616324512937126,0.8411521299635738,0.49374752270934896,1.061467660216499,0.0091591099933279,46.616324512937126,-0.005992265069607785,3.7793451035642938,-18.114296503573392,0.4341826647955251,-1.7183434121312076,0.0,0.02371529321870479,0.05343847942367493,0.6801475057746079,-0.002787335068628613,5.266998762238414,0.07342694105389931,-2.164383561643836,0.87389477089539,0.5432948677109661,-0.27760910793942134,-0.8168335717691941,-1.2426843369207508,-0.8159084257422523,0.7999614740686213,1.716416724913949,0.7863524221192109,Oil & Gas Midstream,Energy,TNK
2016Q2,2016,Q2,2016-08-09,2016-06-30,22486000.0,139621000.0,30751000.0,0.73,41940000.0,0.3003846126,2063730000.0,925317000.0,251181000.0,228798000.0,1138413000.0,0.0,-170005000.0,465502557.76,1451754557.76,47.388691882061124,1.0978286523483596,0.5060109607361428,1.1285537821092664,0.009874201927082252,47.388691882061124,0.02430086121837165,3.3340440031227394,5.1754709348038785,0.5030736037055409,0.625189006492929,0.0,0.03019961924086335,0.06765468350995528,0.9270185928198673,0.010895805168311746,10.054268078360224,0.30038461262990523,-0.4065040650406504,5.176871848751277,0.9353332344607334,-0.30750465809015287,-0.29240269271650554,-0.42314007183170854,-0.4288235075597162,4.635281534464478,0.8386269875495116,0.7093593166660811,Oil & Gas Midstream,Energy,TNK
2016Q1,2016,Q1,2016-04-27,2016-03-31,38980000.0,164950000.0,53838000.0,1.23,59271000.0,0.3593270688,2072791000.0,916833000.0,218957000.0,212890000.0,1155958000.0,0.0,-178433000.0,572827017.52,1592876017.52,46.991877227683595,1.0284982854995537,0.5251002151205789,1.1871551307599093,0.016614626090494623,46.991877227683595,0.04251592165639762,3.472731236859654,3.673852087737301,0.6247888301577277,0.48034889687018983,0.0,0.032687005723060644,0.07957869365507665,0.9224012400770351,0.018805562162321238,10.735742592724478,0.35932706880872994,-0.5477941176470589,1.0212323126646818,1.092333615401515,-0.37963214137578344,-0.04587820543777467,-0.2722044847738009,-0.04762073235450204,8.201050154078667,1.09702840294832,0.6487382673677068,Oil & Gas Midstream,Energy,TNK
2015Q4,2015,Q4,2016-02-19,2015-12-31,53559000.0,168986000.0,56530000.0,2.72,62121000.0,0.3676103346,2169476000.0,877461000.0,279814000.0,289652000.0,1292015000.0,0.0,-217413000.0,1062805888.0,2130993888.0,45.441462063108176,0.9660351041939983,0.5368139587623924,1.3272441738151326,0.02614714415026582,45.441462063108176,0.06103861026302024,6.289313244884192,4.960911742190855,1.2112286335233133,0.0862600123228589,0.0,0.004346983821000435,0.0778925417935022,0.8790686755140652,0.024687528232623913,-16.229512995144,0.36761033458393005,0.13333333333333347,0.6328454659469674,0.4732010916880612,-0.2636184635493823,0.26241668021459924,0.2995656710261325,0.26343785620097,1.080866883883783,1.1461185523322455,0.5712740069396546,Oil & Gas Midstream,Energy,TNK
2015Q3,2015,Q3,2015-11-05,2015-09-30,41213000.0,125369000.0,44743000.0,2.4,49208000.0,0.3925053243,1941712000.0,838275000.0,219803000.0,544219000.0,1103437000.0,0.0,-233245000.0,928952299.2,1870428299.2,49.811793393320016,0.4038870381225205,0.5263679680611749,1.2192359309295875,0.021991069527297326,49.811793393320016,0.04916405714115296,7.409744826871077,5.635068420158688,1.1081713032119531,0.08759372042802029,0.0,0.003886098353068159,0.06456621785311106,0.3282263206540014,0.021225083843536014,-1.956512845829823,0.3925053242827174,-0.21052631578947373,50.37927753273107,0.3315755198200647,-0.21573543710564597,0.07375403683337697,-0.068464355137652,0.024617568929193003,3.6486676618049185,1.724934403383487,-0.21185650753499957,Oil & Gas Midstream,Energy,TNK
2015Q2,2015,Q2,2015-08-07,2015-06-30,44242000.0,107594000.0,43668000.0,3.04,45828000.0,0.4259345317,1314155000.0,582822000.0,191760000.0,187787000.0,731333000.0,0.0,-270849000.0,767758004.24,1359348004.24,40.142371932036326,1.0211569490965828,0.5133884511339987,1.1575952863824632,0.03517675063921989,40.142371932036326,0.07590996908146913,7.13569533840177,4.3384001867004205,1.3173112961418751,0.07813842050540211,0.0,0.004502720884586632,0.08187314281800853,0.9484362602310064,0.0336657395817084,16.687851940791617,0.4259345316653345,0.11764705882352934,6.59019558660586,0.22666189355843225,-0.41011885015400645,-0.06335840418574232,0.13484673592407337,0.08346566097657801,8.0410404622688,0.5367979179125043,-0.40989756237308994,Oil & Gas Midstream,Energy,TNK
2015Q1,2015,Q1,2015-04-28,2015-03-31,38985000.0,103878000.0,40304000.0,2.72,48928000.0,0.4710140742,1279464000.0,505024000.0,149209000.0,193611000.0,774440000.0,0.0,-311633000.0,660352743.6800001,1331755743.68,35.11865787179643,0.7706638569089567,0.5564173747756873,1.4096676593587631,0.031998597777689854,35.11865787179643,0.07719435115954885,6.357002865669344,4.234659123252533,1.3075670536053732,0.08854687700397589,0.0,0.005227509135137027,0.08118868526195344,0.677538982805729,0.030469790474761307,-3.528260394419778,0.4710140742024298,0.5454545454545455,1.1346157543366204,0.07054907103544943,-0.30809535977074015,1.064385468967554,0.9243299274396565,0.9204269309572592,4.813761890682197,1.2089005559848962,-0.43431849165656233,Oil & Gas Midstream,Energy,TNK
2014Q4,2014,Q4,2014-12-31,2014-12-31,20259000.0,75931000.0,20987000.0,1.76,23701000.0,0.3121386522,1165359000.0,455723000.0,253614000.0,79718000.0,709636000.0,0.0,-346927000.0,454064848.15999997,947330848.16,40.6278246703201,3.181389397626634,0.5629707240429773,1.4396091485397928,0.01819850184970106,40.6278246703201,0.04445463582044356,5.979966656042986,5.603248533491287,0.9963614918711585,0.1301643713904931,0.0,0.005807540510316698,0.06515674568952572,3.0699591058481146,0.01738434250733036,691.1184903500761,0.31213865219738973,2.142857142857143,-0.08736980803642623,0.043392318458632215,-0.21214664843201217,1.6621363585308324,2.455987717502559,2.490271079328122,14.297589124974929,0.641205849201611,-0.26344586781200807,Oil & Gas Midstream,Energy,TNK
2014Q3,2014,Q3,2014-11-14,2014-09-30,5862000.0,53470000.0,6013000.0,0.56,8903000.0,0.166504582,1026491000.0,326019000.0,117257000.0,88454000.0,700472000.0,0.0,-365208000.0,322380945.84,916270945.8399999,30.176743028814982,1.3256268795079929,0.6237326971205788,1.963861001966143,0.00606257056416313,30.176743028814982,0.017980547146025233,6.029192927622966,13.748760910951892,0.9888409750351973,0.4281815080177414,0.0,0.0077858199511758085,0.05209008164708702,1.1791439618332693,0.005710717385734507,94.62311295567947,0.16650458200860296,5.11353711790393,2.4307036275361793,-0.09598560600578157,-0.4059082281374555,1.4068667207353338,0.27740248420135105,-0.4268420550948432,1.2449510574386913,0.4262465010929579,-0.5323654418524855,Oil & Gas Midstream,Energy,TNK
2014Q2,2014,Q2,2014-08-13,2014-06-30,4589000.0,44433000.0,10491000.0,0.0916,3699000.0,0.0832489366,977499000.0,312691000.0,83241000.0,86507000.0,664808000.0,0.0,-361275000.0,358971858.96,946605858.96,29.895254606004674,0.9622458298172403,0.6234257017142728,1.9488824430508074,0.002382590335578608,29.895254606004674,0.014675830132622941,8.07894715549254,19.5561047592068,1.1480082860075922,0.5469601220309436,0.0,0.006992191553042289,0.04545580097780151,0.8231125804848163,0.004694633958704817,-497.8805256033287,0.0832489366011748,-0.9630645161290322,-0.9173453948712947,-0.5639308246366924,-0.562834200157622,-0.750976168035546,-0.8263846852300242,-0.4951395572666025,1.3532991511449106,0.14977627423167114,-0.5631378766185366,Oil & Gas Midstream,Energy,TNK
2014Q1,2014,Q1,2014-04-30,2014-03-31,26432000.0,52641000.0,20780000.0,2.48,14854000.0,0.2821754906,1134221000.0,310659000.0,229978000.0,55745000.0,823562000.0,0.0,0.0,296005624.32,1034408624.3199999,29.721944980643265,4.125535922504261,0.6749487092903411,2.4642485812418116,0.025151979259145602,29.721944980643265,0.08508364476805758,5.6231003271214455,2.79969,0.9528313176827325,0.09488498789346247,0.0,0.008472811980385549,0.04641158998114124,1.2751636918109248,0.023304100347286815,65.82290956637759,0.2821754905871849,1.3396226415094339,-0.4408362943667296,-0.484046401003236,-0.21690053652389651,4.667302556276231,1.3836234105870682,0.21017995457457342,1.5583805899730385,0.24641730926656571,-0.6076228393164503,Oil & Gas Midstream,Energy,TNK
2013Q4,2013,Q4,2013-12-31,2013-12-31,11089000.0,40169000.0,17171000.0,1.06,2621000.0,0.0652493216,1097529000.0,284672000.0,215071000.0,70194000.0,812857000.0,0.0,-388545000.0,328512724.32,1047500724.3199999,27.244264886622275,3.0639513348719265,0.6784640770312219,2.6157612972122304,0.01309185858398666,27.244264886622275,0.03895360274280576,8.17826493863427,7.406274784020201,1.1540043429631297,0.2261700784561277,0.0,0.007634407480536399,0.036599488487320156,2.9163461264495543,0.010103605462816927,60.09012700201207,0.06524932161617167,1.6503067484662577,5.240977747015888,-0.634312959895475,-0.30389083306874065,1.1759887195326664,1.7599890343362348,2.764748201438849,-0.37524336583565676,-0.3528451739104618,-0.5585051024807127,Oil & Gas Midstream,Energy,TNK
2013Q3,2013,Q3,2013-11-22,2013-09-30,-14591000.0,20600000.0,-9730000.0,-1.63,-14893000.0,-0.722961165,1083053000.0,272672000.0,198880000.0,63668000.0,810381000.0,0.0,-400167000.0,219008482.88,936007482.88,26.095816220650676,3.1237042156185213,0.6889478169581729,2.736500264053515,-0.01113467629775944,26.095816220650676,-0.0535111782654618,10.631479751456311,-3.752458414090878,0.8031938845205963,-0.17181824412308958,0.0,0.011447045187622459,0.019020306485462855,2.9253314066721114,-0.013472101549970316,-12.222137556783302,-0.7229611650485437,-4.093749999999999,-1.2230870536025076,-0.8516970711633693,-0.4559781076208073,-27.806576402321085,-3.408157099697885,-0.758221900975786,-27.156601717229183,-0.6476067842978619,-0.5891329641545373,Oil & Gas Midstream,Energy,TNK
2013Q2,2013,Q2,2013-08-28,2013-06-30,-3310000.0,40636000.0,-5534000.0,-0.32,-517000.0,-0.0127227089,1091833000.0,289675000.0,204721000.0,72748000.0,802158000.0,0.0,0.0,221516213.6,914022213.6,27.723072276276937,2.8141117281574752,0.6687964184998988,2.5208043497022525,-0.0031377231053807027,27.723072276276937,-0.011426598774488652,5.451230770745152,-16.7308318429003,0.7647060105290411,-0.7577039274924471,0.0,0.011321970339059642,0.03721814599851809,2.703084620883048,-0.0030315991548158006,12.03173176905111,-0.0127227089280441,-0.14285714285714277,-1.0449869949581299,-0.6600022731149612,-0.41530663312412397,-1.223906453009961,-0.14177302518109694,-4.679521276595745,-1.7890589630031837,-0.3562592225502663,-0.5926170536389562,Oil & Gas Midstream,Energy,TNK
2013Q1,2013,Q1,2013-04-30,2013-03-31,-2899000.0,42126000.0,1504000.0,-0.28,2309000.0,0.0548117552,1096449000.0,297811000.0,202974000.0,61277000.0,798638000.0,0.0,0.0,234054867.2,938708867.2,28.50172047180568,3.3124010640207584,0.6673361004479005,2.4569273801169196,0.0021685169296589324,28.50172047180568,-0.00973436172606116,5.556066733133931,-20.184103759917214,0.785917468461541,-0.8647809589513625,0.0,0.010711163711275302,0.03842039164612308,3.0242178957847154,-0.0026439898253361534,-140.91202119205298,0.0548117552105588,0.9918367346938776,-1.0617622829301803,-0.5276202333652068,-0.4257649462990532,1.8561364479050797,0.9919110466251848,1.004239629257952,-1.218461462116251,-0.40250032724812124,-0.43846166556390453,Oil & Gas Midstream,Energy,TNK
2012Q4,2012,Q4,2013-01-15,2012-12-31,-358390000.0,42608000.0,-354748000.0,-34.3,-2697000.0,-0.0632979722,1105656000.0,302183000.0,202965000.0,61830000.0,803473000.0,0.0,-370377000.0,242413969.6,951773969.6,28.920138602441334,3.2826297913634157,0.665397736728241,2.434620743059669,-0.3435448471526572,28.920138602441334,-1.1860031835013882,5.689400337964702,-0.16909928402020147,0.8022091567030574,-0.004665308741873378,0.0,0.006897292275519092,0.038536398301099076,2.9781174187287722,-0.3241424095740447,43.654595641995314,-0.06329797221179122,-36.282608695652165,-15.060809577018894,-0.6011706992109831,-0.3926137268127131,-1.9413612565445026,-36.09657385363834,-17.51309884145705,-18.331670767962006,-0.3714680133107532,-0.439181686180969,Oil & Gas Midstream,Energy,TNK
2012Q3,2012,Q3,2012-11-19,2012-09-30,-9661000.0,28566000.0,-19162000.0,-0.92,2865000.0,0.1002940559,1469646000.0,660384000.0,186341000.0,66651000.0,809262000.0,0.0,-12176000.0,311794519.52,1017638519.52,63.201426985749094,2.795772006421509,0.4981757511672879,1.1086610214662984,-0.00014474287520528683,63.201426985749094,-0.014629367156078887,10.914882010782048,-8.068381107545802,0.47214123830983185,-0.9517648276575924,0.0,0.029490576082464425,0.019437333888569084,2.6917675653778637,-0.006573691895871523,25.003570129911786,0.10029405587061542,-0.03370786516853935,-1.248832948228067,-0.8618060323370282,0.0,-0.891866389884884,-1.234790654637983,-3.216797778806108,-1.4379614506595535,-0.5006380109876444,0.24425116740901556,Oil & Gas Midstream,Energy,TNK
2012Q2,2012,Q2,2012-08-22,2012-06-30,-4323000.0,48168000.0,8644000.0,-0.89,26495000.0,0.5500539777,1471716000.0,679510000.0,61807000.0,58800000.0,792206000.0,0.0,6937000.0,364397224.32,1071942224.3199999,68.02610762542923,1.0511394557823128,0.4933689652079613,1.0685626407264057,-0.013559319365948501,68.02610762542923,-0.006361937278332916,7.565130881913303,-21.073168188757805,0.5362646970905505,-2.9285218598195697,0.0,0.03474230634886083,0.03272914067659793,0.9359013605442177,-0.0029373873763688103,-2659.833754160584,0.5500539777445607,-2.854166666666667,-1.0653821957339413,-0.7583008259984434,0.0,0.4999433876811594,-2.0449601160261057,0.4306521019529957,-1.0815318182387272,-0.5050044889831369,-0.005237180878157159,Oil & Gas Midstream,Energy,TNK
2012Q1,2012,Q1,2012-04-13,2012-03-31,4137000.0,29013000.0,6042000.0,0.48,17664000.0,0.6088305242,889915000.0,550789000.0,54457000.0,25013000.0,339126000.0,0.0,-103637000.0,430822134.8,699794134.8,62.08203265232973,2.1771478831007878,0.329750594157869,0.5327811557601912,0.004616951310796009,62.08203265232973,0.0075110432488666255,14.849279109364767,26.034695117234712,0.7821908839864268,2.103940053178632,0.0,0.020203233067494657,0.03260199007770405,2.0042777755567105,0.004648758589303473,60.35614104791258,0.608830524247751,4.428571428571428,-0.8961967444994838,-0.6168365897242166,0.25079043523845096,-0.1606158524995248,4.433195020746888,-0.3934343941371348,-0.8968944951025086,-0.6649832377568378,0.6357074374912982,Oil & Gas Midstream,Energy,TNK
2011Q4,2011,Q4,2012-02-07,2011-12-31,-1205000.0,36593000.0,9961000.0,-0.14,21044000.0,0.5750826661,881926000.0,489371000.0,36747000.0,22076000.0,392555000.0,0.0,-99070000.0,249834252.8,582875252.8,55.15931945101164,1.664567856495742,0.39561142318062964,0.7129560190530293,-0.0015528429082355838,55.15931945101164,-0.0024623445198019497,6.827378263602329,-51.83283253112033,0.5105211645152655,-7.702904564315353,0.0,0.03715263177875984,0.04149214333175346,1.4968291357129915,-0.0013663277871386035,21.749303804300514,0.5750826660836772,0.9709543568464731,-1.055679050228832,-0.5965922365734753,0.1584665597027526,0.38420048674603696,0.9296678923714469,10.462600690448792,0.45723606151613005,-0.6076561107621791,0.40935745821473496,Oil & Gas Midstream,Energy,TNK
2011Q3,2011,Q3,2011-11-25,2011-09-30,-17133000.0,26840000.0,869000.0,-4.82,15203000.0,0.5664307004,890794000.0,499118000.0,35548000.0,20260000.0,391676000.0,0.0,-89323000.0,284633022.4,619879022.4,64.53060943219637,1.7545903257650544,0.3921782140427529,0.6999346847839589,0.001981500506262167,64.53060943219637,-0.034326552037794666,10.604807093889717,-4.15328638300356,0.5702720046161428,-0.7584194245024223,0.0,0.045651765527540564,0.030130422970967474,1.5430898321816386,-0.01923340300900096,25.807690851391783,0.5664307004470939,-10.756097560975611,-1.596144320377734,-0.8245899960680139,0.0,-0.11486958546809502,-12.88141470180305,-0.7956255879586077,-1.353879102983119,-0.7389659198160475,0.34527557838582573,Oil & Gas Midstream,Energy,TNK
2011Q2,2011,Q2,2011-08-16,2011-06-30,1442000.0,28577000.0,4252000.0,-0.41,17176000.0,0.6010427967,917637000.0,529292000.0,39198000.0,22003000.0,388345000.0,0.0,-59196000.0,581641393.6,914875393.6,68.43178432271743,1.7814843430441303,0.3811964861922525,0.6608828397179629,0.040792980790159694,68.43178432271743,0.0027243940962644437,20.353479847429753,100.83935395284327,1.0989045623209872,10.72746185852982,0.0,0.026595424896182975,0.031141943927718695,1.6230514020815343,0.0015714274816730363,46.05236687252573,0.6010427966546523,-1.4270833333333333,-0.9718341870308114,-0.8148106737471722,0.0,-0.08516644474034621,-0.7966436327739388,-0.4736972397573957,-0.9735237518169658,-0.6769915458355118,0.4432603276517805,Oil & Gas Midstream,Energy,TNK
2011Q1,2011,Q1,2011-04-12,2011-03-31,7091000.0,28987000.0,8079000.0,0.96,18775000.0,0.6477041432,934079000.0,543404000.0,45939000.0,26611000.0,390675000.0,0.0,-45169000.0,600303667.6800001,930613667.6800001,75.74840729482182,1.7263161850362632,0.37531943229641174,0.6451516735246704,0.00795312608087634,75.74840729482182,0.013049223045836984,20.709410000344985,21.16428104921732,1.10470969606407,1.9197574390071923,0.0,0.022676856286103175,0.031032707083662087,1.5945285784074255,0.007591434985691789,34.02310517343007,0.6477041432366233,-0.43529411764705883,-0.7799593375665527,-0.5265603055270097,0.526132107489141,-0.29964935840047746,-0.4181027408501559,0.16077586206896552,-0.7799593375665527,-0.5265603055270097,0.526132107489141,Oil & Gas Midstream,Energy,TNK
2010Q4,2010,Q4,2010-12-31,2010-12-31,12186000.0,42615000.0,6960000.0,1.7,26808000.0,0.6290742696,936517000.0,442689000.0,35164000.0,24528000.0,493828000.0,0.0,-38647000.0,708197634.72,1149775634.72,61.709127420735534,1.4336268754076973,0.48480486739696127,1.0256139185748911,0.008719776831847582,61.709127420735534,0.027527225659548803,16.61850603590285,14.528919143279172,1.599763343385537,1.3225012309207287,0.0,0.022756359538494902,0.04550371215898911,1.3260763209393347,0.013012043561408922,84.85473696621136,0.6290742696233721,2.517857142857143,-0.30363657854337295,-0.4189965195747737,0.2960268773592923,0.3042082218438336,46.301115241635685,-0.026573426573426574,-0.30363657854337295,-0.4189965195747737,0.2960268773592923,Oil & Gas Midstream,Energy,TNK
2010Q3,2010,Q3,2010-10-01,2010-09-30,-269000.0,30345000.0,7150000.0,-1.12,20555000.0,0.6773768331,809861000.0,344498000.0,24980000.0,28964000.0,465363000.0,0.0,-37175000.0,564526589.4399999,972810589.4399999,63.514017781815824,0.8624499378538876,0.5180246980654705,1.217795168622169,-0.04135707641552674,63.514017781815824,-0.0007808463329250097,18.603611449662214,-524.6529641635688,1.6386933725014368,-54.84386617100372,0.0,0.026133401465880828,0.037469392895817924,0.7769645076646872,-0.00033215576500164845,38.18238684071694,0.6773768330861757,-0.2873563218390806,-1.0133472139750603,-0.7172000451947459,0.0,-0.061158308212295606,-1.1268269684111267,-0.31276432141484045,-1.0133472139750603,-0.7172000451947459,0.0,Oil & Gas Midstream,Energy,TNK
2010Q2,2010,Q2,2010-07-16,2010-06-30,2121000.0,31917000.0,10404000.0,-0.87,21894000.0,0.6859667262,722558000.0,359526000.0,19278000.0,22613000.0,363032000.0,0.0,0.0,470410429.44000006,787185429.44,68.05162691250045,0.8525184628311149,0.45038322183132706,0.9051584586372057,-0.018777535980707593,68.05162691250045,0.005899434255102551,14.73855404455306,55.44677386138614,1.3084183882111449,7.56954266855257,0.0,0.03412977050511544,0.04417223254050194,0.6646176977844602,0.0029354044934801083,26.041321381753768,0.685966726196071,-2.4262295081967213,-0.9393482446635449,-0.6971922016023151,0.0,0.2448967987718201,-0.5824803149606299,0.19366681964203764,-0.9393482446635449,-0.6971922016023151,0.0,Oil & Gas Midstream,Energy,TNK
2010Q1,2010,Q1,2010-04-05,2010-03-31,5080000.0,26990000.0,8716000.0,0.61,17587000.0,0.651611708,537269000.0,203026000.0,43818000.0,21931000.0,334243000.0,0.0,-43727000.0,402240000.0,694416000.0,50.7565,1.997993707537276,0.566435063255092,1.4989607242422154,0.0068717305865332685,50.7565,0.02502142582723395,14.90329751759911,19.79527559055118,1.9812240796745244,1.6377952755905512,0.0,0.020684168655529037,0.05023554308921602,0.8493456750718161,0.009455226339133656,36.75774467696244,0.6516117080400148,-0.6114649681528662,-0.7172852258156432,-0.20940581530501298,0.02261060106893959,0.10035662891822561,-0.3582617483577564,0.23894811656005685,-0.7172852258156432,-0.20940581530501298,0.02261060106893959,Oil & Gas Midstream,Energy,TNK
2009Q4,2009,Q4,2010-03-08,2009-12-31,7916000.0,25951000.0,7035000.0,1.57,15983000.0,0.6158914878,539963000.0,206271000.0,23497000.0,21644000.0,333692000.0,0.0,-40482000.0,272960000.0,567756000.0,51.56775,1.0856126409166513,0.5652757688952762,1.479742668625255,0.015090962544019633,51.56775,0.03837669861492891,10.518284459173056,8.620515411824153,1.323307687459701,0.6126831733198586,0.0,0.01776817116060961,0.048060700455401575,0.9781925706893365,0.014660263758813104,13.731072991599175,0.6158914878039382,2.026143790849673,-0.18872163190345012,-0.36545902319176243,0.08303573228759215,0.23573527137776404,6.218193803559657,0.6694352159468439,-0.18872163190345012,-0.36545902319176243,0.08303573228759215,Oil & Gas Midstream,Energy,TNK
2009Q3,2009,Q3,2009-12-08,2009-09-30,-1517000.0,21899000.0,4214000.0,-1.53,12934000.0,0.5906205763,542675000.0,203179000.0,19726000.0,23107000.0,339496000.0,0.0,-43602000.0,267200000.0,559932000.0,50.79475,0.8536807028173281,0.5641092735062422,1.5066911442619562,0.13506068626815745,50.79475,-0.0074663227991081755,12.201470386775652,-44.034278180619644,1.3150965404889283,-8.404746209624259,0.0,0.04771706586826348,0.040353802920716816,0.7238499156099883,-0.0027954116183719537,22.636394442561844,0.590620576282022,-1.298828125,-1.1020659896655662,-0.7232589369961987,0.0,-0.4271922054915855,-1.0897951935598438,-0.6893933809980098,-1.1020659896655662,-0.7232589369961987,0.0,Oil & Gas Midstream,Energy,TNK
2009Q2,2009,Q2,2009-07-24,2009-06-30,16894000.0,31005000.0,13567000.0,5.12,22580000.0,0.7282696339,555890000.0,217646000.0,34118000.0,24053000.0,338244000.0,0.0,-29154000.0,236537669.43999997,525990669.43999994,68.3842483030089,1.41845092088305,0.5523179046214179,1.4106760519375499,0.0303901200710945,68.3842483030089,0.07762145869898826,7.629016914691178,3.5003206676926717,1.0867999845620868,0.8730910382384278,0.0,0.06235793239580166,0.05577542319523647,1.3140980335093335,0.030390904675385418,17.60738941789489,0.7282696339300113,0.12280701754385977,-0.19807754633288563,-0.5117144123084328,0.0,0.015013935089454283,0.19535838109389372,-0.08781012573119075,-0.19807754633288563,-0.5117144123084328,0.0,Oil & Gas Midstream,Energy,TNK
2009Q1,2009,Q1,2009-05-26,2009-03-31,14133000.0,30504000.0,14873000.0,4.56,22246000.0,0.7292814057,472843000.0,118607000.0,36085000.0,22117000.0,354236000.0,0.0,0.0,237750000.0,533266000.0,37.95424,1.6315503911018674,0.672375397330615,2.680516327029602,0.032480002032396406,37.95424,0.11915822843508393,7.794059795436664,4.205582678836764,2.004519126189854,1.2736149437486732,0.0,0.07570977917981073,0.06451189929849865,1.2787448568974091,0.029889413610860265,9.453656208994394,0.729281405717283,19.24,0.006767345775751577,0.1437141464512016,-0.23532142327554528,-0.03248814856695516,19.072890025575447,-0.0915032679738562,0.006767345775751577,0.1437141464512016,-0.23532142327554528,Oil & Gas Midstream,Energy,TNK
2008Q4,2008,Q4,2009-03-11,2008-12-31,-782000.0,32852000.0,16371000.0,-0.25,22993000.0,0.6998965055,490810000.0,122306000.0,48725000.0,22397000.0,368504000.0,0.0,-58939000.0,317500000.0,619630000.0,39.13792,2.175514577845247,0.6699700495099937,2.6885680179222606,-0.001726554412644068,39.13792,-0.006393799159485226,9.664556191403872,-101.50255754475702,2.5959478684610726,-34.20716112531969,0.0,0.08425196850393701,0.06693425154336709,2.011787292941019,-0.001593284570404026,11.47120456680396,0.6998965055399976,-1.0400641025641026,-1.1025842844024663,0.028199430377765837,-0.17801793083054424,-0.31570488973542454,-1.039977506262461,-0.32861712598425197,-1.1025842844024663,0.028199430377765837,-0.17801793083054424,Oil & Gas Midstream,Energy,TNK
2008Q3,2008,Q3,2008-11-26,2008-09-30,19561000.0,41543000.0,24384000.0,6.24,33601000.0,0.8088245914,491859000.0,149901000.0,46818000.0,17216000.0,341958000.0,0.0,-31344000.0,423250000.0,726105000.0,47.96832,2.719447026022305,0.6500399504736113,2.1329277323033202,0.041650763786054444,47.96832,0.13049279190932683,10.188238692439159,5.409360462144062,2.8235301965964203,0.0,0.0,0.0,0.08446119721302243,2.486582249070632,0.03976952744587372,18.362255965292842,0.8088245913872373,-0.1136363636363636,0.6845988230228218,-0.3280187636481276,0.0,0.2237235049894384,-0.11106566689388775,0.19776009431181846,0.6845988230228218,-0.3280187636481276,0.0,Oil & Gas Midstream,Energy,TNK
2008Q2,2008,Q2,2008-08-06,2008-06-30,22005000.0,35745000.0,20358000.0,7.04,27458000.0,0.7681633795,490585000.0,148171000.0,43098000.0,3600000.0,342414000.0,0.0,0.0,580250000.0,881172000.0,47.41472,11.971666666666666,0.6535625834462937,2.163905217620182,0.04694030172374154,47.41472,0.14851084220259025,16.233039585956078,6.592251760963418,3.916083444128743,0.0,0.0,0.0,0.07286199129610567,11.971666666666666,0.04485461235056106,64.10893823886863,0.7681633794936354,0.5714285714285713,0.06381435823060183,-0.42667343883661246,0.0,0.30783519885687066,0.5675309873201311,0.45020658213420717,0.06381435823060183,-0.42667343883661246,0.0,Oil & Gas Midstream,Energy,TNK
2008Q1,2008,Q1,2008-04-11,2008-03-31,14038000.0,26671000.0,14038000.0,4.48,20995000.0,0.7871845825,325803000.0,155107000.0,57666000.0,15287000.0,170696000.0,0.0,-21870000.0,428000000.0,531723000.0,49.63424,3.7722247661411656,0.4548761061132034,0.9554694501215291,0.046283138865901546,49.63424,0.09050526410800286,16.047392298751454,7.622168400056989,2.7593854564913256,0.20480125373984898,0.0,0.006717289719626168,0.08186235240313933,3.2478576568326027,0.04308738716340856,29.46643717728055,0.7871845825053428,1.4615384615384617,0.0,0.0,0.0,0.644087705559906,0.8415322051685689,0.8593377483443708,0.0,0.0,0.0,Oil & Gas Midstream,Energy,TNK
2007Q4,2007,Q4,2007-12-31,2007-12-31,7623000.0,31951000.0,7550000.0,1.82,12770000.0,0.3996745016,310324000.0,148794000.0,41021000.0,8215000.0,161530000.0,0.0,-33033000.0,550000000.0,664261000.0,47.61408,4.993426658551431,0.48046557791211764,1.002056534537683,0.025589931733179062,47.61408,0.05123190451227872,17.213858721166787,18.037518037518037,3.6963856069465164,0.0,0.0,0.0,0.10296013199108028,4.739257455873402,0.024564648560858972,39.59398171477935,0.3996745015805452,-0.59375,0.0,0.0,0.0,-0.32038318254390635,0.09415817425003588,-0.25951353471949784,0.0,0.0,0.0,Oil & Gas Midstream,Energy,TNK
2007Q3,2007,Q3,2007-09-30,2007-09-30,6967000.0,37093000.0,10196000.0,4.48,18790000.0,0.5065645809,,,,,,,,300150000.0,,,0.0,0.0,0.0,0.0,,0.0,8.091823255061602,10.770417683364432,0.0,0.0,0.0,0.0,0.0,0.0,0.0,27.90276099284187,0.5065645809182325,-0.325301204819277,0.0,0.0,0.0,-0.1206065427996443,-0.43864313915075337,-0.28207294747218703,0.0,0.0,0.0,Oil & Gas Midstream,Energy,TNK
2007Q2,2007,Q2,2007-06-30,2007-06-30,12411000.0,37408000.0,14202000.0,6.64,21367000.0,0.5711879812,,,,,,,,300150000.0,,,0.0,0.0,0.0,0.0,,0.0,8.023684773310523,6.046047860768673,0.0,,0.0,,0.0,0.0,0.0,0.0,0.5711879811804962,0.0,0.0,0.0,0.0,0.0,0.0,0.0,0.0,0.0,0.0,Oil & Gas Midstream,Energy,TNK
