Quarters,Year,Quarter,FillingDate,Date,NetIncome,Revenue,OperatingIncome,EPSDiluted,GrossProfit,GrossProfitRatio,TotalAssets,CommonStockEquity,CurrentAssets,CurrentLiability,TotalLiability,Inventory,RetainedEarnings,MarketCap,EnterpriseValue,bookValuePerShare,currentRatio,debtToAssets,debtToEquity,roic,shareholdersEquityPerShare,roe,priceToSalesRatio,peRatio,pbRatio,payoutRatio,inventoryTurnover,dividendYield,assetTurnover,quickRatio,returnOnAssets,priceToFreeCashFlowsRatio,grossProfitMargin,epsdilutedGrowth,fiveYNetIncomeGrowthPerShare,fiveYRevenueGrowthPerShare,fiveYShareholdersEquityGrowthPerShare,grossProfitGrowth,netIncomeGrowth,operatingIncomeGrowth,threeYNetIncomeGrowthPerShare,threeYRevenueGrowthPerShare,threeYShareholdersEquityGrowthPerShare,Industry,Sector,Symbol
2023Q1,2023,Q1,2023-05-05,2023-04-01,1289000000.0,10710000000.0,1563000000.0,3.32,4273000000.0,0.3989729225,94658000000.0,42310000000.0,20209000000.0,15884000000.0,52225000000.0,5664000000.0,43064000000.0,222478820000.0,254253820000.0,109.61139896373057,1.2722865776882397,0.372467197701198,0.8333018199007327,0.014153906987862728,109.61139896373057,0.030465610966674547,20.772999066293185,43.14949961210241,5.2583034743559445,0.09076803723816912,1.1364759887005649,0.0005258927568925438,0.11314416108516977,0.717955175018887,0.013617443850493354,820.9550553505535,0.3989729225023343,-0.17206982543640897,1.3185320411286208,0.9056787670996407,0.6867810888266923,-0.09757127771911299,-0.18210659898477158,-0.1601289629231596,0.6824024880986823,0.7680910519881237,0.5237132038447085,Diagnostics & Research,Healthcare,TMO
2022Q4,2022,Q4,2023-02-23,2022-12-31,1576000000.0,11450000000.0,1861000000.0,4.01,4735000000.0,0.4135371179,97290000000.0,44032000000.0,25365000000.0,17114000000.0,53142000000.0,5634000000.0,41910000000.0,215319790000.00003,241283790000.00003,112.61381074168798,1.482119901834755,0.35448658649398707,0.7832485465116279,0.01563658018040136,112.61381074168798,0.0357921511627907,18.80522183406114,34.156058058375635,4.890075172601745,0.07423857868020305,1.1918707845225418,0.0005433778288563256,0.117689382259225,0.9815355849012505,0.016198992702230446,73.31283282260812,0.4135371179039301,0.05804749340369387,2.060607660236402,0.9419922727195058,0.7769699802233849,0.0686075378018506,0.05418060200668896,0.08830409356725147,0.6050354533898953,0.7109783423259989,0.5141671604358385,Diagnostics & Research,Healthcare,TMO
2022Q3,2022,Q3,2022-11-04,2022-10-01,1495000000.0,10677000000.0,1710000000.0,3.79,4431000000.0,0.4150042147,90536000000.0,43608000000.0,19299000000.0,11118000000.0,46809000000.0,5722000000.0,40452000000.0,198818480000.0,225059480000.0,111.24489795918367,1.7358337830545063,0.3220818238048953,0.6686846450192625,0.01661635629023008,111.24489795918367,0.034282700421940926,18.621193219069028,33.24723745819398,4.559220326545588,0.07892976588628763,1.0915763718979379,0.0005935061972106416,0.11793098877794468,0.9525094441446303,0.01651276840151984,143.03487769784172,0.4150042146670413,-0.10189573459715634,1.8301514462312365,1.1092600814220375,0.7842921799799437,-0.06321353065539112,-0.1015625,-0.1454272863568216,1.0122683941997852,0.7414118628956685,0.5196458552761932,Diagnostics & Research,Healthcare,TMO
2022Q2,2022,Q2,2022-08-05,2022-07-02,1664000000.0,10970000000.0,2001000000.0,4.22,4730000000.0,0.4311759344,90579000000.0,42354000000.0,18100000000.0,10997000000.0,48108000000.0,5668000000.0,39074000000.0,214921840000.0,243293840000.0,108.04591836734694,1.645903428207693,0.33407301913247,0.7144543608632007,0.017614897742695867,108.04591836734694,0.039287906691221605,19.59178122151322,32.289939903846154,5.074416584029843,0.0703125,1.1009174311926606,0.0005443839490672517,0.12110974950043608,0.8759661725925252,0.018370704026319566,210.29534246575344,0.43117593436645396,-0.2557319223985891,1.7068512166148346,1.187180483415811,0.8818623127987865,-0.15596002855103497,-0.25681107637338096,-0.29067706487061323,0.519194520471996,0.7744127772679685,0.5061355962381752,Diagnostics & Research,Healthcare,TMO
2022Q1,2022,Q1,2022-05-06,2022-04-02,2239000000.0,11818000000.0,2821000000.0,5.67,5604000000.0,0.4741919106,92747000000.0,40956000000.0,18776000000.0,12070000000.0,92634000000.0,5483000000.0,37528000000.0,232197280000.0,262700280000.0,104.4795918367347,1.5555923777961889,0.3585560718945087,0.8119689422795194,0.033508514825306056,104.4795918367347,0.05466842465084481,19.647764427145034,25.926449307726667,5.66943256177361,0.04600267976775346,1.1333211745394858,0.00044358831421281074,0.12742191122084812,0.8816072908036454,0.024140942564179972,148.65382842509604,0.47419191064477917,0.35645933014354075,3.0502144818754484,1.4738409319656507,0.8743356522611982,0.06661591168633423,0.34474474474474476,0.3951533135509397,1.8033053712282456,0.9688463140358183,0.509111932065644,Diagnostics & Research,Healthcare,TMO
2021Q4,2021,Q4,2022-02-24,2021-12-31,1665000000.0,10702000000.0,2022000000.0,4.18,5254000000.0,0.4909362736,94791000000.0,40793000000.0,20069000000.0,13343000000.0,94669000000.0,5051000000.0,35431000000.0,262892560000.0,293285560000.0,103.53553299492386,1.5040845387094357,0.3678619278201517,0.8548035202118011,0.023819627214906307,103.53553299492386,0.040815826244698844,24.56480657820968,39.47335735735736,6.444550780771211,0.061861861861861864,1.078598297366858,0.000391795035964502,0.11290101380932789,0.9333733043543431,0.017564958698610626,161.68054120541206,0.4909362735937208,-0.1273486430062631,1.6489841667909833,1.1639137248503864,0.8967710798306794,0.12964953773382068,-0.12460567823343849,-0.11237928007023705,0.8917673792861746,0.6780850610705065,0.5087828704400563,Diagnostics & Research,Healthcare,TMO
2021Q3,2021,Q3,2021-11-04,2021-10-02,1902000000.0,9330000000.0,2278000000.0,4.79,4651000000.0,0.4984994640943194,73600000000.0,38710000000.0,24724000000.0,7753000000.0,34890000000.0,4906000000.0,33876000000.0,225651680000.0,235331680000.0,98.248730964467,3.1889591126015735,0.2949320652173913,0.5607594936708861,0.033002386748499216,98.248730964467,0.04913459054507879,24.185603429796355,29.659789695057835,5.829286489279257,0.05362776025236593,0.9537301263758663,0.0004520241107888051,0.1267663043478261,2.2680252805365666,0.025842391304347827,106.1390780809031,0.4984994640943194,0.03904555314533616,3.0240320756436305,1.08122562117437,0.7904561749916948,0.028072502210433246,0.04048140043763676,0.053166897827092004,1.7410461526708814,0.610319335668473,0.4709043751493677,Diagnostics & Research,Healthcare,TMO
2021Q2,2021,Q2,2021-08-06,2021-07-03,1828000000.0,9273000000.0,2163000000.0,4.61,4524000000.0,0.4878680038822388,67698000000.0,36854000000.0,19260000000.0,6925000000.0,30844000000.0,4625000000.0,32076000000.0,201734760000.00003,213488760000.00003,93.7760814249364,2.7812274368231047,0.27736417619427456,0.5094969338470723,0.034721461835677175,93.7760814249364,0.049601128778422966,21.755069556777745,27.58954595185996,5.473890486785695,0.056345733041575495,1.0268108108108107,0.0005105714057408847,0.13697598156518656,1.8049097472924187,0.027002274808709266,119.58195613515117,0.4878680038822388,-0.21598639455782306,2.546624582930671,1.0493552385479352,0.7371412804463172,-0.1315031675945479,-0.21780059905862217,-0.29058707773040343,1.4914445171755724,0.5636963894825288,0.4283476661537197,Diagnostics & Research,Healthcare,TMO
2021Q1,2021,Q1,2021-05-07,2021-04-03,2337000000.0,9906000000.0,3049000000.0,5.88,5209000000.0,0.5258429234807187,65931000000.0,35058000000.0,17685000000.0,6995000000.0,30873000000.0,4342000000.0,30350000000.0,179782200000.0,192844200000.0,88.97969543147208,2.5282344531808434,0.2827956499977249,0.5318329625192538,0.04819604243405729,88.97969543147208,0.06666096183467397,18.148818897637796,19.232156611039795,5.128136231387986,0.037227214377406934,1.081759557807462,0.0004839188751722918,0.1502479865313737,1.5921372408863474,0.035446148245893434,133.172,0.5258429234807187,-0.057692307692307744,4.837087642332652,1.3170475546156868,0.6831146150798421,-0.062455003599712025,-0.0644515612489992,-0.007163790296320417,3.1182241392914443,0.7268301821010702,0.3692852108659715,Diagnostics & Research,Healthcare,TMO
2020Q4,2020,Q4,2021-02-25,2020-12-31,2498000000.0,10550000000.0,3071000000.0,6.24,5556000000.0,0.5266350710900474,69052000000.0,34507000000.0,21957000000.0,10304000000.0,34545000000.0,4029000000.0,28116000000.0,184914660000.0,196324660000.0,86.91939546599497,2.1309200310559007,0.31476278746451947,0.6298721998435101,0.04716427965436658,86.91939546599497,0.07239110905033762,17.527455924170617,18.50627101681345,5.358757933172979,0.03482786228983187,1.2395135269297592,0.0004704873047923837,0.15278340960435613,1.5592003105590062,0.036175635752766035,67.16841990555757,0.5266350710900474,0.28925619834710753,3.1714744085453375,1.281877650351846,0.6264156068170317,0.28284460863541905,0.2922917744438696,0.26586974443528444,3.7778238321209487,0.7623035703544261,0.3715294369757204,Diagnostics & Research,Healthcare,TMO
2020Q3,2020,Q3,2020-10-30,2020-09-26,1933000000.0,8521000000.0,2426000000.0,4.84,4331000000.0,0.5082736767984978,64061000000.0,31824000000.0,18234000000.0,6228000000.0,32237000000.0,3829000000.0,25705000000.0,167226840000.0,180779840000.0,80.36363636363636,2.9277456647398843,0.3292642949688578,0.6628016591251885,0.0393512968514552,80.36363636363636,0.060740321769733534,19.625259946015724,21.627889291257112,5.254739819004525,0.04500775995861355,1.0942804909898145,0.0005202514141868614,0.13301384617786172,2.0433526011560694,0.030174365058303804,71.40343296327924,0.5082736767984978,0.6689655172413793,3.090829530338037,1.082254809444856,0.5378792965578703,0.28249925969795675,0.6721453287197232,0.7440690150970525,2.622356738389703,0.6663350798157882,0.2889778367273934,Diagnostics & Research,Healthcare,TMO
2020Q2,2020,Q2,2020-07-31,2020-06-27,1156000000.0,6917000000.0,1391000000.0,2.9,3377000000.0,0.48821743530432266,61593000000.0,29875000000.0,15775000000.0,6013000000.0,31718000000.0,3648000000.0,23860000000.0,138625250000.0,154120250000.0,75.63291139240506,2.623482454681523,0.3460295812835874,0.7134058577405857,0.025070657958603502,75.63291139240506,0.03869456066945607,20.04123897643487,29.97950908304498,4.640175732217573,0.07525951557093426,0.9703947368421053,0.0006275912937938796,0.11230172259834721,1.7122900382504573,0.018768366535158214,85.72990105132962,0.48821743530432266,0.47208121827411165,1.279027325541117,0.6335055220626131,0.45708139821149996,0.2324817518248175,0.467005076142132,0.5353200883002207,0.8661986406271992,0.3686258593135637,0.31731700472668206,Diagnostics & Research,Healthcare,TMO
2020Q1,2020,Q1,2020-05-01,2020-03-28,788000000.0,6230000000.0,906000000.0,1.97,2740000000.0,0.43980738362760835,58688000000.0,28559000000.0,12738000000.0,5500000000.0,30129000000.0,3454000000.0,22791000000.0,108912979999.99998,125900979999.99998,71.93702770780857,2.316,0.3402569520174482,0.6992191603347456,0.0177677193384844,71.93702770780857,0.027592002521096677,17.482019261637237,34.553610406091366,3.8136132217514613,0.09644670050761421,1.0104226983207876,0.0006978047979221577,0.10615458015267176,1.3616363636363635,0.013426935659760088,1057.4075728155337,0.43980738362760835,-0.20883534136546192,1.0503451293687334,0.592975950844974,0.4369488833513893,-0.09719934102141681,-0.21357285429141717,-0.26461038961038963,0.40749125879716286,0.2876902053967187,0.29053084320185874,Diagnostics & Research,Healthcare,TMO
2019Q4,2019,Q4,2020-02-26,2019-12-31,1002000000.0,6829000000.0,1232000000.0,2.49,3035000000.0,0.44442817396397716,58189000000.0,29675000000.0,11862000000.0,6201000000.0,28514000000.0,3370000000.0,22092000000.0,129623130000.0,144976130000.0,74.3734335839599,1.9129172714078375,0.3050748423241506,0.5982139848357203,0.025075836049098153,74.3734335839599,0.033765796124684076,18.98127544296383,32.3411002994012,4.36809199663016,0.07584830339321358,1.1258160237388724,0.0005863151121254362,0.11735895100448539,1.0882115787776165,0.017219749437178848,79.81719827586207,0.44442817396397716,0.32446808510638314,0.661654135338346,0.5154161445279865,0.43982907809964156,0.09844372059355773,0.31842105263157894,0.3023255813953488,0.574186458998967,0.36350091492965625,0.3625213861281738,Diagnostics & Research,Healthcare,TMO
2019Q3,2019,Q3,2019-11-01,2019-09-28,760000000.0,6272000000.0,946000000.0,1.88,2763000000.0,0.44052933673469385,56729000000.0,29355000000.0,10514000000.0,5844000000.0,27374000000.0,3308000000.0,21165000000.0,115247399999.99998,131027399999.99998,73.20448877805487,1.799110198494182,0.3006046290257188,0.5809231817407596,0.018846905747855372,73.20448877805487,0.025889967637540454,18.37490433673469,37.91032894736841,3.925988758303525,0.1013157894736842,1.0607617896009673,0.0006681278709975237,0.1105607361314319,0.9680013689253936,0.013397027975109731,127.91054384017757,0.44052933673469385,-0.32129963898916974,0.6071145291986321,0.4994474307112307,0.42728516290816176,-0.021253985122210415,-0.32082216264521896,-0.36764705882352944,0.5798518487308657,0.3746603897079985,0.33405722072055694,Diagnostics & Research,Healthcare,TMO
2019Q2,2019,Q2,2019-08-02,2019-06-29,1119000000.0,6316000000.0,1496000000.0,2.77,2823000000.0,0.4469601013299557,57970000000.0,28729000000.0,11223000000.0,7509000000.0,29241000000.0,3209000000.0,20482000000.0,117611716497.92,134363716497.92,71.73717866917802,1.49460647223332,0.3284457478005865,0.6627449615371228,0.02515732230562742,71.73717866917802,0.03895018970378363,18.62123440435719,26.27607607192136,4.093832590689548,0.0679177837354781,1.0885010906824555,0.0006461941230263746,0.10895290667586682,0.8545745105872953,0.01930308780403657,109.50811591985102,0.4469601013299557,0.3712871287128713,3.0071604350473775,0.4574687477051377,0.3869201766077905,0.042851865533801256,0.37300613496932516,0.6260869565217392,1.13051918159468,0.36979457311100183,0.32888485544934004,Diagnostics & Research,Healthcare,TMO
2019Q1,2019,Q1,2019-05-03,2019-03-30,815000000.0,6125000000.0,920000000.0,2.02,2707000000.0,0.44195918367346937,55596000000.0,27693000000.0,9939000000.0,5898000000.0,27903000000.0,3124000000.0,19439000000.0,109488000000.00002,126530000000.00002,69.2325,1.6851475076297049,0.3264263616087488,0.6553280612429133,0.020020240789187318,69.2325,0.029429819810060303,17.875591836734696,33.58527607361963,3.953634492471022,0.0834355828220859,1.0941101152368757,0.0006210726289639047,0.11016979638822937,0.8919972872160055,0.014659328009209296,244.39285714285717,0.44195918367346937,-0.09009009009009017,0.4755086540232002,0.542822146791341,0.3327627309036446,-0.07421340629274965,-0.09242761692650334,-0.1986062717770035,1.0050783192441572,0.4111687389401136,0.30958228192923093,Diagnostics & Research,Healthcare,TMO
2018Q4,2018,Q4,2019-02-27,2018-12-31,898000000.0,6507000000.0,1148000000.0,2.22,2924000000.0,0.44936222529583525,56181000000.0,27586000000.0,10640000000.0,6223000000.0,28595000000.0,3005000000.0,18696000000.0,89963580000.0,106850580000.0,68.62189054726367,1.7097862767154106,0.3380146312810381,0.688392662944972,0.0218713466570172,68.62189054726367,0.03255274414558109,13.825661595205164,25.045540089086856,3.2612042340317555,0.0757238307349666,1.1923460898502496,0.0007558614274798759,0.11582207507876328,1.0025711071830308,0.01598405154767626,59.30361239288069,0.44936222529583525,0.2685714285714287,1.3624671148786907,0.6892036112953939,0.4729029846761704,0.11816443594646271,0.26657263751763044,0.25877192982456143,0.4809416244367278,0.38990512242655617,0.28403693050331325,Diagnostics & Research,Healthcare,TMO
2018Q3,2018,Q3,2018-11-02,2018-09-29,709000000.0,5920000000.0,912000000.0,1.75,2615000000.0,0.44172297297297297,55078000000.0,26890000000.0,9566000000.0,5196000000.0,28188000000.0,2982000000.0,17866000000.0,98260843318.56,115936843318.56,66.7947778416867,1.8410315627405696,0.3408620501833763,0.6981777612495351,0.01748163720833658,66.7947778416867,0.026366679062848643,16.598115425432432,34.64768805308886,3.6541778846619564,0.09732016925246827,1.108316566063045,0.0007022125769499368,0.10748393187842696,0.9526558891454965,0.012872653328007553,93.84989810750716,0.44172297297297297,-0.0540540540540541,1.002927320900129,0.6641232391686064,0.46777595812069106,-0.04492330168005844,-0.057180851063829786,-0.026680896478121666,0.4759534377231355,0.42302296450697574,0.2782187393326198,Diagnostics & Research,Healthcare,TMO
2018Q2,2018,Q2,2018-08-03,2018-06-30,752000000.0,6078000000.0,937000000.0,1.85,2738000000.0,0.4504771306350773,55403000000.0,26445000000.0,9474000000.0,5980000000.0,28958000000.0,2866000000.0,17226000000.0,83435215432.14,101918215432.14,65.65354055393132,1.5842809364548496,0.3505225348807826,0.7343543202873889,0.019060794179920085,65.65354055393132,0.028436377387029685,13.72741287136229,27.737771087812497,3.1550469061123083,0.09175531914893617,1.165387299371947,0.0008269889355786403,0.10970525061819757,0.8107023411371237,0.013573272205476238,66.16591231731958,0.4504771306350773,0.2937062937062938,1.4228608080571366,0.6765610123695912,0.49563840581512614,0.06124031007751938,0.2987910189982729,0.1921119592875318,0.45385540309797034,0.40758685648718246,0.2648270561942687,Diagnostics & Research,Healthcare,TMO
2018Q1,2018,Q1,2018-05-04,2018-03-31,579000000.0,5853000000.0,786000000.0,1.43,2580000000.0,0.4407995899538698,56580000000.0,26123000000.0,9588000000.0,7073000000.0,30457000000.0,2891000000.0,16542000000.0,82996920000.0,102982920000.0,64.98258706467662,1.3555775484235826,0.3700247437256981,0.801439344638824,0.015253487752102316,64.98258706467662,0.022164376220189106,14.180235776524858,35.836321243523315,3.1771588255560235,0.10362694300518134,1.1321342096160498,0.000722918392634329,0.10344644750795334,0.6984306517743532,0.010233297985153765,-2074.923,0.4407995899538698,0.09999999999999991,0.5341192609232245,0.6336610071996277,0.4917314290753355,-0.03341825265997302,0.09638326074607081,-0.1794550579392421,0.48779731568074974,0.4779650029936059,0.29803327848275457,Diagnostics & Research,Healthcare,TMO
2017Q4,2017,Q4,2018-02-28,2017-12-31,528100000.0,6046800000.0,957900000.0,1.3,2669200000.0,0.4414235628762321,56589000000.0,25413000000.0,9435000000.0,6996000000.0,31176000000.0,2971000000.0,15914000000.0,76141880000.0,95814880000.0,63.37406483790524,1.3486277873070327,0.3712382265104526,0.8266635186715461,0.013351503787860248,63.37406483790524,0.020780702789910677,12.59209499239267,36.04519977277031,2.996178333923582,0.11342548759704602,1.1368562773476945,0.0007866892700836912,0.10685468907384828,0.7452830188679245,0.009332202371485625,46.11026463998062,0.4414235628762321,-0.02985074626865674,0.25292911451445765,0.6567661630142114,0.4674874144635115,0.160420832971046,-0.010863457576325154,0.5056585979251808,-0.128599907417086,0.3351465087281794,0.22688730308489358,Diagnostics & Research,Healthcare,TMO
2017Q3,2017,Q3,2017-11-03,2017-09-30,533900000.0,5116200000.0,636200000.0,1.34,2300200000.0,0.44959149368672063,55985300000.0,24701800000.0,8844000000.0,7031300000.0,31283500000.0,3125500000.0,15445800000.0,74961040000.0,96212640000.0,62.346794548207974,1.2578043889465675,0.39282990356397124,0.8903278303605405,0.015135755018095661,62.346794548207974,0.02161380951995401,14.651702435401274,35.10069301367297,3.0346387712636327,0.11106948866828995,0.9009758438649816,0.0007910776051132694,0.09138470277019146,0.6255031075334575,0.009536431884798332,91.72912383749389,0.44959149368672063,-0.141025641025641,0.6825835450554372,0.517424673327813,0.4784963018331782,0.007489816477596251,-0.12704381948986265,-0.15342648037258816,0.14267587244214452,0.23794858994750362,0.21559014069936377,Diagnostics & Research,Healthcare,TMO
2017Q2,2017,Q2,2017-08-04,2017-07-01,611600000.0,4990000000.0,751500000.0,1.56,2283100000.0,0.45753507014028055,46513700000.0,22391600000.0,7452500000.0,5075800000.0,24122100000.0,2422200000.0,14972300000.0,68043300000.0,84228400000.0,57.414358974358976,1.4682414594743687,0.3611000629921937,0.7501071830507869,0.018766176449214286,57.414358974358976,0.02731381410886225,13.635931863727455,27.813644538914325,3.0387868665035103,0.0959777632439503,1.1175377755759228,0.0008626859661421477,0.10728022066616932,0.7623034792545017,0.013148814220326484,89.48356128353498,0.45753507014028055,0.1142857142857144,1.4616393586453467,0.5108001508052987,0.39595278670167383,0.04132269099201824,0.10917664127675009,0.2074228791773779,1.2489807116880725,0.18241324298845296,0.11001205185051136,Diagnostics & Research,Healthcare,TMO
2017Q1,2017,Q1,2017-05-05,2017-04-01,551400000.0,4765000000.0,622400000.0,1.4,2192500000.0,0.4601259181532004,46213600000.0,21795200000.0,7248100000.0,5302900000.0,24418400000.0,2327100000.0,14419400000.0,60057600000.0,76415100000.0,55.742199488491046,1.3668181561032642,0.36938909758166427,0.7832366759653502,0.01755839697909384,55.742199488491046,0.025299148436352958,12.603903462749212,27.22959738846572,2.755542504771693,0.10718171926006528,1.1054531391001676,0.0009840553069053709,0.10310817594820572,0.7184370815968621,0.01193155261654578,224.01193584483403,0.4601259181532004,-0.11949685534591205,0.8679320041724966,0.44378775983480856,0.33913989614250506,-0.037870809197823416,-0.12406671961874503,-0.17300026574541588,0.021254887519360572,0.22787995690142332,0.07306721578531855,Diagnostics & Research,Healthcare,TMO
2016Q4,2016,Q4,2017-02-28,2016-12-31,629500000.0,4953200000.0,752600000.0,1.59,2278800000.0,0.46006621981749174,45836700000.0,21539300000.0,6953600000.0,4781000000.0,24297400000.0,2213300000.0,13926900000.0,55678060000.0,71519760000.0,54.58514951849975,1.4544237607195147,0.36276389879725196,0.7719795907945012,0.01913774514089227,54.58514951849975,0.02922564800155994,11.240826132601146,22.112017474185862,2.5849521572195937,0.09404289118347896,1.208331450774861,0.0010632554367016379,0.10806188054550175,0.8020706965070069,0.013733536663852328,51.91911600149198,0.46006621981749174,0.33613445378151274,1.0618896816963237,0.4957518146755517,0.3553636982203739,0.10949900189882662,0.32946145723336856,0.3908704490851968,0.687151731064489,0.3099539564208541,0.17161781763238282,Diagnostics & Research,Healthcare,TMO
2016Q3,2016,Q3,2016-11-04,2016-10-01,473500000.0,4490900000.0,541100000.0,1.19,2053900000.0,0.4573470796499588,48010700000.0,21658600000.0,8204400000.0,5259900000.0,26352100000.0,2390900000.0,13356500000.0,62780982000.0,79723482000.0,54.87357486698759,1.559801517139109,0.39392260475269053,0.8732097180796543,0.014758371828573235,54.87357486698759,0.021861985539231528,13.979599189472044,33.147297782470964,2.898662979139926,0.1262935586061246,1.019281442134761,0.0009525177545008774,0.09353956513860452,0.9249415388125249,0.009862384843378664,90.88156050955413,0.4573470796499588,-0.08461538461538469,0.7153933362341146,0.4521453738238147,0.3704039683086747,-0.011835458263170555,-0.08343012001548587,-0.1513488080301129,0.3643321235590719,0.28759217727501724,0.2058145341361366,Diagnostics & Research,Healthcare,TMO
2016Q2,2016,Q2,2016-08-05,2016-07-02,516600000.0,4535200000.0,637600000.0,1.3,2078500000.0,0.4583039336743694,42253400000.0,21263900000.0,6331000000.0,5528200000.0,20989500000.0,2086300000.0,12942500000.0,58781696999.99999,72266397000.0,53.982990606752985,1.1452190586447668,0.33483222651904937,0.6653436105324047,0.017856772428374818,53.982990606752985,0.02429469664548836,12.961213838419473,28.446427119628336,2.764389270077455,0.11440185830429733,1.1775391842016967,0.0010054150018840048,0.10733337435567315,0.6099996382185884,0.012226235048540472,75.87672260229765,0.4583039336743694,0.28712871287128716,-0.04306076532229212,0.5175802493513763,0.31600273927874045,0.06159660861126717,0.28443560417702635,0.23112569994207377,0.7020192396922573,0.2792474201042144,0.22977425636159882,Diagnostics & Research,Healthcare,TMO
2016Q1,2016,Q1,2016-05-06,2016-04-02,402200000.0,4294800000.0,517900000.0,1.01,1957900000.0,0.45587687435969076,42952700000.0,20924400000.0,6539000000.0,6322800000.0,22028300000.0,2154900000.0,12485200000.0,56468785999.99999,70677986000.0,52.866093986862055,1.0341937116467388,0.350059484037092,0.718586912886391,0.013697176823583956,52.866093986862055,0.01922157863546864,13.148175933687249,35.09994157135753,2.698705148056814,0.14992541024365988,1.0844586755765928,0.0010678465798786608,0.09998905773094591,0.5527772505851838,0.009363788539486459,324.5332528735632,0.45587687435969076,-0.32666666666666666,0.5657556604457832,0.5494500144513647,0.34671701988859793,-0.0713370962386757,-0.3325589113840027,-0.24963778614894233,0.08236287683376224,0.21752146559713598,0.21358686218758938,Diagnostics & Research,Healthcare,TMO
2015Q4,2015,Q4,2016-02-25,2015-12-31,602600000.0,4652500000.0,690200000.0,1.5,2108300000.0,0.45315421816227835,40999100000.0,21350200000.0,5652400000.0,4101200000.0,19605100000.0,1991700000.0,12142300000.0,56669075000.0,68743675000.0,53.44230287859825,1.3782307617282747,0.30553597517994296,0.5867251829022679,0.021198925223851906,53.44230287859825,0.028224559957283773,12.180349274583557,23.510236890142714,2.654264362863111,0.09940258878194491,1.277401215042426,0.0010570139004386432,0.1134781007387967,0.7307617282746514,0.01469788361207929,51.57829707836534,0.45315421816227835,0.27118644067796616,0.9702810025136462,0.6272556545525494,0.3519744091285255,0.11947114108214305,0.26570048309178745,0.22615029312488896,0.43505005592803964,0.27952737688287155,0.2375079154995592,Diagnostics & Research,Healthcare,TMO
2015Q3,2015,Q3,2015-10-30,2015-09-26,476100000.0,4123200000.0,562900000.0,1.18,1883300000.0,0.4567568878540939,41147100000.0,20850200000.0,6025900000.0,5735100000.0,20296900000.0,1987200000.0,11599700000.0,48937350000.0,61745850000.0,52.256140350877196,1.0507053059231748,0.32351976202454125,0.6384543073927348,0.016801168301296496,52.256140350877196,0.02283431333992,11.868779103608848,25.69699117832388,2.3470925938360305,0.1264440243646293,1.1271638486312399,0.0012301442558700052,0.10020633288858753,0.5316908162019842,0.011570681773442114,76.11969202053197,0.4567568878540939,-0.07086614173228353,0.7807392783635067,0.5752149422897221,0.35997788073967574,-0.030126686579462353,-0.06939014855355746,-0.05521987244041625,0.4898977816441931,0.21432686944700777,0.23920581349387343,Diagnostics & Research,Healthcare,TMO
2015Q2,2015,Q2,2015-07-31,2015-06-27,511600000.0,4270900000.0,595800000.0,1.27,1941800000.0,0.45465826874897564,41774400000.0,20679800000.0,6236600000.0,6100400000.0,21094600000.0,1962300000.0,11183700000.0,52672464000.0,65927564000.0,51.907128514056225,1.022326404825913,0.3356960243594163,0.6781255137864003,0.017441126765687664,51.907128514056225,0.024739117399588003,12.332872228335948,25.739085222830337,2.547049004342402,0.11669272869429241,1.1869235081282168,0.0011334195415653994,0.10223725535256042,0.5575699954101371,0.012246734842391513,78.66258064516128,0.45465826874897564,0.32291666666666674,1.2149055556401753,0.6563795480146332,0.3845193384730769,0.06545953360768175,0.32848610750454427,0.2226554483890827,1.0157318753199283,0.2658176704759904,0.2620518977010438,Diagnostics & Research,Healthcare,TMO
2015Q1,2015,Q1,2015-05-01,2015-03-28,385100000.0,3918800000.0,487300000.0,0.96,1822500000.0,0.4650658364805553,41857300000.0,19914800000.0,6180500000.0,6861000000.0,21942500000.0,1898800000.0,10732100000.0,53181882000.0,67174082000.0,50.0623428858723,0.9008162075499199,0.35493928179791817,0.7460180368369252,0.01412803922729502,50.0623428858723,0.019337377226986963,13.570961008471981,34.52472215009089,2.6704703034928796,0.1578810698519865,1.104013060880556,0.0011432464913520737,0.09362285670599871,0.49715784871010055,0.009200306756527535,-3091.9698837209303,0.4650658364805553,-0.36000000000000004,0.7069448042581161,0.5083712540388158,0.3246470055589983,-0.12878244657966442,-0.35944777112441784,-0.23752151462994836,0.28227093587395663,0.1670931730166985,0.20268811184386773,Diagnostics & Research,Healthcare,TMO
2014Q4,2014,Q4,2015-02-26,2014-12-31,601200000.0,4492800000.0,639100000.0,1.5,2091900000.0,0.4656116452991453,42852100000.0,20548100000.0,6539800000.0,5349800000.0,22304000000.0,1859500000.0,10406900000.0,49840362000.0,63060862000.0,51.654348919054804,1.222438221989607,0.3398666576433827,0.7087759938875127,0.020468866762947454,51.654348919054804,0.029258179588380433,11.093385416666667,20.72536676646707,2.42554601155338,0.0998003992015968,1.2911535358967465,0.0012038435836401026,0.10484433668361644,0.7150921529776814,0.014029650822246751,62.53495859473024,0.4656116452991453,0.2820512820512821,1.2650328728975335,0.6292423005688859,0.3711203699878068,0.0818680182043856,0.2748091603053435,-0.0018741215055442762,0.9533540391154465,0.34580786616408127,0.28259114425193765,Diagnostics & Research,Healthcare,TMO
2014Q3,2014,Q3,2014-10-31,2014-09-27,471600000.0,4171400000.0,640300000.0,1.17,1933600000.0,0.4635374214891883,42690800000.0,20510600000.0,5719900000.0,6222100000.0,22180200000.0,1913700000.0,9866000000.0,48531864000.0,62474664000.0,51.28932233058264,0.9192877002941129,0.3391152192041377,0.7058350316421753,0.015948640522240674,51.28932233058264,0.022992988991058283,11.634430646785251,25.727239185750637,2.3661845094731504,0.12743850720949956,1.169357788577102,0.0012383616668834314,0.09771191919570493,0.49030070233522444,0.011046876610417233,82.91792926704254,0.4635374214891883,0.6956521739130435,1.1746580406403588,0.681027562014758,0.35855387733578326,0.047170322231248306,0.6933572710951525,0.8394139615053146,0.6862938417347365,0.33129490544823864,0.28089141310854326,Diagnostics & Research,Healthcare,TMO
2014Q2,2014,Q2,2014-08-01,2014-06-28,278500000.0,4321900000.0,348100000.0,0.69,1846500000.0,0.42724264790948424,44313400000.0,20658600000.0,5944400000.0,6235600000.0,23654800000.0,1933800000.0,9454600000.0,47249020000.0,62241220000.0,51.72408612919379,0.953300404131118,0.3515212102885357,0.754024958128818,0.011312573718298358,51.72408612919379,0.013481068417027292,10.932464888127907,42.413842010771994,2.287135623904814,0.214721723518851,1.280070327851898,0.0012656347158099786,0.09753031814304476,0.5237667586118416,0.006284780675822663,58.10258239055583,0.42724264790948424,-0.4926470588235295,0.3996471991699487,0.8090872369905044,0.42481049650143154,0.1398148148148148,-0.4872030933529737,-0.6023986293546545,-0.4912164291527088,0.42629006151596416,0.26093494020306207,Diagnostics & Research,Healthcare,TMO
2014Q1,2014,Q1,2014-05-02,2014-03-29,543100000.0,3903500000.0,875500000.0,1.36,1620000000.0,0.41501216856667095,46133700000.0,20430600000.0,7306100000.0,5391500000.0,25703100000.0,2060500000.0,9236300000.0,46606050000.0,62471450000.0,51.946605644546146,1.3551145321339144,0.3763539451637306,0.8498330934970094,0.016246392571670813,51.946605644546146,0.026582675007097198,11.939554246189317,21.4537147854907,2.281188511350621,0.10108635610384828,1.1082261586993447,0.0011779586555822688,0.08461276680604417,0.7823796717054623,0.011772305277920479,-13316.014285714286,0.41501216856667095,0.4782608695652174,2.873696880778562,0.8383529976063636,0.44726344357024667,0.0933387325369508,0.5875475007307804,0.9241758241758242,1.1277155640079985,0.4172310317760761,0.32329386703577473,Diagnostics & Research,Healthcare,TMO
2013Q4,2013,Q4,2014-02-27,2013-12-31,342100000.0,3466900000.0,455000000.0,0.92,1481700000.0,0.4273846952608959,31876200000.0,16856100000.0,9884400000.0,6308200000.0,15020100000.0,1494500000.0,8753300000.0,40286430000.0,44947730000.0,46.58955223880597,1.5669129070099237,0.329000947415313,0.6221664560604173,0.015115447715018888,46.58955223880597,0.020295323354749914,11.62030344111454,29.440536392867582,2.3900208233221205,0.1584332066647179,1.3283372365339579,0.0013453661692038735,0.10876139564941868,1.2321739957515614,0.010732144985914256,63.54326498422713,0.4273846952608959,0.06976744186046518,0.3609794849932892,0.5125096385501647,0.3037433822939754,0.09926552414867572,0.07714105793450882,0.16041826064779394,0.23509492685963262,0.33893330243695197,0.1786146735238592,Diagnostics & Research,Healthcare,TMO
2013Q3,2013,Q3,2013-11-01,2013-09-28,317600000.0,3191800000.0,392100000.0,0.86,1347900000.0,0.4223008960461182,28272500000.0,16437300000.0,6210400000.0,2453000000.0,11835200000.0,1546800000.0,8465700000.0,33595212000.0,38861112000.0,45.50747508305648,2.5317570322054626,0.25153417631974534,0.4326440473800442,0.01658267513900834,45.50747508305648,0.019321908099262045,10.52547528040604,26.444593828715366,2.0438400467230022,0.17034005037783376,1.1920739591414533,0.001610348522283473,0.1128941550977098,1.5470444353852426,0.011233530816164117,74.78898486197684,0.4223008960461182,0.13157894736842102,0.66330941006777,0.4306088223966383,0.25978699620766027,-0.011223591549295775,0.14491708723864455,0.04448588172615876,0.31222348018502366,0.3469958138633344,0.18434233959320429,Diagnostics & Research,Healthcare,TMO
2013Q2,2013,Q2,2013-08-02,2013-06-29,277400000.0,3240100000.0,375400000.0,0.76,1363200000.0,0.42072775531619394,27629500000.0,15802800000.0,5641500000.0,2362900000.0,11826700000.0,1487100000.0,8202600000.0,30466800000.0,36172300000.0,43.89666666666667,2.3875322696686276,0.2574928970846378,0.4501986989647404,0.016240303602284997,43.89666666666667,0.01755385121624016,9.403043115953212,27.457462148521987,1.9279368213228034,0.1943042537851478,1.2621209064622418,0.0017691388659130595,0.11726958504497005,1.4027677853485123,0.010039993485224127,73.80523255813954,0.42072775531619394,-0.18279569892473121,0.2909507904698286,0.38843966309090294,0.21757177615571777,0.02013021028212228,-0.1748958953004164,-0.03022474812709894,0.3290703282296202,0.3906431462606433,0.1708562125151786,Diagnostics & Research,Healthcare,TMO
2013Q1,2013,Q1,2013-05-03,2013-03-30,336200000.0,3191500000.0,387100000.0,0.93,1336300000.0,0.4187059376468745,27410700000.0,15599500000.0,5136100000.0,2302800000.0,11811200000.0,1474600000.0,7979500000.0,27391069000.0,33505369000.0,43.56185423066183,2.2303717213826646,0.25969420700675283,0.45632231802301354,0.016935073613159466,43.56185423066183,0.021551972819641656,8.58250634497885,20.368135782272454,1.7558940350652261,0.16061867935752527,1.2581038925810388,0.0019714455102135663,0.11643263397140532,1.264894910543686,0.01226528326529421,117.91247955230305,0.4187059376468745,-0.10576923076923075,0.6822632084211738,0.45688782723225796,0.23003653108396652,-0.03592814371257485,-0.10680127523910733,-0.033699450823764354,0.6554044802632346,0.36461598530308326,0.15264441168469545,Diagnostics & Research,Healthcare,TMO
2012Q4,2012,Q4,2013-02-27,2012-12-31,376400000.0,3259300000.0,400600000.0,1.04,1386100000.0,0.42527536587610837,27444600000.0,15464700000.0,4834800000.0,2093300000.0,11979900000.0,1443300000.0,7697300000.0,22839618000.0,29112918000.0,43.18542306618263,2.309654612334591,0.2595884071912143,0.46068142285333696,0.019918169391486096,43.18542306618263,0.02433930176466404,7.007522474150892,15.169778161530285,1.4768872335059846,0.12460148777895856,1.297859072957805,0.002053449405327182,0.1187592458990111,1.2708164142741127,0.013714902020798263,41.10062623717833,0.42527536587610837,0.3164556962025316,0.8300063419693272,0.44974929095331445,0.24444649338647376,0.06754467036352434,0.29614325068870523,0.13742191936399772,0.5753084769772737,0.31296571479903884,0.14631999999406417,Diagnostics & Research,Healthcare,TMO
2012Q3,2012,Q3,2012-11-02,2012-09-29,290400000.0,3085700000.0,352200000.0,0.79,1298400000.0,0.420779725832064,27578000000.0,15290500000.0,4947300000.0,2522500000.0,12287500000.0,1517000000.0,7374800000.0,21331758000.0,27971858000.0,42.169056811913954,1.9612685827552032,0.2709514830662122,0.4886890552957719,0.015629218607901278,42.169056811913954,0.018992184689840097,6.913101727322812,18.364116735537188,1.3950987868284228,0.16391184573002754,1.1781806196440343,0.0022314147760348676,0.11188991224889405,1.0567690782953418,0.01053013271448256,52.8144540727903,0.420779725832064,0.253968253968254,0.5552148795692436,0.5037325403303129,0.23883228474164403,-0.017331416029667753,0.24208725406330198,-0.04241435562805873,0.47685342647884627,0.37141944284801426,0.1169758739677976,Diagnostics & Research,Healthcare,TMO
2012Q2,2012,Q2,2012-08-03,2012-06-30,233800000.0,3108100000.0,367800000.0,0.63,1321300000.0,0.42511502203918794,26361300000.0,15094400000.0,4667000000.0,2703200000.0,11266900000.0,1390700000.0,7131600000.0,19050970000.0,24850770000.0,41.1291553133515,1.7264723290914472,0.24779126977804586,0.432749894000424,0.015618157371835943,41.1291553133515,0.015489188043247826,6.1294585116309,20.371011548331907,1.262121714013144,0.0,1.284820593945495,0.0,0.1179038970005273,0.9396641018052678,0.008869061844446215,43.082247851650834,0.42511502203918794,-0.58,0.6480308821255732,0.5050209261884051,0.20004141626371372,0.022836352376528875,-0.1568698160836639,0.03634826711749789,0.2787330292905653,0.41586476914154946,0.13295867724621774,Diagnostics & Research,Healthcare,TMO
2012Q1,2012,Q1,2012-05-04,2012-03-31,277300000.0,3100300000.0,354900000.0,1.5,1291800000.0,0.41666935457858917,26822700000.0,15289000000.0,4769500000.0,2845400000.0,11533700000.0,1422300000.0,6945600000.0,20708374000.0,26595274000.0,41.6253743533896,1.6762142405285725,0.24886383548263225,0.4366014781869318,0.014674744192524318,41.6253743533896,0.01813722283995029,6.679474244427959,18.669648395239815,1.3544622931519392,0.0,1.2715320255923503,0.0,0.11558493365693984,0.9444717790117383,0.0103382582663192,64.19210787352759,0.41666935457858917,0.948051948051948,1.2833862264609899,0.5165398171628016,0.22863685497895506,-0.008138820638820638,-0.040152301834544823,0.03499562554680665,1.117867172588089,0.563440875637269,0.15970777838324735,Diagnostics & Research,Healthcare,TMO
2011Q4,2011,Q4,2012-02-29,2011-12-31,288900000.0,3133600000.0,342900000.0,0.77,1302400000.0,0.41562420219555785,26833700000.0,15038100000.0,4821900000.0,3089200000.0,11795600000.0,1355400000.0,6716300000.0,16791798000.0,22803498000.0,40.27343331547938,1.560889550692736,0.2619094645911671,0.4673462737978867,0.014639556189644581,40.27343331547938,0.01921120354300078,5.358628414603013,14.530804776739355,1.1166169928381908,0.0,1.3510402833111996,0.0,0.11677852849215725,0.9176162113168458,0.010766312510015391,30.201075539568347,0.41562420219555785,0.11594202898550736,11.838988881660608,1.112475164372403,0.21615006683398857,0.06422618074848832,0.08854559155990957,0.08857142857142856,0.11362839362026894,0.32463017307001446,0.12699563838219932,Diagnostics & Research,Healthcare,TMO
2011Q3,2011,Q3,2011-11-04,2011-10-01,265400000.0,2973500000.0,315000000.0,0.69,1223800000.0,0.41156885824785605,26991500000.0,15195900000.0,4734600000.0,2792500000.0,11795600000.0,1406100000.0,6427400000.0,19217880000.0,25461480000.0,40.04189723320158,1.6954700089525514,0.26430172461700907,0.46946215755565646,0.01413868533829319,40.04189723320158,0.0174652373337545,6.463050277450815,18.102750565184625,1.2646753400588318,0.0,1.2443638432543915,0.0,0.11016431098679214,0.9702059086839749,0.009832725117166515,64.4678966789668,0.41156885824785605,-0.4926470588235295,1.2585057238583588,0.7044583071854906,1.2432373666758987,0.04939118504544675,-0.49293083683607186,0.18510158013544017,0.32290735403896653,0.26849608975996797,0.10848297660558297,Diagnostics & Research,Healthcare,TMO
2011Q2,2011,Q2,2011-08-05,2011-07-02,523400000.0,2897400000.0,265800000.0,1.36,1166200000.0,0.4024987920204321,24073800000.0,15665700000.0,5004700000.0,1816800000.0,8408100000.0,1350400000.0,6162000000.0,24827319000.000004,27498519000.000004,41.0204241948154,2.7546785557023337,0.16728975068331547,0.25707756436035417,0.011490558476368118,41.0204241948154,0.03341057214168534,8.568826879271072,11.858673576614445,1.5848202761446983,0.0,1.2819905213270142,0.0,0.12035490865588316,1.6771796565389696,0.021741478287598967,84.01800000000001,0.4024987920204321,1.125,3.616732030390194,0.7150984225217071,1.4172921791028519,0.0409711684370258,1.0753370340999207,-0.17325038880248833,1.296094676916021,0.17038809495480967,0.13779278788539054,Diagnostics & Research,Healthcare,TMO
2011Q1,2011,Q1,2011-05-06,2011-04-02,252200000.0,2721400000.0,321500000.0,0.64,1120300000.0,0.41166311457338134,23430600000.0,15254700000.0,6189300000.0,4146000000.0,8175900000.0,1264000000.0,5638600000.0,21753828000.0,23265328000.0,39.25553268142048,1.492836468885673,0.18352923100560806,0.28189344923203996,0.013592603730469765,39.25553268142048,0.01653260962195258,7.993616520908356,21.56406423473434,1.4260410234222896,0.0,1.2666930379746835,0.0,0.11614726042013436,1.051471297636276,0.010763702167251372,79.13360494725354,0.41166311457338134,-0.14666666666666664,1.2558940989478875,0.6686148958180071,1.2269562201151554,-0.035803425423874685,-0.15226890756302522,-0.05801347787869909,0.16290126988264242,0.1447882707274794,0.10844086180612819,Diagnostics & Research,Healthcare,TMO
2010Q4,2010,Q4,2011-02-24,2010-12-31,297500000.0,2781100000.0,341300000.0,0.75,1161900000.0,0.4177843299413901,21349400000.0,15361000000.0,4135000000.0,1709800000.0,5988400000.0,1175100000.0,5386400000.0,21512896000.0,22732896000.0,39.52907874420998,2.4184115101181423,0.10010117380347926,0.13912505696243735,0.018241842221587156,39.52907874420998,0.019367228696048434,7.735391032325339,18.078063865546216,1.400487989063212,0.0,1.3779252829546422,0.0,0.1302659559519237,1.4287051117089717,0.013934817840314013,62.122136875541436,0.4177843299413901,0.1363636363636363,1.212948931070388,0.5751621878377875,1.3072893807676955,0.0945831370701837,0.10800744878957169,0.1275189957053188,0.3328812996934743,0.13995234995902944,0.13908397642978595,Diagnostics & Research,Healthcare,TMO
2010Q3,2010,Q3,2010-11-05,2010-10-02,268500000.0,2628700000.0,302700000.0,0.66,1061500000.0,0.4038117700764636,21537000000.0,15396600000.0,4171000000.0,1770600000.0,6140400000.0,1207700000.0,0.0,19161474000.0,18338974000.0,38.42425754928875,2.3556986332316727,0.005000696475832288,0.006995050855383656,0.017586884191895216,38.42425754928875,0.01743891508514867,7.289334652109408,17.84122346368715,1.2445263239936089,0.0,1.2976732632276227,0.0,0.12205506802247296,1.412741443578448,0.012466917397966291,52.04093970668115,0.4038117700764636,0.15789473684210542,0.8778275735272537,0.5622535520706681,1.251480265162408,-0.019852262234533704,0.13147914032869784,-0.02980769230769231,0.30120744075442335,0.15922137300869577,0.1288184836953254,Diagnostics & Research,Healthcare,TMO
2010Q2,2010,Q2,2010-08-04,2010-07-03,237300000.0,2649000000.0,312000000.0,0.57,1083000000.0,0.4088335220838052,21280900000.0,15345100000.0,4348000000.0,1616000000.0,5935800000.0,1148500000.0,4820400000.0,19474494000.0,20305894000.0,37.49108233569509,2.6905940594059405,0.10050326818884539,0.13937999752363947,0.01538741223320804,37.49108233569509,0.015464219848681338,7.35163986409966,20.51674462705436,1.269101797968081,0.0,1.3635176316935134,0.0,0.12447781813739081,1.725928217821782,0.011150844184221532,86.43805592543275,0.4088335220838052,0.017857142857142672,0.5524113065253416,0.5967150035972452,1.2448953797593778,-0.012131715771230503,0.02152389151958674,0.06484641638225255,0.49983297127627685,0.15014827675751652,0.093891941145262,Diagnostics & Research,Healthcare,TMO
2010Q1,2010,Q1,2010-05-06,2010-04-03,232300000.0,2675100000.0,293000000.0,0.56,1096300000.0,0.409816455459609,21624600000.0,15480000000.0,4528600000.0,1775700000.0,6144600000.0,1154600000.0,4583100000.0,21204992000.0,21852392000.0,37.79296875,2.550318184377992,0.09614513100820361,0.13430878552971576,0.0143027180859416,37.79296875,0.015006459948320413,7.9268034839819075,22.820697374085235,1.3698315245478037,0.0,1.3673999653559674,0.0,0.12370633445242918,1.6523061327927016,0.01074239523505637,72.49569914529914,0.409816455459609,-0.1384615384615384,0.8684488948948825,0.8798213010318555,1.272596398277184,-0.03689712729508917,-0.15001829491401392,-0.09651557200123342,0.7152984597169726,0.17341354953529958,0.11551751753883673,Diagnostics & Research,Healthcare,TMO
2009Q4,2009,Q4,2009-12-31,2009-12-31,273300000.0,2839400000.0,324300000.0,0.65,1138300000.0,0.4008945551877157,21625000000.0,15430900000.0,4530900000.0,1639300000.0,6194100000.0,1131400000.0,4350800000.0,19533824000.0,20153124000.0,37.673095703125,2.7639236259379003,0.1009664739884393,0.1414953113557861,0.017859454633984664,37.673095703125,0.017711215807243906,6.879560470521941,17.868481522136847,1.265890129545263,0.0,1.5035354428142125,0.0,0.13130173410404625,1.8183370951015678,0.01263815028901734,42.75295250601882,0.4008945551877157,0.22641509433962262,-0.11315239873148719,0.8191810277241156,1.27485827130907,0.12569224683544303,0.23553345388788427,0.17713248638838475,10.072285568230072,0.7449741467527263,0.13762681960340734,Diagnostics & Research,Healthcare,TMO
2009Q3,2009,Q3,2009-09-30,2009-09-30,221200000.0,2531100000.0,275500000.0,0.53,1011200000.0,0.3995100944253487,21418500000.0,15399400000.0,4797600000.0,1593800000.0,6019100000.0,1169600000.0,4077500000.0,17812993000.0,18101993000.0,37.752880607992154,3.0101643869996235,0.09499731540490697,0.13212852448796705,0.014157484772101202,37.752880607992154,0.014364196007636661,7.037648848326814,20.132225361663654,1.1567329246594025,0.0,1.2995041039671682,0.0,0.11817354156453533,2.031810766721044,0.0103275206013493,51.81207969749855,0.3995100944253487,0.08163265306122457,-0.1778610889538508,0.8480518612948691,1.5099815911591277,0.023171101892138016,0.06911551474142098,0.0637065637065637,0.7513118028172998,0.34985095555800977,1.1150014942169255,Diagnostics & Research,Healthcare,TMO
2009Q2,2009,Q2,2009-06-30,2009-06-30,206900000.0,2484100000.0,259000000.0,0.49,988300000.0,0.39785032808663096,21155600000.0,15076400000.0,4467000000.0,1523600000.0,6079200000.0,1185100000.0,3856300000.0,16931781000.000002,17558881000.0,36.30243197688418,2.931871882383828,0.09664107848512923,0.13560929664906743,0.013485235142067141,36.30243197688418,0.013723435302857447,6.816062557868041,20.458894393426778,1.1230652543047412,0.0,1.262171968610244,0.0,0.11742044659570043,1.9014833289577318,0.009779916428746998,49.291938864628825,0.39785032808663096,0.4000000000000001,-0.09435121374656968,0.885283097961037,1.4489202920651445,0.11433081519900778,0.3895231699126931,0.3624408206207259,0.6782210613217369,0.3521889848904276,1.139265661500074,Diagnostics & Research,Healthcare,TMO
2009Q1,2009,Q1,2009-03-31,2009-03-31,148900000.0,2255100000.0,190100000.0,0.35,886900000.0,0.3932863287659084,21033100000.0,14992500000.0,4519400000.0,1499600000.0,6040600000.0,1161700000.0,3649400000.0,14899359000.0,15378359000.0,35.892985396217384,3.013736996532409,0.09699473686712848,0.136074704018676,0.009939386851007415,35.892985396217384,0.00993163248290812,6.606961553811361,25.01571356615178,0.9937874937468734,0.0,1.1777567358181975,0.0,0.10721672031226971,1.9960656174979994,0.007079317837123391,48.4532,0.3932863287659084,-0.4852941176470589,0.3657057671040103,0.5325077121853565,1.4443822859607032,-0.16879100281162138,-0.48690558235699516,-0.41054263565891475,0.23910082095027113,0.2863758013375015,1.0361997819594062,Diagnostics & Research,Healthcare,TMO
2008Q4,2008,Q4,2009-02-27,2008-12-31,290200000.0,2646300000.0,322500000.0,0.68,1067000000.0,0.4032044741714847,21090000000.0,14926600000.0,4345900000.0,1540200000.0,6163400000.0,1171400000.0,3528700000.0,14231039000.0,15008839000.0,35.735216662676564,2.8216465394104664,0.09759601706970128,0.13789476505031287,0.01838046203924131,35.735216662676564,0.019441801883885144,5.37771189963345,12.25968211578222,0.953401243417791,0.0,1.3482158101417108,0.0,0.12547652916073967,1.7959355927801584,0.013760075865339023,40.00854371661512,0.4032044741714847,0.3333333333333334,0.8534108218748365,0.7940200529238672,1.4776134540428991,0.033113865220759105,0.31015801354401806,0.12644079636744673,1.008260982844984,0.39439581492988535,1.0858438533001105,Diagnostics & Research,Healthcare,TMO
2008Q3,2008,Q3,2008-10-30,2008-09-27,221500000.0,2588100000.0,286300000.0,0.51,1032800000.0,0.39905722344577105,21599500000.0,15135600000.0,4443000000.0,1840000000.0,6463900000.0,1260400000.0,3238500000.0,23723780000.0,24665280000.0,36.12315035799523,2.4146739130434782,0.10101159749068266,0.1441502153862417,0.013660279391338596,36.12315035799523,0.014634371944290283,9.166485066264828,26.776275395033856,1.5674158936546947,0.0,1.233973341796255,0.0,0.11982221810690062,1.5178804347826087,0.010254867010810435,74.15998749609253,0.39905722344577105,-0.10526315789473675,0.7710053751552373,1.0195076182715461,1.6263522887067696,-0.05082253469350244,-0.11222444889779559,-0.13294972743791642,0.48146184877348386,0.47094646830640113,1.1166462368776753,Diagnostics & Research,Healthcare,TMO
2008Q2,2008,Q2,2008-07-31,2008-06-28,249500000.0,2709600000.0,330200000.0,0.57,1088100000.0,0.4015721877767936,21681000000.0,15070000000.0,4299500000.0,1880100000.0,6611000000.0,1264100000.0,3017000000.0,23123760000.0,24306660000.0,36.05263157894737,2.286846444338067,0.1010008763433421,0.1453085600530856,0.015323592761298707,36.05263157894737,0.016556071665560716,8.534012400354296,23.170100200400803,1.5344233576642334,0.0,1.2827307966141919,0.0,0.12497578524975786,1.393276953353545,0.011507771781744384,79.38125643666324,0.4015721877767936,0.0754716981132074,0.8202228676961774,1.03414608234913,1.6712368819802605,0.0684406912804399,0.07081545064377683,0.13705234159779614,0.598251319835441,0.5992490241462304,1.1587636583830692,Diagnostics & Research,Healthcare,TMO
2008Q1,2008,Q1,2008-05-02,2008-03-29,233000000.0,2554000000.0,290400000.0,0.53,1018400000.0,0.39874706342991384,21497900000.0,14785800000.0,3988800000.0,1909200000.0,6712100000.0,1246700000.0,2767500000.0,23563700000.0,25026400000.0,35.415089820359285,2.089252042740415,0.10218207359788631,0.1485682208605554,0.014377268344129467,35.415089820359285,0.01575836275345264,9.226194205168364,25.28293991416309,1.5936709545645145,0.0,1.2317317718777572,0.0,0.11880230162015824,1.2223968154200713,0.010838267923843724,124.74166225516146,0.39874706342991384,-0.03636363636363639,1.4948692890661972,0.9915359301488786,1.775264147624328,-0.02067506491008751,-0.02835696413678065,0.018947368421052633,0.8386175577451614,0.7607630106805459,1.1296079200026188,Diagnostics & Research,Healthcare,TMO
2007Q4,2007,Q4,2008-02-29,2007-12-31,239800000.0,2621100000.0,285000000.0,0.55,1039900000.0,0.39674182595093666,21207400000.0,14488300000.0,3665300000.0,1901600000.0,6719100000.0,1169900000.0,2534500000.0,24081400000.0,25651500000.0,34.70251497005988,1.9274821203197308,0.10351103859973405,0.151515360670334,0.015513517393943745,34.70251497005988,0.01655128621025241,9.187516691465415,25.105713094245203,1.662127371741336,0.0,1.3515685101290709,0.0,0.12359365127266897,1.0986537652503154,0.011307373841206371,50.37949790794979,0.39674182595093666,0.12244897959183684,0.0732159107523892,0.797551246327993,1.7792418360410183,0.09682522940618078,0.09748283752860412,0.1220472440944882,-0.236582676231695,0.6475416358672734,1.095482246454176,Diagnostics & Research,Healthcare,TMO
2007Q3,2007,Q3,2007-11-01,2007-09-29,218500000.0,2401200000.0,254000000.0,0.49,948100000.0,0.3948442445443945,21172400000.0,14442900000.0,3908400000.0,1630900000.0,6729500000.0,1206200000.0,2294700000.0,24490596000.0,25860496000.0,34.039358944143295,2.396468207738059,0.10394192439213315,0.152372445976916,0.014177990379484185,34.039358944143295,0.015128540667040552,10.199315342328836,28.02127688787185,1.6956841077622915,0.0,1.2046924224838336,0.0,0.11341180026827379,1.4129008522901465,0.010320039296442539,70.43599654874892,0.3948442445443945,0.32432432432432434,1.1870044428079782,0.8132023287466171,1.8733345982697343,0.012278453982489857,0.3331299572910311,0.04526748971193416,-0.2192855895537789,0.6854421820349261,1.263089940389092,Diagnostics & Research,Healthcare,TMO
2007Q2,2007,Q2,2007-08-09,2007-06-30,163900000.0,2385900000.0,243000000.0,0.37,936600000.0,0.39255626807494026,21272100000.0,14531800000.0,4007100000.0,1603000000.0,6740300000.0,1183200000.0,2076200000.0,21929280000.0,23180580000.0,34.27311320754717,2.4997504678727385,0.10353937787054404,0.15156415585130542,0.012273997785004646,34.27311320754717,0.011278712891727109,9.191198289953476,33.449176327028674,1.5090546250292463,0.0,1.2248985801217038,0.0,0.11216099961921955,1.4949469744229569,0.007704928051297239,72.08836291913215,0.39255626807494026,0.1935483870967742,-0.03457041097912345,0.8913767290569624,1.9120574370913044,0.06443914081145585,0.17998560115190784,0.262993762993763,-0.2972928914866466,0.7736005339283326,1.3120247827928588,Diagnostics & Research,Healthcare,TMO
2007Q1,2007,Q1,2007-05-04,2007-03-31,138900000.0,2338200000.0,192400000.0,0.31,879900000.0,0.37631511419040287,21171900000.0,14232700000.0,3746200000.0,1796500000.0,6939200000.0,1180500000.0,1912300000.0,19639675000.0,21318575000.0,33.879314448940725,2.0852769273587533,0.1109867324141905,0.1650986812059553,0.009719009786385641,33.879314448940725,0.009759216452254315,8.399484646309126,35.34858711303096,1.3798980516697466,0.0,1.2353240152477765,0.0,0.11043883638218582,1.1747286390203173,0.006560582659090587,110.27330151600225,0.37631511419040287,4.43859649122807,-0.49920685263039316,0.9739312140694464,1.9429065517088344,0.4811660121301083,4.486648759677674,6.171077152441297,0.2667079174103234,0.5799025995522087,1.3072473684011428,Diagnostics & Research,Healthcare,TMO
