Quarters,Year,Quarter,FillingDate,Date,NetIncome,Revenue,OperatingIncome,EPSDiluted,GrossProfit,GrossProfitRatio,TotalAssets,CommonStockEquity,CurrentAssets,CurrentLiability,TotalLiability,Inventory,RetainedEarnings,MarketCap,EnterpriseValue,bookValuePerShare,currentRatio,debtToAssets,debtToEquity,roic,shareholdersEquityPerShare,roe,priceToSalesRatio,peRatio,pbRatio,payoutRatio,inventoryTurnover,dividendYield,assetTurnover,quickRatio,returnOnAssets,priceToFreeCashFlowsRatio,grossProfitMargin,epsdilutedGrowth,fiveYNetIncomeGrowthPerShare,fiveYRevenueGrowthPerShare,fiveYShareholdersEquityGrowthPerShare,grossProfitGrowth,netIncomeGrowth,operatingIncomeGrowth,threeYNetIncomeGrowthPerShare,threeYRevenueGrowthPerShare,threeYShareholdersEquityGrowthPerShare,Industry,Sector,Symbol
2023Q1,2023,Q1,2023-05-10,2023-03-31,-16467000.0,293346000.0,11772000.0,-0.26,270125000.0,0.9208409182,2353880000.0,-454653000.0,221817000.0,461022000.0,2808533000.0,59060000.0,159436000.0,3922491180.0,6095155180.0,-7.106395948607334,0.4811418977836199,0.9462780600540385,-4.899175854992709,0.00415536179867977,-7.106395948607334,0.0362188306246742,13.371551614816633,-59.55078611768993,-8.627439343851245,0.0,0.3931764307483915,0.0,0.12462232569204887,0.27604973298454305,-0.006995683722194845,-201.54615044702498,0.9208409182330763,-1.3421052631578947,0.6469204101768012,0.8201630189785658,-3.5732545146275156,-0.2522408552620652,-1.3359926545602938,-0.8844386853575215,0.6438210075454605,1.3353260499978838,-5.083434079730413,Leisure,Consumer Cyclical,SEAS
2022Q4,2022,Q4,2023-03-01,2022-12-31,49010000.0,390520000.0,101868000.0,0.76,361246000.0,0.9250384103,2325787000.0,-437664000.0,233696000.0,409206000.0,2763451000.0,55190000.0,175903000.0,3431917360.0,5582563360.0,-6.823999002120494,0.5710962204855257,0.9587472971514588,-5.0948718651751115,0.038972885901811916,-6.823999002120494,-0.11198088031000951,8.788070674997439,17.50620975311161,-7.841443116180449,0.0,0.5304221779307846,0.0,0.16790875518695392,0.36716470432984855,0.021072436985846082,75.03426822335913,0.9250384103246952,-0.6180904522613065,4.218911709845188,0.9746815887653585,-3.0439997567628345,-0.31036497130704704,-0.6357677415519074,-0.5319103963239518,3.472333471674969,0.5986136163927706,-3.5317058301164077,Leisure,Consumer Cyclical,SEAS
2022Q3,2022,Q3,2022-11-09,2022-09-30,134557000.0,565207000.0,217625000.0,1.99,523822000.0,0.9267790385,2355488000.0,-420302000.0,276018000.0,429861000.0,2775790000.0,60283000.0,126893000.0,3057179760.0,5180878760.0,-6.256728593545314,0.642109891336967,0.9481139364751593,-5.313491251528663,0.08092155570997513,-6.256728593545314,-0.32014361102255046,5.408955940036129,5.6800830874647925,-7.273769242116383,0.0,0.6865119519599223,0.0,0.23995324960263012,0.4356361707621766,0.0571248930157997,25.570469475321808,0.9267790384761689,0.22839506172839497,2.1305462358001694,0.6533468978711167,-2.796804537431703,0.13063485999322252,0.15390618300317296,0.222536809523007,0.5971613408022252,0.3884426819777885,-3.1106801974332483,Leisure,Consumer Cyclical,SEAS
2022Q2,2022,Q2,2022-08-05,2022-06-30,116610000.0,504817000.0,178011000.0,1.62,463299000.0,0.9177563355,2396610000.0,-401451000.0,330154000.0,498436000.0,2798061000.0,56641000.0,-7664000.0,3167087480.0,5241480480.0,-5.60013112741679,0.6623799244035342,0.9326602993394837,-5.567860087532476,0.07020700077379652,-5.60013112741679,-0.2904713153037357,6.273733808489017,6.789913986793585,-7.889100986172658,0.0,0.7330025952931623,0.0,0.21063794276081632,0.49119846881043905,0.04865622692052524,19.441673398730526,0.9177563354641385,14.500000000000002,1.7931729219913044,0.6155753828686364,-3.0071697313941694,0.8707586825114172,13.975408924001336,16.753166450583425,1.5185988126930559,0.41398993703454867,-4.470388675669844,Leisure,Consumer Cyclical,SEAS
2022Q1,2022,Q1,2022-05-06,2022-03-31,-8987000.0,270693000.0,10027000.0,-0.12,247653000.0,0.9148851282,2577964000.0,-152437000.0,524664000.0,458735000.0,2730401000.0,45114000.0,-124274000.0,5629450560.0,7486857560.0,-2.0157225219507033,1.1437191406803493,0.8679000172228937,-14.677637319023596,0.0026632247830769696,-2.0157225219507033,0.0589555029290789,20.796439361195155,-156.59982641593413,-36.92968609983141,0.0,0.5107062109323048,0.0,0.10500262998242023,0.9909621023030726,-0.003486084367353462,157.75839479878937,0.9148851281710277,-1.1304347826086956,0.8340304760625247,0.6398050238787545,-1.4240309060156797,-0.27929283375773006,-1.1256255416701613,-0.8824667104276069,0.732425250191413,0.35265654454024464,-1.7420657852428183,Leisure,Consumer Cyclical,SEAS
2021Q4,2021,Q4,2022-02-28,2021-12-31,71538000.0,370820000.0,85312000.0,0.92,343625000.0,0.9266625317,2610316000.0,-33916000.0,567396000.0,371966000.0,2644232000.0,29478000.0,-115287000.0,4982026320.0,6775095320.0,-0.4415455918346092,1.525397482565611,0.8568985517462253,-65.95046585682275,0.04443894700641792,-0.4415455918346092,-2.109269961080316,13.435160778814518,17.410419357544242,-146.8930982427173,0.0,0.9225524119682476,0.0,0.1420594288201122,1.399738148110311,0.02740587729608216,159.10916964741952,0.9266625316865326,-0.28125,7.675833771248337,0.5395011896971825,-1.081695723424447,-0.2888982242373699,-0.2993133980430375,-0.5695508923120393,8.200707897115223,0.4732629267555832,-1.1422851257623108,Leisure,Consumer Cyclical,SEAS
2021Q3,2021,Q3,2021-11-15,2021-09-30,102097000.0,521206000.0,198193000.0,1.28,483229000.0,0.9271362954378883,2711221000.0,11477000.0,681009000.0,406846000.0,2699744000.0,25870000.0,-186825000.0,4368177840.0,6053592840.0,0.1453483954307135,1.673874144025012,0.825821650097871,195.08451685980657,0.07686043320954576,0.1453483954307135,8.895791583166332,8.38090474783483,10.696146409786772,380.6027568179838,0.0,1.467993815229996,0.0,0.19224032271806687,1.5732807991230098,0.03765720315680647,31.257310177532577,0.9271362954378883,-0.1949685534591195,0.6796745807466452,0.160013335465489,-0.9729648808371613,0.1913606879497844,-0.20088132621593274,0.18415376618410598,0.16674519790265688,0.18327294619436557,-0.9662783749260005,Leisure,Consumer Cyclical,SEAS
2021Q2,2021,Q2,2021-08-06,2021-06-30,127762000.0,439784000.0,167371000.0,1.59,405611000.0,0.9222959452822295,2786720000.0,-21314000.0,751562000.0,507880000.0,2808034000.0,25111000.0,-288922000.0,3944560840.0,5638443840.0,-0.2698452890385638,1.4798023155076003,0.8288145202962622,-108.36417378249038,0.06513984001169988,-0.2698452890385638,-5.994276062681806,8.969314117839668,7.718572110643227,-185.06900816364828,0.0,1.3608777029986858,0.0,0.1578142045128323,1.3905056312514767,0.045846730206120456,19.72260697393026,0.9222959452822295,3.789473684210527,6.758631779484388,0.27858123759084397,-1.057823021269814,1.5838716253232936,3.846493182425809,9.854671463337214,5.157321620156892,0.22743777693552997,-1.0864516340700416,Leisure,Consumer Cyclical,SEAS
2021Q1,2021,Q1,2021-05-07,2021-03-31,-44884000.0,171920000.0,-18902000.0,-0.57,156978000.0,0.9130874825500233,2573367000.0,-145792000.0,532303000.0,371344000.0,2719159000.0,28850000.0,-416684000.0,3897008860.0,5779214860.0,-1.8582171352825716,1.4334498470420958,0.8987342264045509,-15.863511029411764,-0.007407202912768142,-1.8582171352825716,0.3078632572431958,22.667571312238252,-21.706002473041618,-26.729922492317822,0.0,0.5179202772963605,0.0,0.06680741612059221,1.3021484122538671,-0.017441740723340277,1259.1304878836834,0.9130874825500233,0.017241379310344845,0.4294546752356171,-0.16601280969328552,-1.3883865263056319,0.11396698789366866,0.014318341531974702,0.19128909425405383,0.21522870725507073,-0.1301388301112669,-1.6728678879005001,Leisure,Consumer Cyclical,SEAS
2020Q4,2020,Q4,2021-02-26,2020-12-31,-45536000.0,154075000.0,-23373000.0,-0.58,140918000.0,0.914606522797339,2566358000.0,-105803000.0,507437000.0,317121000.0,2672161000.0,30700000.0,-371800000.0,2473876080.0,4356510080.0,-1.3510445397895596,1.6001368562788336,0.9026577741686858,-21.894870655841515,-0.00823405806183824,-1.3510445397895596,0.43038477169834505,16.05631075774785,-13.581979532677442,-23.381908641531904,0.0,0.42856677524429965,0.0,0.06003644074599101,1.4641698279205728,-0.0177434325218851,-53.15591061452514,0.914606522797339,0.4257425742574258,-3.4903031031292735,-0.37447206022852847,-1.2282346566245308,0.4554787799915306,0.42531897976955213,0.6070840197693574,-1.4493609845095636,-0.3619429261864043,-1.4046798233480828,Leisure,Consumer Cyclical,SEAS
2020Q3,2020,Q3,2020-11-06,2020-09-30,-79237000.0,106117000.0,-59486000.0,-1.01,96819000.0,0.9123797318054601,2650181000.0,-66521000.0,562768000.0,351281000.0,2716702000.0,34180000.0,-326264000.0,1541196880.0,3372728880.0,-0.8511528520613149,1.6020450864123024,0.8753922845269814,-34.875422798815414,-0.022616451462268157,-0.8511528520613149,1.1911576795297725,14.523562482919797,-4.862617464063505,-23.16857653973933,0.0,0.27203042715038034,0.0,0.04004141603913091,1.4631278093605973,-0.029898712578499357,-25.125888586380608,0.9123797318054601,0.3988095238095238,-1.8902277404346752,-0.7650045674714906,-1.1353866751636945,4.738102293605168,0.39527127582443583,0.4123678751358293,-2.5845457411620734,-0.7331886217265986,-1.2444336978608035,Leisure,Consumer Cyclical,SEAS
2020Q2,2020,Q2,2020-08-10,2020-06-30,-131029000.0,18026000.0,-101230000.0,-1.68,16873000.0,0.936036835681793,2577398000.0,9121000.0,459328000.0,366938000.0,2568277000.0,35824000.0,-247027000.0,1157373805.3,2929704805.3,0.11671424511373464,1.251786405332781,0.8334040765143761,235.5020282863721,-0.047181352824662404,0.11671424511373464,-14.365639732485473,64.20580302341062,-2.208239789092491,126.89110901216974,0.0,0.03218512728896829,0.0,0.006993875218340357,1.1018155655723856,-0.05083770531365354,-36.15776204504983,0.936036835681793,-1.3333333333333333,-25.876208306108442,-0.949235855191611,-0.9792620404334889,-0.8798707077610941,-1.31831773385941,-0.7582589363254246,0.1824482202745085,-0.9470813958929374,-0.958167890236015,Leisure,Consumer Cyclical,SEAS
2020Q1,2020,Q1,2020-05-08,2020-03-31,-56519000.0,153561000.0,-57574000.0,-0.72,140457000.0,0.914665833121691,2438394000.0,136114000.0,293721000.0,326749000.0,2302280000.0,34627000.0,-115998000.0,861907260.0,2602545260.0,1.7402989272883025,0.8989193539995531,0.7928981124461428,14.204255256623124,-0.019311081982870158,1.7402989272883025,-0.4152328195483198,5.6128005157559535,-3.8124668695482935,6.332245470708377,0.0,0.37843301469951196,0.0,0.06297628685109953,0.7226280723123866,-0.023178780787682384,-9.575045103092783,0.914665833121691,-1.3225806451612903,-0.42704272794046205,-0.21227164455032713,-0.7006979108757844,-0.49131899174272053,-1.3371376586858537,-9.885611646814143,-0.009226803806923676,-0.10055042790026525,-0.633907681816227,Leisure,Consumer Cyclical,SEAS
2019Q4,2019,Q4,2020-02-27,2019-12-31,-24183000.0,298011000.0,-5289000.0,-0.31,276120000.0,0.9265429799571157,2300518000.0,210892000.0,169149000.0,402660000.0,2089626000.0,33163000.0,-59479000.0,2481022110.0,4117435110.0,2.6954154471440805,0.42007897481746387,0.7286876260042303,7.948898014149423,-0.002482807837226217,2.6954154471440805,-0.11467006809172467,8.325270241702487,-25.648411177273292,11.764420224569921,0.0,0.660103126978862,0.0,0.12954082515329157,0.3044379873838971,-0.010511980345296146,-326.27855207785376,0.9265429799571157,-1.25,-0.05369697019632756,0.24902447603597655,-0.5965353271004259,-0.3664400456148482,-1.246694821887624,-1.0344497420665937,-1.2155092949571846,0.2146295840145746,-0.5012883857159023,Leisure,Consumer Cyclical,SEAS
2019Q3,2019,Q3,2019-11-07,2019-09-30,98028000.0,473666000.0,153528000.0,1.24,435823000.0,0.9201061507475732,2270810000.0,231703000.0,151041000.0,343595000.0,2039107000.0,34785000.0,-35296000.0,2057276480.0,3686740480.0,2.964318612148815,0.43959021522431935,0.7399918971644479,7.2523057534861435,0.055790852575497,2.964318612148815,0.42307609310194516,4.343306211549911,5.246655241359612,8.878937605469071,0.0,1.087911456087394,0.0,0.20858900568519603,0.29589487623510236,0.04316873714665692,19.379930102209034,0.9201061507475732,0.9375,0.247500293829277,0.05979864696290029,-0.5854800167508962,0.1653457616060494,0.8618449792026742,0.5948641236599351,0.6291972741518604,0.06496945353036963,-0.4486302605640639,Leisure,Consumer Cyclical,SEAS
2019Q2,2019,Q2,2019-08-07,2019-06-30,52651000.0,405992000.0,96264000.0,0.64,373986000.0,0.9211659343041242,2296134000.0,131548000.0,168321000.0,496260000.0,2164586000.0,43219000.0,-133324000.0,2515707200.0,4252515200.0,1.6136898920510305,0.339179059364043,0.7753942060872754,13.534291665399701,0.03327963460342312,1.6136898920510305,0.40024173685650866,6.1964452501527125,11.94520142067577,19.12387265484842,0.0,0.7405539230431061,0.0,0.17681546460267564,0.21537702011042598,0.022930281943475423,38.764614697135464,0.9211659343041242,2.4545454545454546,0.5028633062949242,0.06792611147979176,-0.747582757018874,0.8390161387083133,2.4222312263641275,4.075232405839696,2.0979614792490633,0.14364787660506587,-0.6542151049462419,Leisure,Consumer Cyclical,SEAS
2019Q1,2019,Q1,2019-05-08,2019-03-31,-37020000.0,220575000.0,-31303000.0,-0.44,203362000.0,0.9219630511164003,2306194000.0,226420000.0,172843000.0,424736000.0,2079774000.0,42724000.0,-185975000.0,2028836360.0,3681420360.0,2.7163663411473955,0.40694219468093124,0.7390722549794163,7.527797897712216,-0.010775542764938615,2.7163663411473955,-0.1635014574684215,9.197943375269183,-13.70094786601837,8.960499779171451,-0.0015667206915180984,0.4028883063383578,2.8587815727040697e-05,0.09564459884987993,0.26028403525954946,-0.01605242230272041,-197.9545672748561,0.9219630511164003,-2.3846153846153846,0.20560496044623106,0.10211333329595221,-0.591142266568813,-0.21310498537355477,-2.349316927530987,-3.878701489792165,0.5570590841982176,0.00716367322083835,-0.43225144824027983,Leisure,Consumer Cyclical,SEAS
2018Q4,2018,Q4,2019-03-01,2018-12-31,-11053000.0,280028000.0,10874000.0,-0.13,258436000.0,0.9228934249432199,2115602000.0,265194000.0,146567000.0,310671000.0,1850408000.0,35814000.0,-148955000.0,1887745130.0,3393856130.0,3.10324490679523,0.47177560828014203,0.7280121686404154,5.8077633732286555,0.003667152930717191,3.10324490679523,-0.041678921845893946,6.741272765580585,-42.69757373563738,7.118355354947699,0.0,0.6028927235159435,0.0,0.13236327059626526,0.2963038069211481,-0.005224517655022069,-152.0535747080145,0.9228934249432199,-1.1181818181818182,0.1427484977208913,0.0786610770847879,-0.5752970443411584,-0.4219895194279746,-1.1151498103929658,-0.9283332234890924,0.0011928972680450448,0.04182954099255911,-0.47576263042034556,Leisure,Consumer Cyclical,SEAS
2018Q3,2018,Q3,2018-11-06,2018-09-30,95988000.0,483175000.0,151730000.0,1.1,447113000.0,0.9253645159621255,2211977000.0,373336000.0,241621000.0,298882000.0,1838641000.0,34782000.0,-137902000.0,2598480000.0,3985807000.0,4.310242911240418,0.8084160304066488,0.6840016871784833,4.052638909722074,0.058364199712689024,4.310242911240418,0.25710887779373004,5.377927252030838,6.76772096512064,6.960164570253069,0.00021877734716839605,1.0368006440112703,8.08164773252055e-06,0.21843581556227754,0.6441036930962721,0.04339466459190127,26.75039634334658,0.9253645159621255,3.230769230769231,-0.17382044822773357,-0.07153266151791238,-0.47038564066512384,0.24190466138180444,3.229105168083888,1.7482340155768883,-0.026932139335739878,-0.03454508094936621,-0.3144011025898718,Leisure,Consumer Cyclical,SEAS
2018Q2,2018,Q2,2018-08-07,2018-06-30,22697000.0,391921000.0,55210000.0,0.26,360022000.0,0.9186085971407503,2163494000.0,269681000.0,163096000.0,368004000.0,1893813000.0,39769000.0,-233890000.0,1885226180.0,3369547180.0,3.1213439970370027,0.44319083488222955,0.7015378827027022,5.62803089576203,0.020208520151411283,3.1213439970370027,0.08416239927914833,4.810219865738248,20.765147156011807,6.990578424138149,0.000748997664889633,0.8021071689003998,9.017485636657135e-06,0.18115187747227401,0.28806752100520644,0.01049090036764604,34.30990190547254,0.9186085971407503,1.356164383561644,2.461833085339585,-0.0269919002404885,-0.5599728188387781,0.7990755315693476,1.3611641525046145,1.8346561446475276,2.897580468695094,-0.0016884021972450622,-0.44539498549943174,Leisure,Consumer Cyclical,SEAS
2018Q1,2018,Q1,2018-05-09,2018-03-31,-62844000.0,217166000.0,-66147000.0,-0.73,200115000.0,0.9214840260445926,2158233000.0,238078000.0,153362000.0,388653000.0,1920155000.0,37648000.0,-256587000.0,1278479470.0,2816682470.0,2.7616374160470483,0.39459878091768236,0.7309433226162328,6.626172934920488,-0.026584525166923424,2.7616374160470483,-0.2639639109871555,5.887106959652984,-5.085924949080263,5.370002562185503,-0.0045668639806505,0.4529058648533787,0.00022448541938651544,0.100622129306706,0.24642547465219616,-0.02911826480273446,-50.12662105469516,0.9214840260445926,-2.0416666666666665,-0.6749935344373236,-0.02095272274960532,-0.3755066028815893,-0.18361394075627338,-2.0744092754757597,-5.076336579092413,-0.43956959189266387,0.010680103717279581,-0.5250449017316715,Leisure,Consumer Cyclical,SEAS
2017Q4,2017,Q4,2018-02-28,2017-12-31,-20441000.0,265505000.0,-10886000.0,-0.24,245123000.0,0.9232330841227095,2085782000.0,287466000.0,118775000.0,253470000.0,1798316000.0,30887000.0,-194837000.0,1168444850.0,2677582850.0,3.3385517681900008,0.4685958890598493,0.7394425687823559,5.365211885927379,-0.003921654694354398,3.3385517681900008,-0.07110753967425713,4.400839343891829,-14.290456068685485,4.064636687469126,-0.0004402915708624823,0.6598892738045132,7.702545824049804e-06,0.1272927851520437,0.2823923935771492,-0.009800161282435077,-41.432745292720114,0.9232330841227095,-1.375,-1.4951018058567411,0.08355465687483761,-0.31365868577339173,-0.39583805739862565,-1.3714249373114802,-1.1000349194096781,0.19069222046348905,0.0111541759233046,-0.500267130049184,Leisure,Consumer Cyclical,SEAS
2017Q3,2017,Q3,2017-11-08,2017-09-30,55034000.0,437712000.0,108822000.0,0.64,405724000.0,0.9269199839163651,2122079000.0,299506000.0,147532000.0,257803000.0,1822573000.0,32300000.0,-174396000.0,1117295880.0,2596994880.0,3.48214202669395,0.5722664204838578,0.7219528584939581,5.115226406148792,0.03683523927247202,3.48214202669395,0.18374924041588483,2.552582245860292,5.075480066867755,3.730462428131657,0.0005996293200566923,0.9903405572755418,2.9535596246895672e-05,0.20626564798011762,0.3945648421469106,0.025934001514552475,17.731196419786393,0.9269199839163651,1.3121951219512196,-0.35861244913354573,-0.09885511619792525,-0.2975098827934458,0.17707266550426617,1.3129599090133637,1.4889469995147464,-0.36354262423654515,-0.11000548182580731,-0.5130693952193444,Leisure,Consumer Cyclical,SEAS
2017Q2,2017,Q2,2017-08-09,2017-06-30,-175850000.0,373750000.0,-222564000.0,-2.05,344689000.0,0.9222448160535117,2173841000.0,239234000.0,143816000.0,369560000.0,1934607000.0,38211000.0,-229440000.0,1395071150.0,2938061150.0,2.790063560557467,0.3891546704188765,0.7253630785324225,6.591136711337017,-0.08897213053209857,2.790063560557467,-0.7350543819022379,3.732631839464883,-1.9833254904748363,5.831408370047735,-0.007915837361387547,0.7605401585930753,0.0009977985710621282,0.17193069778332454,0.23874878233575061,-0.08089368081658226,38.44336162473477,0.9222448160535117,-1.847222222222222,-5.848222502137825,-0.053477520301555566,0.0,1.005474940945111,-1.8767033650149683,-1.9004235355444061,-5.772111646690649,-0.06532570925435845,-0.5635715665276358,Leisure,Consumer Cyclical,SEAS
2017Q1,2017,Q1,2017-05-09,2017-03-31,-61129000.0,186357000.0,-76735000.0,-0.72,171874000.0,0.92228357400044,2372981000.0,405839000.0,136058000.0,367849000.0,1967142000.0,33479000.0,-53590000.0,1559764710.0,3135902710.0,4.753716046056716,0.3698745952823033,0.678199699028353,3.9655010977259457,-0.022614237792490353,4.753716046056716,-0.15062376952436804,8.369767220979089,-6.378988327962178,3.843309070838436,-0.0017994732451046148,0.4325995400101556,7.05234573488972e-05,0.07853286646627175,0.20241729622752813,-0.025760425388993844,-30.48737729911456,0.92228357400044,-4.142857142857142,-0.467137254224311,-0.04976153264584643,0.0,-0.30897146211432847,-4.134733305333893,-5.650056330704567,-0.28071738060692775,-0.09087922564014504,-0.2844876854330196,Leisure,Consumer Cyclical,SEAS
2016Q4,2016,Q4,2017-03-01,2016-12-31,-11905000.0,267597000.0,-11539000.0,-0.14,248722000.0,0.9294648295758173,2378771000.0,461215000.0,153692000.0,263612000.0,1917556000.0,28684000.0,7518000.0,1615391550.0,3129215550.0,5.404757719575789,0.5830235345887137,0.6653780460582376,3.4317660960723306,-0.0022417423197706532,5.404757719575789,-0.02581225675661026,6.036657922174015,-33.92254409911802,3.502469672495474,-0.7181856362872743,0.6580323525310278,0.005292834421475091,0.11249380457387449,0.4009073942005675,-0.005004685192479646,-464.0596236713588,0.9294648295758173,-1.1818181818181819,0.5817353380704257,0.15062126899309167,-0.42710498631309957,-0.4466253137069932,-1.1813266316350621,-1.075595678749484,0.07534880678720234,0.03225082646142543,-0.26031729783960517,Leisure,Consumer Cyclical,SEAS
2016Q3,2016,Q3,2016-11-09,2016-09-30,65655000.0,485318000.0,152641000.0,0.77,449464000.0,0.9261226659633477,2379816000.0,458543000.0,150500000.0,234949000.0,1921273000.0,33415000.0,19415000.0,1149709200.0,2651007200.0,5.376280923906672,0.6405645480508536,0.6542963825774766,3.3957665911375816,0.03617732485097948,5.376280923906672,0.143181773574125,2.368981162866409,4.377843271647247,2.507309456256011,0.2737796055136699,1.0729911716295077,0.015634388243566288,0.20393089213619878,0.44770141605199426,0.027588267328230418,10.009482683568107,0.9261226659633477,2.666666666666667,-0.2283538669301168,0.007612390462749419,0.0846152131124736,0.31336584624645336,2.695126069338136,3.0115900131406046,-0.4261144178254026,-0.05291581617026515,-0.33939788644076085,Leisure,Consumer Cyclical,SEAS
2016Q2,2016,Q2,2016-08-05,2016-06-30,17768000.0,371136000.0,38050000.0,0.21,342223000.0,0.9220959432660804,2419374000.0,397728000.0,145318000.0,392378000.0,2021646000.0,42034000.0,-37610000.0,1221288580.0,2817041580.0,4.666744890057025,0.37035205847422636,0.6716559738180207,4.085674129053021,0.014312510958886953,4.666744890057025,0.044673746882291414,3.290676679168822,17.18382175821702,3.0706628147879957,1.1879221071589374,0.6878479326259694,0.017282565599688157,0.15340166505881273,0.22261696629270755,0.007344048501802532,50.61706647877984,0.9220959432660804,1.21,-0.5071492579551629,-0.05437376366799826,0.0,0.6838368431411139,1.2114004925698105,1.3182316190922245,2.1601241967975255,-0.0659123849185821,-0.34211205137285444,Leisure,Consumer Cyclical,SEAS
2016Q1,2016,Q1,2016-05-06,2016-03-31,-84049000.0,220241000.0,-119567000.0,-1.0,203240000.0,0.9228072883795478,2416825000.0,401052000.0,143587000.0,393286000.0,2015773000.0,38664000.0,-55369000.0,1765333440.0,3361707440.0,4.784453139912197,0.36509563015210306,0.6776932545798724,4.0839242791458465,-0.03678069060907674,4.784453139912197,-0.20957132740891454,8.015462334442724,-5.25090554319504,4.401756979144849,-0.2102820973479756,0.43971135940409684,0.010011706343703545,0.09112823642588934,0.2187288639819368,-0.034776618083642796,-113.05369452449568,0.9228072883795478,-6.692307692307692,-1.0545095581131094,0.143766122462979,0.0,-0.1799912043929619,-6.621418208197316,-16.142222222222223,-1.303913088592248,0.021161020053799964,0.08191588705166647,Leisure,Consumer Cyclical,SEAS
2015Q4,2015,Q4,2016-02-26,2015-12-31,-11028000.0,267857000.0,-6975000.0,-0.13,247851000.0,0.9253108934991432,2391134000.0,504120000.0,109057000.0,229314000.0,1887014000.0,31213000.0,46460000.0,1676839780.0,3238611780.0,5.9195415795777455,0.47557933663012286,0.6610850751149873,3.1356482583511864,-0.001693036640459928,5.9195415795777455,-0.021875743870507024,6.260205184109432,-38.01323404062387,3.326271086249306,-1.627493652520856,0.6409508858488451,0.01070346744755781,0.11202090723480992,0.25514796305502496,-0.004612037635699212,-49.40745985444474,0.9253108934991432,-1.1140350877192984,0.6117603631146672,0.15407889339809205,-0.37253878338166385,-0.46117005087177704,-1.1125880551301686,-1.040822895938195,-0.36102282524888907,0.1052579265048281,0.21694262346248053,Leisure,Consumer Cyclical,SEAS
2015Q3,2015,Q3,2015-11-06,2015-09-30,97950000.0,496939000.0,170860000.0,1.14,459980000.0,0.9256266865752134,2475398000.0,540705000.0,225798000.0,248798000.0,1934693000.0,32267000.0,57472000.0,1531766860.0,3010274860.0,6.286828825895868,0.9075555269736895,0.6456169876520866,2.955694879832811,0.05022202480985887,6.286828825895868,0.18115238438705025,3.082404198503237,3.9095631955079115,2.832906779112455,0.1848698315467075,1.145411720953296,0.01182164236142307,0.2007511519359715,0.6759901606926101,0.039569394497369716,14.694193950672947,0.9256266865752134,15.285714285714281,0.14162687366221158,0.023150560350087866,0.268309875043847,0.27593591194549855,15.86176622482355,2.7346448087431696,0.14162687366221158,0.023150560350087866,0.268309875043847,Leisure,Consumer Cyclical,SEAS
2015Q2,2015,Q2,2015-08-07,2015-06-30,5809000.0,391616000.0,45750000.0,0.07,360504000.0,0.9205548292204608,2435803000.0,485059000.0,175604000.0,330573000.0,1950744000.0,38749000.0,-22367000.0,1589269840.0,3137553840.0,5.628048638990091,0.5312109579427237,0.6573663797934398,3.301072653017468,0.013464309518013046,5.628048638990091,0.011975862730100874,4.058235210001635,68.39687725942504,3.2764464529057293,3.1268720950249613,0.8029110428656223,0.011429147865789737,0.16077490667348715,0.3298061245171263,0.0023848398248955275,25.825408927671884,0.9205548292204608,1.1372549019607845,-0.8406641041772166,-0.013306565674287448,0.0,0.8144134803637846,1.1332400568833432,1.9113727365086954,-0.8406641041772166,-0.013306565674287448,0.0,Leisure,Consumer Cyclical,SEAS
2015Q1,2015,Q1,2015-05-08,2015-03-31,-43598000.0,214592000.0,-50199000.0,-0.51,198689000.0,0.9258919251416642,2443863000.0,500613000.0,150411000.0,328659000.0,1943250000.0,37877000.0,-28176000.0,1659950160.0,3247066160.0,5.814523154116868,0.45765063485253715,0.667175287649103,3.2569769462638805,-0.014538507235001627,5.814523154116868,-0.08708922860572937,7.735377646883388,-9.518499472452866,3.3158351061598483,-0.4151107848983898,0.4198590173456187,0.010902736983380271,0.08780852281817761,0.24913055781220048,-0.017839788891603172,-554.981664994985,0.9258919251416642,-0.7586206896551726,-0.037582276154973664,0.08500801950502661,0.0,-0.1861777728626256,-0.7133537687652284,-1.231364181890919,-0.037582276154973664,0.08500801950502661,0.0,Leisure,Consumer Cyclical,SEAS
2014Q4,2014,Q4,2015-02-27,2014-12-31,-25446000.0,264537000.0,-22497000.0,-0.29,244143000.0,0.9229068145476814,2442474000.0,579535000.0,142204000.0,221085000.0,1862939000.0,33134000.0,33516000.0,1552789199.9999998,3112336200.0,6.680672753262323,0.643209625257254,0.6564872338456827,2.766792342136368,-0.006121438044667631,6.680672753262323,-0.043907615588359636,5.86983748965173,-15.255729780712095,2.6793708749255867,-0.726008016977128,0.6155006941510232,0.011897300676743501,0.10830698709587083,0.36595879412895493,-0.01041812522876395,-38.58915977037202,0.9229068145476814,-1.29,0.12055432209847111,0.1189361458719288,-0.29186018930034074,-0.4664882051506179,-1.2918922639258512,-1.1389432727048143,0.12055432209847111,0.1189361458719288,-0.29186018930034074,Leisure,Consumer Cyclical,SEAS
2014Q3,2014,Q3,2014-11-13,2014-09-30,87176000.0,495834000.0,161915000.0,1.0,457615000.0,0.9229197675028336,2531417000.0,620117000.0,221770000.0,248352000.0,1911300000.0,36766000.0,58962000.0,1667529450.0,3158756450.0,7.151207980164908,0.8929664347377915,0.6345927992108767,2.590509532878473,0.04507184134425294,7.151207980164908,0.14057992282101603,3.3630800832536694,4.782077205882353,2.689056178108325,0.2091401303110948,1.039520208888647,0.010933540034330428,0.19587211431384083,0.6395076343254735,0.034437629201352446,15.79578518111549,0.9229197675028336,1.3255813953488373,0.007746276955444938,0.012528577873442212,0.4426904168880494,0.2318034993270525,1.334904649667881,1.0091950314566867,0.007746276955444938,0.012528577873442212,0.4426904168880494,Leisure,Consumer Cyclical,SEAS
2014Q2,2014,Q2,2014-08-14,2014-06-30,37336000.0,405151000.0,80587000.0,0.43,371500000.0,0.9169420783855896,2525457000.0,555400000.0,185937000.0,325136000.0,1970057000.0,44308000.0,-4104000.0,2461225410.0,4034708410.0,6.39294634943656,0.5718745386545938,0.6479971743727967,2.9465052214620093,0.02288054688379271,6.39294634943656,0.06722362261433201,6.074834839356191,16.480242996035997,4.431446543032049,0.4745018212984787,0.7594791008395775,0.007198040426536959,0.160426805920671,0.33775404753703064,0.014783858921375419,33.49608603935872,0.9169420783855896,1.7678571428571426,0.01594909362608013,0.012676275650366844,0.0,0.899964199867028,1.7553154902793793,2.3565008079719902,0.01594909362608013,0.012676275650366844,0.0,Leisure,Consumer Cyclical,SEAS
2014Q1,2014,Q1,2014-05-15,2014-03-31,-49431000.0,212290000.0,-59408000.0,-0.56,195530000.0,0.921051391963823,2544501000.0,587411000.0,198121000.0,312410000.0,1957090000.0,41788000.0,-41440000.0,2672785450.0,4250393450.0,6.643793473958039,0.6341698409141833,0.6440744177345578,2.789951158558488,-0.01659816059435982,6.643793473958039,-0.08415062026417619,12.59025601771162,-13.51775935141915,4.550111336015158,-0.3578928202949566,0.4010720781085479,0.0066189375581942045,0.08343089666696928,0.31910310169328765,-0.019426598771232553,-79.03907765554767,0.921051391963823,-2.733333333333334,-0.14555894722771667,0.0452279764734791,0.0,-0.2209680825208872,-2.659657955134375,-118.63960396039604,-0.14555894722771667,0.0452279764734791,0.0,Leisure,Consumer Cyclical,SEAS
2013Q4,2013,Q4,2014-03-21,2013-12-31,-13507000.0,271959000.0,505000.0,-0.15,250991000.0,0.9229001430362666,2582273000.0,654132000.0,243059000.0,252694000.0,1928141000.0,36209000.0,7991000.0,2575576710.0,4099968710.0,7.306859689688683,0.9618708794035473,0.6355768735528737,2.5090241724911793,0.00014543414691936437,7.306859689688683,-0.020648737563672165,9.47045955456521,-47.67114662767454,3.9373959842967476,-1.336418153550011,0.5790825485376564,0.0070085274221943095,0.10531767942429016,0.6266472492421664,-0.00523066306312307,-95.64323628801664,0.9229001430362666,-1.112781954887218,0.5476514116893422,0.11467217026838551,-0.22548545205445086,-0.4959686083615983,-1.1123719831279795,-0.9975437026372365,0.5476514116893422,0.11467217026838551,-0.22548545205445086,Leisure,Consumer Cyclical,SEAS
2013Q3,2013,Q3,2013-11-14,2013-09-30,120199000.0,538389000.0,205594000.0,1.33,497967000.0,0.9249204571415836,2658136000.0,729287000.0,316392000.0,271796000.0,1928849000.0,37886000.0,39265000.0,2655144300.0,4088167300.0,8.138455529516795,1.1640789415591104,0.6183050829603903,2.2536244304368513,0.05642084435681442,8.138455529516795,0.16481714331943392,4.931646634682358,5.522392657176848,3.640739928176424,0.14925248962137788,1.0669376550704746,0.0067566949186151585,0.20254381265668875,0.967714756655727,0.045219281481459185,18.863051740918877,0.9249204571415836,8.38888888888889,0.3445992668885688,0.06391005959814046,0.6418585270166735,0.31626568125227983,8.581619780497036,5.636346029696578,0.3445992668885688,0.06391005959814046,0.6418585270166735,Leisure,Consumer Cyclical,SEAS
2013Q2,2013,Q2,2013-08-14,2013-06-30,-15854000.0,411292000.0,30980000.0,-0.18,378318000.0,0.9198282485436138,2632947000.0,625805000.0,222563000.0,354506000.0,2007142000.0,46151000.0,-62862000.0,3212163019.9999995,4767106020.0,7.093525424497291,0.6278116590410318,0.6262484584763764,2.634812761163621,0.008897442871694302,7.093525424497291,-0.02533377010410591,7.809933137527595,-50.65224895925318,5.132849721558632,0.0,0.7144807263114559,0.0,0.15620975279791047,0.43398137126028896,-0.006021389720339984,179.9430295221556,0.9198282485436138,0.5864056120162956,-1.424825844858103,0.012352825435522023,0.0,0.7292007569178451,0.607185332011893,1.8636021520363504,-1.424825844858103,0.012352825435522023,0.0,Leisure,Consumer Cyclical,SEAS
2013Q1,2013,Q1,2013-03-31,2013-03-31,-40360000.0,238610000.0,-35873000.0,-0.435209,218782000.0,0.9169020577511421,2571645000.0,410102000.0,177341000.0,340130000.0,2161543000.0,42484000.0,-47008000.0,3108544508.1600003,4902127508.16,4.422204348020371,0.5213918207744098,0.7205310219723173,4.518266187436296,-0.009933401603698393,4.422204348020371,-0.09841454077278336,13.02772100146683,-19.2551072111001,7.579930134844504,-0.0045589692765113975,0.4667168816495622,5.9191689074097474e-05,0.09278496837627277,0.29959427277805545,-0.015694234624141358,-381.6506455690608,0.9169020577511421,-3.5741707375838163,0.10825214358738275,0.1200644168759199,0.0,-0.10233338667257501,-3.5868848732810545,-18.081382978723404,0.10825214358738275,0.1200644168759199,0.0,Leisure,Consumer Cyclical,SEAS
2012Q4,2012,Q4,2012-12-31,2012-12-31,-8799000.0,263173000.0,-1880000.0,-0.09514489619377163,243723000.0,0.9260942421904983,2521052000.0,449848000.0,158633000.0,246281000.0,2071204000.0,36587000.0,-6648000.0,3099929600.0000005,4881228600.0,4.864273356401384,0.6441138374458444,0.7246871544101431,4.061314043854813,-0.0002633360926792846,4.864273356401384,-0.019559940246483255,11.779056362164814,-88.07619047619048,6.891060091408654,-4.5229003295829076,0.5316095881050646,0.01283803348308297,0.10439015141298157,0.3525403908543493,-0.0034902096426412464,-86.33939393939396,0.9260942421904983,-1.0964804754149406,0.7147442131880957,0.044171560069830175,-0.48439539833598294,-0.4909764935620973,-1.0953748767031228,-1.0102250600994225,0.7147442131880957,0.044171560069830175,-0.48439539833598294,Leisure,Consumer Cyclical,SEAS
2012Q3,2012,Q3,2012-09-30,2012-09-30,92257000.0,522255000.0,183862000.0,0.986157,478805000.0,0.9168030942738701,2611240000.0,458410000.0,252979000.0,304273000.0,2152830000.0,36646000.0,2151000.0,3099929600.0000005,4784751600.0,4.95685553633218,0.8314211251080444,0.6999222591565692,3.9869658166270368,0.048008770547229455,4.95685553633218,0.2012543356384023,5.935662846693666,8.400255807147426,6.762351606640345,7.587500135491073e-05,1.1856682857610654,2.258115797210362e-06,0.200002680718739,0.6405333368389571,0.03533072410042738,25.322291474362643,0.9168030942738701,1.3583076455831813,0.0,0.0,0.0,0.23110487165840024,1.3583077709611453,0.975184238231313,0.0,0.0,0.0,Leisure,Consumer Cyclical,SEAS
2012Q2,2012,Q2,2012-06-30,2012-06-30,39120000.0,425882000.0,93086000.0,0.418163,388923000.0,0.9132177457605628,,,,,,,,3099929600.0000005,,,0.0,0.0,0.0,0.0,,0.0,7.278846253187504,19.81038854805726,0.0,0.1441717791411043,0.0,0.001819396156609492,0.0,0.0,0.0,34.279122434536454,0.9132177457605628,1.8568194065662516,0.0,0.0,0.0,1.007427403454078,1.8667523374839368,2.9280846744961577,0.0,0.0,0.0,Leisure,Consumer Cyclical,SEAS
2012Q1,2012,Q1,2012-03-31,2012-03-31,-45134000.0,212442000.0,-48279000.0,-0.488041,193742000.0,0.9119759746189549,,,,,,,,3099929600.0000005,,,0.0,0.0,0.0,0.0,,0.0,14.591886726730122,-17.170700580493644,0.0,-10.137523817964285,0.0,0.14759915838088708,0.0,0.0,0.0,-47.56025100108931,0.9119759746189549,-0.46320533229592165,0.0,0.0,0.0,-0.15499088442851036,-0.46320430525838036,-0.8581710414902625,0.0,0.0,0.0,Leisure,Consumer Cyclical,SEAS
2011Q4,2011,Q4,2011-12-31,2011-12-31,-30846000.0,252040000.0,-25982000.0,-0.3335423875432526,229278000.0,0.9096889382637676,2547095000.0,872467000.0,166855000.0,280236000.0,1674628000.0,32431000.0,-84092000.0,3099929600.0000005,4451153600.0,9.434115484429066,0.5954088696669949,0.5566682828869751,1.6251468536918874,-0.006711549260622768,9.434115484429066,-0.03535491886799157,12.299355657832091,-25.124243013680868,3.5530622934735643,-0.1245542371782403,0.701859332120502,0.0012393829846974588,0.0989519432922604,0.4019576357070469,-0.012110266794132138,-47.465580547857115,0.9096889382637676,0.0,0.0,0.0,0.0,0.0,0.0,0.0,0.0,0.0,0.0,Leisure,Consumer Cyclical,SEAS
