Quarters,Year,Quarter,FillingDate,Date,NetIncome,Revenue,OperatingIncome,EPSDiluted,GrossProfit,GrossProfitRatio,TotalAssets,CommonStockEquity,CurrentAssets,CurrentLiability,TotalLiability,Inventory,RetainedEarnings,MarketCap,EnterpriseValue,bookValuePerShare,currentRatio,debtToAssets,debtToEquity,roic,shareholdersEquityPerShare,roe,priceToSalesRatio,peRatio,pbRatio,payoutRatio,inventoryTurnover,dividendYield,assetTurnover,quickRatio,returnOnAssets,priceToFreeCashFlowsRatio,grossProfitMargin,epsdilutedGrowth,fiveYNetIncomeGrowthPerShare,fiveYRevenueGrowthPerShare,fiveYShareholdersEquityGrowthPerShare,grossProfitGrowth,netIncomeGrowth,operatingIncomeGrowth,threeYNetIncomeGrowthPerShare,threeYRevenueGrowthPerShare,threeYShareholdersEquityGrowthPerShare,Industry,Sector,Symbol
2023Q1,2023,Q1,2023-05-08,2023-03-31,-19083000.0,80430000.0,-17283000.0,-1.77,14061000.0,0.1748228273,681669000.0,79652000.0,167701000.0,192120000.0,602017000.0,6539000.0,36816000.0,210182943.45,453134943.45,7.370871178081791,0.8728971476160733,0.3736784275066051,3.1979736855320646,-0.04492408071064629,7.370871178081791,-0.2395796715713353,2.613240624766878,-2.7535364388460932,2.638765422713805,0.0,10.149717082122649,0.0,0.11798981617177838,0.22550489277534874,-0.027994525202114224,-5.655704422409386,0.17482282730324505,-0.41600000000000004,-5.994730466953245,-0.17730735912947915,0.1932221890284799,-0.17336860670194004,-0.4193380438824842,-0.3294615384615385,-7.612650878008754,-0.059529598380249196,-0.17969104993734086,Software—Infrastructure,Technology,TCX
2022Q4,2022,Q4,2023-03-15,2022-12-31,-13445000.0,78909000.0,-13000000.0,-1.25,17010000.0,0.2155647645,664747000.0,96657000.0,169920000.0,188189000.0,568090000.0,7284000.0,55899000.0,365293977.6,597807977.6,8.975251827420218,0.9029220623947202,0.38512396445565006,2.6486441747623037,-0.032709322365760275,8.975251827420218,-0.13910011690824256,4.629306892749876,-6.792375931573075,3.7792811446661907,0.0,8.497940691927512,0.0,0.11870531194574778,0.2631928539925288,-0.020225740018382933,-10.60175231019271,0.2155647644755351,-0.6891891891891893,-2.180387458289187,-0.14384004472377251,0.5783964795967669,-0.05431700672708067,-0.6846259867184563,-0.3790177150737244,-3.292995773667444,-0.09526611588134895,0.011183692172576429,Software—Infrastructure,Technology,TCX
2022Q3,2022,Q3,2022-11-03,2022-09-30,-7981000.0,78050000.0,-9427000.0,-0.74,17987000.0,0.2304548366,645467000.0,105551000.0,172274000.0,185949000.0,539916000.0,5888000.0,69344000.0,403255408.67999995,629008408.68,9.79196515410765,0.9264583299721967,0.397013325235837,2.4278216217752555,-0.022024238406739876,9.79196515410765,-0.07561273697075348,5.166629195131326,-12.631731884475627,3.8204792818637436,0.0,10.200917119565217,0.0,0.12092020196230016,0.2765274349418389,-0.012364690991173832,-8.456828468249308,0.23045483664317745,-1.5517241379310347,-3.274260609354206,-0.10017237698188744,1.1242240960139773,-0.1843740080714642,-1.55392,-1.1473804100227791,-2.871110539024362,-0.12690359610339477,0.1960689763017288,Software—Infrastructure,Technology,TCX
2022Q2,2022,Q2,2022-08-09,2022-06-30,-3125000.0,83084000.0,-4390000.0,-0.29,22053000.0,0.2654301671,594709000.0,113500000.0,153344000.0,423801000.0,481209000.0,4796000.0,77325000.0,479176633.45,715999633.45,10.542845054082008,0.36183019860736526,0.40916313692915357,2.1439030837004407,-0.015378646242973994,10.542845054082008,-0.02753303964757709,5.767375589162775,-38.334130675999994,4.221820559030837,0.0,12.725396163469558,0.0,0.13970530124817349,0.07377047246231132,-0.005254670771755598,-27.020222930528927,0.26543016705984307,-0.035714285714285546,-1.5830591696383345,-0.03527838167604844,1.4597569093972647,0.04033399377299745,-0.0347682119205298,0.027254597828495458,-2.1825357072174736,-0.02223248793689796,0.2914381105290591,Software—Infrastructure,Technology,TCX
2022Q1,2022,Q1,2022-05-05,2022-03-31,-3020000.0,81099000.0,-4513000.0,-0.28,21198000.0,0.2613842341,563379000.0,115012000.0,154247000.0,182844000.0,448367000.0,3558000.0,80450000.0,734549971.4,951214971.4,10.694057458103659,0.84359891492201,0.39558804996281366,1.9377630160331096,-0.019849917099594824,10.694057458103659,-0.026258129586477934,9.057447951269436,-60.807116837748346,6.386724614822802,0.0,16.83558178752108,0.0,0.1439510524886444,0.15928332348887575,-0.005360512195165244,-41.40175692706572,0.26138423408426736,-0.5555555555555558,-2.20227017614563,0.13538812465690575,1.8016627241070056,-0.13748626764861455,-0.5353329944077275,-2.049324324324324,-2.0669263573114307,0.01572761984318938,0.3629943481724097,Software—Infrastructure,Technology,TCX
2021Q4,2021,Q4,2022-03-01,2021-12-31,-1967000.0,82476000.0,-1480000.0,-0.18,24577000.0,0.2979897182,539596000.0,115092000.0,31213000.0,173683000.0,424504000.0,3277000.0,83470000.0,895139680.3799999,1091785680.3799999,10.777101776903356,0.1797124646626325,0.38130564348141943,1.7877089632641712,0.006803877208765162,10.777101776903356,-0.01709067528585827,10.853335277899024,-113.76965942806302,7.7776012266708365,0.0,17.66829417149832,0.0,0.15284768604659782,0.16084475740285462,-0.003645319831874217,-68.37825073561989,0.29798971822105824,-2.3846153846153846,-1.684915079424785,0.6575363022335721,1.9850617468552552,0.36357079449622726,-2.4305454545454546,0.5409429280397022,-1.4414716507913274,-0.040641701836891135,0.4366823933925797,Software—Infrastructure,Technology,TCX
2021Q3,2021,Q3,2021-11-04,2021-09-30,1375000.0,75893000.0,-3224000.0,0.13,18024000.0,0.2374922588,493198000.0,113219000.0,143832000.0,168383000.0,379979000.0,3111000.0,85437000.0,843131445.5500001,1001224445.5500001,10.601715897536067,0.8541954947946051,0.33176939079233897,1.4452344571140887,-0.014180205260022548,10.601715897536067,0.01214460470415743,11.109475782351469,153.2966264636364,7.44690772352697,0.0,18.601414336226295,0.0,0.15387937501774135,0.16053877172873746,0.002787926958341275,-64.84628869020152,0.23749225883810102,-0.23529411764705885,-0.7166890404651397,0.5110960255308326,2.204536685351081,-0.011787926969680356,-0.23907028223574986,-0.5850540806293019,-0.7444295706379737,-0.09707164066158604,0.49138247716228595,Software—Infrastructure,Technology,TCX
2021Q2,2021,Q2,2021-08-05,2021-06-30,1807000.0,75093000.0,-2034000.0,0.17,18239000.0,0.2428854887,483532000.0,110824000.0,146435000.0,170697000.0,372708000.0,2836000.0,84062000.0,854090832.3199999,999171832.3199999,10.42205740087483,0.8578651060065496,0.3150546396102016,1.3746029740850356,-0.007899548969088782,10.42205740087483,0.01630513246228254,11.373774284154315,118.16419926950746,7.706731685555474,0.0,20.04724964739069,0.0,0.1553009935226624,0.15296109480541545,0.003737084619011772,-46.912602016917496,0.24288548866072737,-0.15,-0.559943456206722,0.568346204471536,2.7525829740894374,0.04503523749498654,-0.15914378780828292,-0.7984084880636605,-0.5008816446704806,-0.07708832523648955,0.5945731271553062,Software—Infrastructure,Technology,TCX
2021Q1,2021,Q1,2021-05-06,2021-03-31,2149000.0,70875000.0,-1131000.0,0.2,17453000.0,0.2462504409,464103000.0,107414000.0,142144000.0,172053000.0,356689000.0,2317000.0,82255000.0,822880042.5,948022042.5,10.116401626060824,0.8261640308509587,0.2875482382143619,1.2424078797922058,-0.0029780965060698435,10.116401626060824,0.020006703036848084,11.610300423280423,95.72825063983248,7.660826731152364,0.0,23.056538627535605,0.0,0.15271394496480306,0.14817527157329427,0.0046304376399204485,-68573.336875,0.24625044091710757,0.05263157894736847,-0.5132346404443415,0.5621506124707285,2.6354102809326654,0.0014344732614184072,0.03916827852998066,-0.024456521739130436,-0.42754037796937555,-0.2621711157495286,0.63767817964782,Software—Infrastructure,Technology,TCX
2020Q4,2020,Q4,2021-03-03,2020-12-31,2068000.0,70784000.0,-1104000.0,0.19,17428000.0,0.2462138336,451903000.0,104698000.0,141200000.0,162965000.0,347205000.0,1875000.0,80106000.0,784549759.23,908911759.23,9.860604925292012,0.8664437149081091,0.2935873406461121,1.2671970811285793,-0.001971778984109373,9.860604925292012,0.01975204874973734,11.083716083154386,94.84402311774662,7.493455072971785,0.0,28.456533333333333,0.0,0.1566353841421721,0.1543460252201393,0.004576203300265765,-77.87867373734366,0.24621383363471971,1.714285714285714,-0.3283597536190445,0.5802354897943516,2.997521858314196,-0.12602176420440298,1.888268156424581,-1.8414634146341464,-0.8158523605428527,-0.2210397183453014,0.7340955329215583,Software—Infrastructure,Technology,TCX
2020Q3,2020,Q3,2020-11-05,2020-09-30,716000.0,74311000.0,1312000.0,0.07,19941000.0,0.2683451979,444923000.0,100381000.0,139269000.0,164701000.0,344542000.0,1139000.0,78038000.0,728805665.9000001,843693665.9000001,9.489842386802993,0.8455868513245214,0.2810441357268561,1.245683944172702,0.002549557064290041,9.489842386802993,0.0071328239407856065,9.807507177941355,254.4712520600559,7.260394555742621,0.0,47.734855136084285,0.0,0.16701991131049643,0.15987152476305547,0.0016092672215192291,915.5850074120605,0.26834519788456623,6.0,-0.7646561049107836,0.732164571338049,2.7684114085518785,-0.13171645040494645,3.5605095541401273,-0.14638906961613532,-0.7920801680975269,-0.1269492418578674,1.058682965897337,Software—Infrastructure,Technology,TCX
2020Q2,2020,Q2,2020-08-06,2020-06-30,157000.0,82122000.0,1537000.0,0.01,22966000.0,0.2796570955,442191000.0,97374000.0,141634000.0,165093000.0,344817000.0,965000.0,77322000.0,605722336.24,721146336.24,9.214581246329507,0.8579043327094426,0.28106180360975236,1.2763468687740054,0.0017139252017242422,9.214581246329507,0.0016123400497052602,7.375883883003336,964.5260131210191,6.220575679750241,0.0,61.30155440414508,0.0,0.1857161271939049,0.1071577837945885,0.0003550501932422867,-184.67144397560975,0.2796570955407808,-0.9615384615384615,-0.9281715174023475,1.001675452104335,1.9745035970491385,-0.0868389662027833,-0.9446012702893437,-0.7028228924980665,-0.9701576588222459,-0.02856272904682587,1.1498589585252155,Software—Infrastructure,Technology,TCX
2020Q1,2020,Q1,2020-05-07,2020-03-31,2834000.0,83985000.0,5172000.0,0.26,25150000.0,0.2994582366,437840000.0,95356000.0,136468000.0,162671000.0,342484000.0,2553000.0,77323000.0,512146219.79999995,624026219.8,8.98548184500336,0.8389202746648142,0.28395304220719897,1.3038088846008642,0.016162644271133307,8.98548184500336,0.029720206384495993,6.098067747812109,45.17874204304869,5.370886150845253,0.0,23.045436741088913,0.0,0.1918166453498995,0.1622046953667218,0.006472684085510689,124.0063486198547,0.29945823658986725,-0.5185185185185185,0.050001000282983425,1.1790778953937728,2.2292097757304385,-0.034363601459013245,-0.5095188646590516,-0.480827143143947,0.14337571986590483,0.1915837267134362,1.3540447245502483,Software—Infrastructure,Technology,TCX
2019Q4,2019,Q4,2020-03-04,2019-12-31,5778000.0,85946000.0,9962000.0,0.54,26045000.0,0.3030391176,425918000.0,94194000.0,145675000.0,156908000.0,331724000.0,3457000.0,76208000.0,655623569.4,759570569.4,8.875985537441235,0.9284102786346139,0.29193412816551545,1.3200416162388262,0.02870613776393474,8.875985537441235,0.061341486718899295,7.628319751937263,28.36723647455867,6.960353837824066,0.0,17.327451547584612,0.0,0.20179001591855708,0.2342582914829072,0.013565991575843237,2316.6910579505297,0.30303911758546065,0.38461538461538464,2.2631678418203807,1.3256620957052907,1.7748362736780257,-0.055450786973235654,0.37407847800237815,0.1582374142541565,1.0246334342240144,0.7381915196847214,1.4584870257270013,Software—Infrastructure,Technology,TCX
2019Q3,2019,Q3,2019-11-06,2019-09-30,4205000.0,88129000.0,8601000.0,0.39,27574000.0,0.3128822522,419342000.0,86999000.0,147106000.0,166100000.0,332343000.0,3903000.0,70430000.0,575544996.64,679080996.64,8.186789681966854,0.8856472004816376,0.2754911265744905,1.3278888263083484,0.02313089909651401,8.186789681966854,0.04833388889527466,6.530710624652498,34.21789516290131,6.6155357721353125,0.0,15.51498847040738,0.0,0.21016020336622612,0.16780252859723058,0.010027614691588251,-4393.473256793893,0.3128822521530938,0.6250000000000001,0.6647863678468149,1.4151741067734591,1.7548919749034408,0.12514791692169583,0.6074159021406728,0.49608627587406506,-0.12929868058547164,0.7634035492778782,1.4745869559864082,Software—Infrastructure,Technology,TCX
2019Q2,2019,Q2,2019-08-07,2019-06-30,2616000.0,84117000.0,5749000.0,0.24,24507000.0,0.2913441992,414288000.0,87001000.0,149942000.0,165735000.0,327287000.0,3259000.0,66225000.0,652642273.76,751518273.76,8.163647152834104,0.9047093251274625,0.267637488896613,1.2744566154412018,0.016236234275267457,8.163647152834104,0.03006861990092068,7.758744056017214,62.37024787461774,7.501549105872347,0.0,18.29088677508438,0.0,0.203039914262542,0.1616978912118744,0.006314447920287337,-188.5159658463316,0.29134419915118226,-0.07692307692307698,1.0442288207696822,1.4882741053519297,1.9434852928550757,0.0819389872411814,-0.06538049303322616,0.1433969769291965,-0.36433483551789403,0.7529381750221202,1.9394160993229106,Software—Infrastructure,Technology,TCX
2019Q1,2019,Q1,2019-05-08,2019-03-31,2799000.0,78953000.0,5028000.0,0.26,22651000.0,0.2868922017,405460000.0,83441000.0,146030000.0,191722000.0,322019000.0,3367000.0,63609000.0,845682635.8399999,939171635.8399999,7.846002789698239,0.7616757596937233,0.2577911507916934,1.2526695509401853,0.01737706909823137,7.846002789698239,0.03354466029889383,10.71121598723291,75.53435475526973,10.135097084646636,0.0,16.72171072171072,0.0,0.1947245104325951,0.13667184777959754,0.006903270359591575,-585.652794903047,0.2868922016896128,-0.3658536585365853,5.087218048712706,1.3799492711835226,1.9712802463069743,-0.18321794317034473,-0.3691683569979716,-0.5101802240623478,-0.36702008148644427,0.7374097447669788,1.8195242004248058,Software—Infrastructure,Technology,TCX
2018Q4,2018,Q4,2019-03-05,2018-12-31,4437000.0,85612000.0,10265000.0,0.41,27732000.0,0.3239265524,339575000.0,79776000.0,131926000.0,165347000.0,259799000.0,3775000.0,60810000.0,638728610.52,690692610.52,7.501380838568171,0.7978735628708111,0.19024074210410072,0.809779883674288,0.03260277068530819,7.501380838568171,0.05561823104693141,7.460736935476334,35.98876552400271,8.006525904031287,0.0,15.332450331125829,0.0,0.2521151439299124,0.1505742468868501,0.013066332916145182,367.71940732297065,0.323926552352474,-0.18000000000000005,3.9856853276207582,1.6790277141951078,2.073475912689734,0.14306912328428342,-0.17003367003367004,0.34253204289824746,0.4387303045385085,0.9082054764050629,2.041084608592358,Software—Infrastructure,Technology,TCX
2018Q3,2018,Q3,2018-11-07,2018-09-30,5346000.0,83519000.0,7646000.0,0.5,24261000.0,0.2904847999,337495000.0,75434000.0,134697000.0,167519000.0,262061000.0,3140000.0,56373000.0,590428255.5600001,644068255.5600001,7.1086499002646075,0.80406998609113,0.19086208684573105,0.8539252856801972,0.04352043176867983,7.1086499002646075,0.07086989951480764,7.069388469210599,27.610748950617285,7.82708401463531,0.0,18.871974522292994,0.0,0.24746736988696127,0.15170219497489837,0.015840234670143262,144.07717314787703,0.29048479986589876,0.515151515151515,1.0972238445020197,1.3843046908790417,1.93399367796427,0.09490928784186299,0.4817073170731707,0.33811690584529225,0.7515856393469181,0.9405902204461851,1.822841127563022,Software—Infrastructure,Technology,TCX
2018Q2,2018,Q2,2018-08-08,2018-06-30,3608000.0,81087000.0,5714000.0,0.33,22158000.0,0.2732620519,340282000.0,69263000.0,139942000.0,170675000.0,271019000.0,3248000.0,51027000.0,642721878.1999999,700293878.1999999,6.535954496779724,0.8199326204775157,0.20198835083842226,0.9923480068723561,0.030892565399876972,6.535954496779724,0.05209130415950796,7.926324542775043,44.534498212305984,9.279440367873178,0.0,18.14316502463054,0.0,0.2382935330108557,0.1553361652263073,0.010602970477427545,-410.684906198083,0.27326205187021346,-0.05714285714285704,4.840713932659253,1.4744063773449083,2.180775666087495,-0.020390147153244838,-0.03624550310228512,0.002700306671168348,0.646033603680003,0.97088147398932,1.1098321932496833,Software—Infrastructure,Technology,TCX
2018Q1,2018,Q1,2018-05-09,2018-03-31,3743692.0,95795691.0,5698612.0,0.35,22619209.0,0.2361192739,341360951.0,65409508.0,144547933.0,172221013.0,275951443.0,2898383.0,47418839.0,592968208.0,648797295.0,6.177283028974801,0.8393164717942984,0.21214193594158343,1.1071322077518149,0.031418709863463824,6.177283028974801,0.057234676035172134,6.189925682565409,39.59782268413107,9.065474212097728,0.0,25.247347227747333,0.0,0.28062873248791714,0.1852160107779647,0.010966960307068046,133.11496698773863,0.23611927388257997,-0.6634615384615385,45.55118408437939,2.0421590380334704,2.1116298773309414,-0.1324019689257096,-0.665722475217988,-0.4811163196249724,0.3901230671745747,1.491037553554876,1.2199970005739524,Software—Infrastructure,Technology,TCX
2017Q4,2017,Q4,2018-03-06,2017-12-31,11199353.0,90620894.0,10982446.0,1.04,26071070.0,0.2876938071,350650335.0,60210734.0,153861445.0,178560521.0,290439601.0,2944246.0,42675805.0,741739695.9,800614558.9,5.6863100896633565,0.8616767252824044,0.21937531301659816,1.2775799577530478,0.08822017355753058,5.6863100896633565,0.18600259880572126,8.185084732225219,16.557646140361857,12.319060848851302,0.0,21.924059334715917,0.0,0.25843663888129464,0.18721462511861733,0.031938805933266826,73.81398616089194,0.28769380712576065,2.25,23.828175061707725,1.8965755160622404,1.1594657572482574,0.2933006008268252,2.256320680052081,0.8397098529196461,5.338961005995795,1.4576077028925172,0.7776707086352318,Software—Infrastructure,Technology,TCX
2017Q3,2017,Q3,2017-11-09,2017-09-30,3439266.0,85008484.0,5969662.0,0.32,20158554.0,0.2371357899,346020309.0,48697953.0,151947933.0,182655916.0,297322356.0,2949172.0,31489104.0,618540409.05,687420432.05,4.60966673548327,0.8318807095194223,0.2353245745468657,1.67208428658182,0.02998137624740983,4.60966673548327,0.07062444698650885,7.2762197364912415,44.9616581743023,12.701568976626184,0.0,21.98919900229624,0.0,0.24567483985455893,0.14811351087035143,0.009939491730816298,303.3437771508047,0.23713578988186637,-0.3469387755102041,1.2447713516908292,2.1018362902773338,1.0023370543512993,-0.05568866595213647,-0.3438373559854423,-0.1555179768856286,0.3696756234927677,1.3434264224245285,0.5511738288006527,Software—Infrastructure,Technology,TCX
2017Q2,2017,Q2,2017-08-09,2017-06-30,5241484.0,84223301.0,7069022.0,0.49,21347360.0,0.2534614501,351256944.0,45125346.0,158912456.0,185125074.0,306131598.0,2306434.0,28062438.0,563259716.5,634073363.5,4.28613291573817,0.858405901298924,0.24472007591115408,1.9049078537813318,0.044692667916190365,4.28613291573817,0.11615387946277464,6.687694614344313,26.865469612231955,12.482114076200103,0.0,27.26110567221954,0.0,0.23977689961340665,0.1706472133537135,0.014922079376742513,107.85174264921436,0.25346145005643983,1.1304347826086956,7.210354258779254,2.2615884216535505,0.9091668204125074,0.25990363938810096,1.1424497371950275,1.310033730504964,3.146017591632577,1.521922941405483,0.5454084387169403,Software—Infrastructure,Technology,TCX
2017Q1,2017,Q1,2017-05-10,2017-03-31,2446491.0,69568062.0,3060138.0,0.23,16943645.0,0.2435549376,351716092.0,39982142.0,160819720.0,185662332.0,311733950.0,1039793.0,22833503.0,534730729.34999996,610162368.3499999,3.8170395622878748,0.866194657083161,0.25720876029749584,2.2626216474344973,0.02472685399326172,3.8170395622878748,0.061189593093836744,7.686439926269615,54.64262175397334,13.374239162824242,0.0,50.61047439249928,0.0,0.19779607354445414,0.16838163489188535,0.006955868826155387,-414.20656104373745,0.2435549376091575,-0.11538461538461538,0.62231080392676,1.786973018949657,0.6718492698567781,0.031697223157728216,-0.13148015283733502,-0.43395317598064576,4.401958318299625,1.1291223292451313,0.4455123908048447,Software—Infrastructure,Technology,TCX
2016Q4,2016,Q4,2017-03-08,2016-12-31,2816851.0,48804603.0,5406157.0,0.26,16423079.0,0.3365067635,154413372.0,37817086.0,83282117.0,84429363.0,116596286.0,1210789.0,20399511.0,369231306.75,364375039.75,3.6103446731904185,0.9864117653001835,0.06637254188063453,0.27100998739035576,0.0588166184978346,3.6103446731904185,0.07448619917462705,7.565501695608506,32.76986489079472,9.763610732725414,0.0,26.7441511279009,0.0,0.3160646151811256,0.3109243877630582,0.018242273732614295,78.17385660844423,0.3365067635116302,-0.4222222222222222,-0.4845579692188188,1.0417312269187502,0.3714741416229828,-0.012909884148645932,-0.40588794711300474,-0.25318482006158627,2.213593623547235,0.5505829134231833,0.4792353072526384,Software—Infrastructure,Technology,TCX
2016Q3,2016,Q3,2016-11-08,2016-09-30,4741279.0,49064327.0,7238949.0,0.45,16637872.0,0.3391032348,148347941.0,34515189.0,81093626.0,80819266.0,113832752.0,1502433.0,17595108.0,333848416.0,333831038.0,3.3083459290697967,1.0033947351117987,0.07065091655030116,0.3036610345665498,0.10544400821722921,3.3083459290697967,0.1373678991008857,6.8043003219018985,17.603288901581198,9.672507254704588,0.0,21.582629641388333,0.0,0.33073817317086995,0.295081150576151,0.031960531221663535,117.76830594153358,0.33910323482068755,0.1842105263157895,6.271047362231608,1.5043860011581065,0.8193740281960731,0.04974496893960052,0.1647084862726756,0.17895753622034202,0.8918731533988181,0.42469855411208635,0.36547251258615204,Software—Infrastructure,Technology,TCX
2016Q2,2016,Q2,2016-08-08,2016-06-30,4070786.0,47466381.0,6140127.0,0.38,15849442.0,0.3339087933,140358705.0,29277374.0,73325726.0,86380313.0,111081331.0,1284692.0,12866227.0,256794813.23999998,259977831.23999998,2.77730232025149,0.8488708069395395,0.06456671141273354,0.30953937330581627,0.10603310740366531,2.77730232025149,0.1390420465988514,5.41003564691397,15.770591554063515,8.771101303006205,0.0,24.610520653977762,0.0,0.33817910331959816,0.19898927664223676,0.029002732676965067,256.3252254270177,0.333908793257274,-0.07317073170731701,8.121376810928954,1.610530914991185,0.4640603126504145,0.04487641808236474,-0.08279231532874082,-0.019355822733864426,5.624620342854283,0.4560933850255295,0.3515968695891003,Software—Infrastructure,Technology,TCX
2016Q1,2016,Q1,2016-05-10,2016-03-31,4438238.0,45610413.0,6261320.0,0.41,15168724.0,0.3325715117,138351269.0,29703067.0,71449336.0,83886071.0,108648202.0,1142862.0,8807789.0,239632108.2,238902509.2,2.7827400057485283,0.8517425497255676,0.067084675602072,0.3124677327092182,0.11236358162751377,2.7827400057485283,0.14942019287099206,5.25389033859439,13.498155585617534,8.067588044022525,0.0,26.63636467045015,0.0,0.3296710852720838,0.23367109421539126,0.03207948891310856,-176.5105304329379,0.33257151168528115,0.4642857142857141,6.63080400473885,1.5309062774518123,0.5034507223616199,0.07479387836036852,0.43384738647028515,0.34640750560705663,53.7464455366092,0.43686069116897125,0.4017257914388041,Software—Infrastructure,Technology,TCX
2015Q4,2015,Q4,2016-03-09,2015-12-31,3095335.0,45030537.0,4650390.0,0.28,14113147.0,0.313412807,129130679.0,26329425.0,71110880.0,78261022.0,102801254.0,903775.0,4381849.0,225222159.60000002,220998906.60000002,2.466679426601147,0.9086372523987739,0.027104325843434928,0.1329311217392708,0.10184105923060882,2.466679426601147,0.1175618153453788,5.001542833033504,18.19045108203151,8.554009804619737,0.0,34.20916710464441,0.0,0.34872067078652935,0.21961834334338234,0.023970562409882473,476.16383244572336,0.31341280695808715,0.0,2.132569884065222,1.5528207292138316,0.3775793255158603,0.006999404211900778,-0.020295259596823125,-0.0832724861299917,5.8072898464292075,0.42783610063053257,-0.06323966300450255,Software—Infrastructure,Technology,TCX
2015Q3,2015,Q3,2015-11-06,2015-09-30,3159457.0,44551909.0,5072816.0,0.28,14015050.0,0.3145779904,134804829.0,27662764.0,76108690.0,81869175.0,107142065.0,742460.0,1298763.0,254189868.66,245791508.66,2.518260709344827,0.9296379253852258,0.025963461590830697,0.1265238715841989,0.10298867865596066,2.518260709344827,0.1142133519267995,5.7054764737466135,20.113414161040964,9.188881800097777,0.0,41.12929854806993,0.0,0.33049193660562415,0.24258287688864583,0.02343726870496605,41.855126858033344,0.3145779903617598,0.4000000000000001,2.8072270050044716,1.7417248961935916,0.4220383519454177,0.09047451539415398,0.38269755513688214,0.3065872881161666,0.983193496164883,0.5633967866964884,0.09387663364551173,Software—Infrastructure,Technology,TCX
2015Q2,2015,Q2,2015-08-10,2015-06-30,2284995.0,42889220.0,3882493.0,0.2,12852249.0,0.2996615233,139297190.0,34222427.0,80273037.0,79496865.0,105074763.0,619413.0,-1848495.0,307662737.6,295861975.6,3.0978551363901015,1.0097635548269734,0.025126134992385703,0.10227211530029709,0.06148292734670966,3.0978551363901015,0.06676893488588638,7.173428138819032,33.661204685349425,8.990091135266356,0.0,48.49263899853571,0.0,0.3078972375537511,0.29858735938832304,0.01640374080769325,283.14910392747856,0.2996615233384986,-0.1666666666666666,4.9660194482140385,1.755972859796366,0.8981357729737558,0.05167027976980552,-0.19370467225346452,-0.1196981415110746,2.4111286236293727,0.5828882509263269,0.37987373632855786,Software—Infrastructure,Technology,TCX
2015Q1,2015,Q1,2015-05-08,2015-03-31,2833943.0,40467833.0,4410411.0,0.24,12220797.0,0.3019879271,133697259.0,31005072.0,75607197.0,77244021.0,102692187.0,574119.0,-4121340.0,211709932.0,201531741.0,2.782563682463419,0.9788096997177296,0.026178547160791082,0.11288475640372646,0.08259517019390962,2.782563682463419,0.09140256149058451,5.231560879476794,18.676269423908664,6.8282354577341415,0.0,49.200663973845145,0.0,0.30268259276729076,0.2692732425206088,0.021196717278998217,77.09771212256395,0.3019879270530745,0.4999999999999999,5.847819871992781,1.7207634129933718,0.6073995962690651,0.1439960226732339,0.5243054696450566,0.5464686295988253,0.7665800154343483,0.5239986157400396,0.21875264454112733,Software—Infrastructure,Technology,TCX
2014Q4,2014,Q4,2015-03-11,2014-12-31,1859170.0,38802529.0,2851924.0,0.16,10682552.0,0.2753055606,125795866.0,35642393.0,74465179.0,69534248.0,90153473.0,393774.0,-6955283.0,216278409.48,208007032.48,3.1987420741318835,1.0709137028417997,0.0,0.0,0.052162694225044486,3.1987420741318835,0.05216176141708555,5.573822507290697,29.082656438087966,6.068010345994446,0.0,71.41146190454423,0.0,0.30845631286484404,0.21661353121989613,0.014779261506097506,81.47303850183134,0.2753055606246696,-0.30434782608695654,0.4633637564518023,1.6236366941324951,0.5755258999421237,-0.07724276210281034,-0.30909117936159025,-0.2684343050864153,-0.6801938424528804,0.5259826054091457,0.21511723602738794,Software—Infrastructure,Technology,TCX
2014Q3,2014,Q3,2014-11-12,2014-09-30,2690905.0,38874183.0,3898384.0,0.23,11576774.0,0.2978010882,125961440.0,33643453.0,73603654.0,71210424.0,92317987.0,391026.0,-8814453.0,169025142.75,155435896.75,2.971728022930482,1.0336078605570442,0.0,0.0,0.08130737874161495,2.971728022930482,0.07998302076781477,4.348005017880376,15.703373284266817,5.024012926081041,0.0,69.80970319109215,0.0,0.308619709333269,0.2953285322384824,0.021362926622623558,35.23436702328687,0.29780108819264445,1.090909090909091,-0.19988419941553845,1.8484164164392836,0.6942997303975454,0.21434645602059385,0.9974324181884853,0.8719955821798581,3.756814917296243,0.8285402906641367,0.634256181094815,Software—Infrastructure,Technology,TCX
2014Q2,2014,Q2,2014-08-13,2014-06-30,1347182.0,35588001.0,2082475.0,0.11,9533337.0,0.2678806545,127613205.0,31115760.0,74761691.0,75143463.0,96497445.0,481140.0,-11505358.0,137321796.24,128515611.24000001,2.7734628648052992,0.9949194249937616,0.04198886000864879,0.17220639958657608,0.03820765584040849,2.7734628648052992,0.04329580894054974,3.858654388595752,25.48315599525528,4.41325541269119,0.0,54.15193914453174,0.0,0.27887396919464563,0.2889842859651012,0.010556760172272141,167.16308076602832,0.26788065449363113,1.7500000000000002,-0.5381155089662547,1.729867985409641,0.89331987214897,0.08838770303512777,1.8252345131165866,1.595721899804555,1.8363466124302732,0.83906559495231,0.4620363362543381,Software—Infrastructure,Technology,TCX
2014Q1,2014,Q1,2014-05-14,2014-03-31,476839.0,34402394.0,802272.0,0.04,8759137.0,0.2546083566,126933527.0,29122162.0,73980493.0,76496107.0,97811365.0,509433.0,-12852540.0,139511271.35,131657352.35,2.6406135198623866,0.9671144833553426,0.0447740887244077,0.19515491329249524,0.01508872000537524,2.6406135198623866,0.01637374999836894,4.055277994607003,73.14380291356203,4.790553371346537,0.0,50.33685882147407,0.0,0.27102685014023126,0.2786506900279252,0.0037566040373241973,-1297.0070967052172,0.25460835661611225,-0.4936708860759494,-0.18568117793328037,1.820109415858881,1.3223427382276154,0.06316269873300032,-0.4833225881600832,-0.37906950825356334,-0.2065101564525085,0.8476113263330223,0.42666303561013674,Software—Infrastructure,Technology,TCX
2013Q4,2013,Q4,2014-03-18,2013-12-31,922895.0,33139440.0,1292048.0,0.079,8238755.0,0.2486087574,121352829.0,26917218.0,68110022.0,73444093.0,94435611.0,309686.0,-13329379.0,154399826.0,148280938.0,2.4406831391118278,0.9273723619951301,0.05191473533756679,0.23405093349543032,0.029693433770263494,2.4406831391118278,0.03428641845528019,4.6590958084988765,41.8248625249893,5.736098953465399,0.0,80.40623405643136,0.0,0.27308337410082134,0.24780999065506876,0.007605055503073604,110.5331843329057,0.24860875742016159,-0.6708333333333333,0.49192392966878595,1.84876721413201,1.0667000203000168,-0.1760767948464216,-0.6441315513465157,-0.6481420712496728,-0.09602734085103468,0.8183113485370359,0.3630610432456757,Software—Infrastructure,Technology,TCX
2013Q3,2013,Q3,2013-11-13,2013-09-30,2593360.0,35637085.0,3672073.0,0.24,9999421.0,0.2805903176,122036528.0,26156920.0,68042442.0,74711182.0,95879608.0,338110.0,-14252274.0,103208756.2,98558808.2,2.4228579473957463,0.9107397337121503,0.05654044828282889,0.26379252603135234,0.08017548156929862,2.4228579473957463,0.0991462297548794,2.896105453069464,9.949327918221922,3.945753406746666,0.0,75.82639969240779,0.0,0.2920198204917793,0.2239408285629854,0.021250686515761903,29.54945096223689,0.2805903176424222,4.999999999999999,63.83867930981269,2.0279708895681265,1.168356687759172,0.49049834269345965,3.4132532375814715,3.1039478478171945,2.1797674650619236,1.2314952199945293,0.3681653014428715,Software—Infrastructure,Technology,TCX
2013Q2,2013,Q2,2013-08-09,2013-06-30,587630.0,31173357.0,894766.0,0.04,6708777.0,0.2152086796,119100370.0,20714365.0,64322725.0,77031418.0,98386005.0,187424.0,-16845634.0,74194798.4,75229672.4,2.0548303882176193,0.835019355349268,0.06297209656023739,0.36206757967236747,0.02325559280146629,2.0548303882176193,0.02836823624571644,2.38007085345348,31.565269982812318,3.5818041441289656,0.0,130.53066843093734,0.0,0.26174021961476696,0.1651424487603227,0.004933905746892306,29.68834590708257,0.21520867964268334,4.797101449275363,-0.5124470618235496,1.7936388791679352,0.8399669645103658,0.03531659611032715,6.673513626451116,2.0251780926588974,2.1177060475612897,1.195151088326223,0.2590475976273208,Software—Infrastructure,Technology,TCX
2013Q1,2013,Q1,2013-05-15,2013-03-31,76579.0,29985022.0,295773.0,0.0069,6479928.0,0.2161054943,117086397.0,20016736.0,62098591.0,75633463.0,97069661.0,308804.0,-17433264.0,70580013.0,74393694.0,1.9852242305481014,0.8210465121767596,0.06917968446838449,0.4046613793577534,0.004101450809973387,1.9852242305481014,0.003825748613560173,2.353842294996482,230.4156916386999,3.5260500513170583,0.0,76.11654641779252,0.0,0.2560931309552552,0.133254945631671,0.0006540384020869649,-2332.9921991207484,0.2161054942697724,-0.8230769230769232,1.1296366907937598,1.9358642348957025,0.9994149724391517,0.027870347942737468,-0.8217123566730691,-0.5923464957618358,-0.7955086954037784,1.22786637758616,0.1468016515839562,Software—Infrastructure,Technology,TCX
2012Q4,2012,Q4,2013-03-15,2012-12-31,429525.0,29790912.0,725550.0,0.039,6304227.0,0.2116157773,118773143.0,26550207.0,63811198.0,70786630.0,92222936.0,587104.0,-17509843.0,58077267.839999996,55361588.839999996,2.633202249481025,0.9014583403673829,0.031151823607126403,0.13935861215695983,0.015186004470263118,2.633202249481025,0.01617783996938329,1.9494961362713568,33.80319413305396,2.187450660554172,0.0,40.00430077124326,0.0,0.25082195559984466,0.17742863306248652,0.0036163478472570182,34.329982834201076,0.21161577732162076,-0.6749999999999999,1.8418563420587248,1.9921818447266488,1.5136036519114378,-0.02229533031006421,-0.7372935779816514,-0.6793306494134431,-0.6263839059181553,1.226031986163115,0.29697182445356707,Software—Infrastructure,Technology,TCX
2012Q3,2012,Q3,2012-11-14,2012-09-30,1635000.0,29246069.0,2262611.0,0.12,6447987.0,0.2204736301,118762890.0,25953601.0,62383859.0,70815644.0,92809289.0,0.0,-17939368.0,55917398.24,54947665.24,2.3021432507908473,0.880933300557148,0.033680554590748,0.1541211949740616,0.055823658852000364,2.3021432507908473,0.06299703844564768,1.9119628774725246,8.55006089296636,2.154514059147322,0.0,0.0,0.0,0.24625595587982071,0.1444761979429291,0.013766926688968246,26.952962789973533,0.22047363014837995,1.1314387211367671,9.650192064856451,1.6980821543648454,1.115186360204958,-0.027011354021757385,1.3491446814502341,1.1367661571732797,-0.5117992274774563,1.151968597851047,0.31254295785287833,Software—Infrastructure,Technology,TCX
2012Q2,2012,Q2,2012-08-14,2012-06-30,695998.0,28152614.0,1058895.0,0.0563,6626991.0,0.2353952283,120021682.0,25768687.0,63015858.0,71753065.0,94252995.0,0.0,-19574368.0,50503701.6,49992140.6,2.2450279723654947,0.8782322817847572,0.03332731164357453,0.1552271561216914,0.024146445950959328,2.2450279723654947,0.027009447551596247,1.7939258358033823,18.140749542383745,1.9598864932466296,0.0,0.0,0.0,0.23456273508981484,0.14024818312639328,0.005798935562326147,-296.5032883033623,0.23539522830810666,-0.5308333333333333,-0.6441169602434489,1.1931157975241629,1.0505413793859477,-0.029717876948967367,-0.5816361799185992,-0.48204944839399844,-0.7667602195020395,1.1107864664060372,0.5325808495756782,Software—Infrastructure,Technology,TCX
2012Q1,2012,Q1,2012-05-11,2012-03-31,1663619.0,27537306.0,2044394.0,0.12,6829963.0,0.2480258236,119875972.0,26382336.0,62480421.0,70951866.0,93493636.0,0.0,-20270366.0,56852400.72,54797765.72,2.2831242212492446,0.8806029287517259,0.03596773338363421,0.16343006927059076,0.04410688680896359,2.2831242212492446,0.063058062788678,2.0645592825964894,8.54348272050271,2.1549418792937822,0.0,0.0,0.0,0.22971497574176084,0.16272013198356192,0.013877835334674075,32.48038588611149,0.24802582358637407,-0.7551020408163265,2.6227746925350375,1.5297426832708945,1.375868840922005,0.044806693652298384,-0.724053102086414,-0.20443144349574877,1.7115126916271586,1.1544370495852472,1.0079413044761214,Software—Infrastructure,Technology,TCX
2011Q4,2011,Q4,2012-03-16,2011-12-31,6028765.0,26369781.0,2569727.0,0.49,6537059.0,0.2478996318,115689559.0,30418987.0,58326424.0,63244690.0,85270572.0,0.0,-21933985.0,34712319.464,29154110.464,2.632455518933801,0.9222343251267419,0.007347249028756346,0.027943073843977775,0.19366921202752896,2.632455518933801,0.1981908536270455,1.3163673776433715,1.4394457017316151,1.1411398895038811,0.0,0.0,0.0,0.22793570334207947,0.17638612822673333,0.05211157387158853,14.175225054536872,0.24789963177927038,6.684454756380511,61.921205713739056,1.503055594630474,1.6782232189535597,0.078974011766438,6.232671578689724,4.61511277677191,8.301603169487182,1.1634824938341604,1.229087335113558,Software—Infrastructure,Technology,TCX
2011Q3,2011,Q3,2011-11-10,2011-09-30,-1152139.0,25094056.0,-710829.0,-0.0862,6058588.0,0.2414351829,110232013.0,24299344.0,56036328.0,63384094.0,85932669.0,0.0,-27962750.0,40388485.3424,37294442.3424,1.8183979092798492,0.8840755537185717,0.014149446767337906,0.06418782334206224,-0.043411411291701445,1.8183979092798492,-0.04741440756589972,1.609484148054822,-8.763804832229445,1.6621224565733135,0.0,0.0,0.0,0.22764762537721234,0.14630358209427116,-0.010451945570475974,27.11963460135865,0.24143518289749571,-3.1550000000000002,-1.843478659763936,1.1074978860577998,0.891977376910237,0.12907601048831804,-3.0368083951638707,-1.997490938330127,-21.553925664394125,0.7225562458288356,0.6273901950514245,Software—Infrastructure,Technology,TCX
2011Q2,2011,Q2,2011-08-11,2011-06-30,565659.0,23045923.0,712617.0,0.04,5365970.0,0.2328381467,106457939.0,25346032.0,53898404.0,59387614.0,81111907.0,0.0,-26810611.0,42755872.0,38756378.0,1.896986275943571,0.9075697838273146,0.003276054404923244,0.013760023659719203,0.02076200027177372,1.896986275943571,0.02231745781746034,1.8552466742165197,18.89648710618942,1.6868862155622626,0.0,0.0,0.0,0.21647913924014628,0.15085325704447394,0.00531345060136849,64.522556402324,0.23283814668650937,0.0,2.2205642186639407,0.9947001468585549,1.1269130865947607,0.004624744536316096,-0.22293823992439,0.28510140264948913,-0.64590289608558,0.5582267456580955,0.6986278283013504,Software—Infrastructure,Technology,TCX
2011Q1,2011,Q1,2011-05-13,2011-03-31,727946.0,22555207.0,554522.0,0.04,5341268.0,0.2368086447,104556509.0,24726974.0,51539984.0,58069039.0,79829535.0,0.0,-27376270.0,45422021.199999996,42085177.199999996,1.8509020377983532,0.8875639219722579,0.007912678109786546,0.03345827920553481,0.018233926297120423,1.8509020377983532,0.029439348300362187,2.013815311027737,15.599378662703003,1.8369421668822072,0.0,0.0,0.0,0.21572264812322683,0.15333413731885592,0.006962225565507356,104.77056497930977,0.23680864467348936,-0.550561797752809,7.246917693854636,0.9874115984246693,1.5548831617542969,0.0697403251038293,-0.41138219007943694,-0.5487394910113612,1.9300655642156943,0.6667657555370774,0.8641326203591774,Software—Infrastructure,Technology,TCX
2010Q4,2010,Q4,2011-03-22,2010-12-31,1236704.0,22077286.0,1228829.0,0.089,4993051.0,0.2261623553,101480667.0,23921237.0,48062431.0,55812421.0,77559430.0,0.0,-28104216.0,38859875.0784,35960029.0784,1.7905897547333274,0.8611421998698103,0.012868293425781286,0.05459094778418022,0.04968529306064155,1.7905897547333274,0.05169899867636444,1.7601744652127984,7.855532746396874,1.6244927082324379,0.0,0.0,0.0,0.21755164459058984,0.14060891571071607,0.012186597078633706,19.00237460930337,0.22616235528225706,0.11249999999999992,0.6111292608362466,1.349273503590043,1.46115861821711,0.016509302400386974,0.1417598203767509,0.08272977507101723,2.8294117422885474,0.6735782535218156,0.7092621531293168,Software—Infrastructure,Technology,TCX
2010Q3,2010,Q3,2010-11-12,2010-09-30,1083156.0,21209468.0,1134936.0,0.08,4911958.0,0.2315927019,102464935.0,25390520.0,48946729.0,55198845.0,77074415.0,0.0,-29340920.0,38195872.56,34717190.56,1.7708810074634933,0.886734659031362,0.01905927134975492,0.07691480914924152,0.0405753457863871,1.7708810074634933,0.04265985887646256,1.8008878185912067,8.81587522018989,1.5043359710632158,0.0,0.0,0.0,0.20699245063689348,0.16867863811280834,0.010570991920309128,20.730662530217394,0.23159270190086806,2.532567049808429,0.6677412343044644,1.1352754904376754,1.5659678753239556,-0.029785178143196003,2.403455397795739,2.345015281894362,5.505905379703053,0.5385106566429543,0.6270678860865992,Software—Infrastructure,Technology,TCX
2010Q2,2010,Q2,2010-08-13,2010-06-30,-771778.0,20846598.0,-843809.0,-0.0522,5062753.0,0.2428575156,99546118.0,24151578.0,45904464.0,53510934.0,75394540.0,0.0,-30424076.0,37883635.2,36247195.2,1.6320513951100448,0.8578520419770659,0.02442313220089607,0.10066538923460819,-0.027917130968946352,1.6320513951100448,-0.03195559312935991,1.81725743452241,-12.271545444415363,1.56857805316075,0.0,0.0,0.0,0.20941648372465915,0.1464246166960943,-0.00775296933226467,35.85618317836266,0.24285751564835664,-2.305,-2.7430547625266493,0.9913344366508959,1.9787536777658659,-0.014149965173240976,-2.3566956014245886,-1.9131796016163907,-1.3060909910879202,0.25961226957743655,0.4906669137986494,Software—Infrastructure,Technology,TCX
2010Q1,2010,Q1,2010-05-14,2010-03-31,568866.0,20445153.0,924034.0,0.04,5135419.0,0.2511802675,102883760.0,26514295.0,48033753.0,54673880.0,76369465.0,0.0,-29652298.0,43498789.0,41228162.0,1.7310964174198045,0.8785502876327782,0.028296681614280037,0.10979997771013712,0.02018810827024096,1.7310964174198045,0.021455067917136774,2.1275844206203787,19.116447898099025,1.6405787519524844,0.0,0.0,0.0,0.19872089628139564,0.1689552854123395,0.0055292108297752725,35.19792221285383,0.25118026751866324,-0.6363636363636365,0.40246692398035483,0.8912356398224714,2.581818261988694,0.016876193395457716,-0.6742593380467105,-0.289118762804431,-0.06540745932452877,0.4170009524061211,0.8014166730398121,Software—Infrastructure,Technology,TCX
2009Q4,2009,Q4,2010-03-22,2009-12-31,1746377.0,20329539.0,1299843.0,0.11,5050191.0,0.2484164053,104137186.0,31096571.0,49331422.0,51932183.0,73040615.0,0.0,-30221164.0,41660812.0,35248543.0,2.030269432098443,0.9499200524653469,0.030921951357510274,0.10355241418740349,0.05277684771136098,2.030269432098443,0.05615979330968678,2.0492748015584614,5.963891530866475,1.339723662779411,0.0,0.0,0.0,0.19521882413838224,0.2527996752996114,0.016769965341679197,16.724754683622866,0.24841640531051884,-0.6071428571428572,-0.5067225395162162,0.9262002095841414,3.5522514230346176,-0.03264480041343772,-0.6542370673278434,-0.5317947932894488,12.750913905599054,0.4558491678060271,1.0655675640741742,Software—Infrastructure,Technology,TCX
2009Q3,2009,Q3,2009-11-13,2009-09-30,5050793.0,20496129.0,2776225.0,0.28,5220617.0,0.254712341,102642073.0,29821149.0,48859199.0,51536138.0,72820924.0,0.0,-31967541.0,41485409.48,37216924.48,1.7539564987319007,0.9480570507630975,0.03785942631926384,0.13030919767712504,0.09036905320871629,1.7539564987319007,0.16936949679571367,2.024060713122951,2.0534106961025724,1.3911405452553152,0.0,0.0,0.0,0.19968545452116893,0.23448278177150178,0.0492078233844712,-207.7334542450114,0.25471234104742413,0.0,5.044956889160573,0.6259904704185338,7.315071103158352,0.02001194953217855,0.12750529174585867,0.10588994020472443,1.9062225117410323,0.35290780340449796,0.8249284156951482,Software—Infrastructure,Technology,TCX
2009Q2,2009,Q2,2009-08-14,2009-06-30,4479618.0,20022119.0,2510399.0,0.28,5118192.0,0.2556268894,100725857.0,25240881.0,46184574.0,52444667.0,75484976.0,0.0,-37018334.0,28947791.04,25890761.04,1.4648675617909945,0.8806343264606866,0.04334563269091868,0.17297439023622035,0.0750466437952206,1.4648675617909945,0.1774747085888167,1.4457905799081505,1.6155278776002775,1.146861357176875,0.0,0.0,0.0,0.19877834347937096,0.2075994495303021,0.04447336695283714,11.66235766003426,0.25562688944162204,6.0,5.444353124930846,0.8019175495532589,8.222779774099306,-0.121207365647468,3.6448925673307633,1.2112110842460837,18.776884890153713,0.34379553587951794,0.6424188339220783,Software—Infrastructure,Technology,TCX
2009Q1,2009,Q1,2009-05-15,2009-03-31,964418.0,20091424.0,1135305.0,0.04,5824118.0,0.2898807969,97419669.0,20653103.0,42179069.0,51901157.0,76766566.0,0.0,-41497952.0,23249667.84,22194503.84,1.1370472912528284,0.8126807076767094,0.030256508056909943,0.1427184573669148,0.04328347581491992,1.1370472912528284,0.04669603400515651,1.1571936284854671,6.026864865649542,1.1257227468434163,0.0,0.0,0.0,0.20623580644684802,0.14874616378975905,0.009899623042242116,26.695648994851396,0.2898807969012052,-0.2857142857142857,4.758721966535834,0.7581523140120601,14.467480707009925,0.2038577236016031,-0.053388705068948016,1.5472689217408406,7.087131488586223,0.3020644371760009,0.5695174132477094,Software—Infrastructure,Technology,TCX
2008Q4,2008,Q4,2009-03-27,2008-12-31,1018811.0,19159149.0,-2074492.0,0.056,4837879.0,0.2525101193,96519714.0,21450664.0,40704482.0,50048747.0,75069050.0,0.0,-42462370.0,23976219.96,24408119.96,1.180956653185459,0.8132967244914243,0.06070642729007672,0.27315550698104263,-0.0737880380411603,1.180956653185459,0.047495546058620844,1.2514240564651384,5.883382678435941,1.1177378919365855,0.0,0.0,0.0,0.1984998525793394,0.17238851154455476,0.010555470564282857,-57.62156982249374,0.25251011931688616,15.736842105263158,1.130165199027758,0.7559810489954035,21.051466668200923,-0.09425132888897543,15.420946098969539,-0.9794128816431528,-0.023799556272161827,0.4994944659585618,0.6232203032799635,Software—Infrastructure,Technology,TCX
2008Q3,2008,Q3,2008-11-13,2008-09-30,-70648.0,20147195.0,-1048034.0,-0.0038,5341304.0,0.265114027,95866924.0,20649997.0,39570781.0,48984918.0,75216927.0,0.0,-43481181.0,28830180.6,32447074.6,1.1173705696453389,0.8078156015286174,0.06611171753043835,0.306921448947426,-0.0674942201147842,1.1173705696453389,-0.003421211150781281,1.4309773941235988,-102.02051225795493,1.3961348565813352,0.0,0.0,0.0,0.2101579372672894,0.13019517558445234,-0.000736938216563619,-39.041691064749486,0.26511402703949605,-1.0316666666666667,-1.3443013474646954,0.8907046621204716,44.215829162191824,-0.10064385924235789,-1.031983846907801,-2.2011561899369756,-1.0843911644106665,0.5736138899812041,0.6190455340921455,Software—Infrastructure,Technology,TCX
2008Q2,2008,Q2,2008-08-14,2008-06-30,2208865.0,20450329.0,872521.0,0.12,5939031.0,0.2904124917,97177981.0,20632345.0,39385660.0,50023493.0,76545636.0,0.0,-43410533.0,42861821.36,46731240.36,1.1167756964399798,0.7873432588963749,0.07014436737474511,0.33037873300393145,0.03136124318528132,1.1167756964399798,0.10705835909587592,2.0958988659791244,4.851113734881942,2.0774091049757066,0.0,0.0,0.0,0.2104420033176034,0.12164936183085015,0.022730097675110167,28.65342088990294,0.2904124916523348,3.04778156996587,2.342486986449169,0.9508614496595366,99.87667254371762,0.2739286153246871,3.04105176493852,2.0373557991251943,2.9959206411375616,0.5647262029577905,1.0382934771400518,Software—Infrastructure,Technology,TCX
2008Q1,2008,Q1,2008-05-14,2008-03-31,-1082219.0,18711207.0,-841101.0,-0.0586,4661981.0,0.2491544773,101272788.0,18341030.0,43063565.0,56131790.0,82931758.0,0.0,-45619398.0,44333124.0,51121704.0,0.9929025529534079,0.7671867403480274,0.1411538902236996,0.7794026834916032,-0.026535513907374256,0.9929025529534079,-0.05900535575155812,2.3693353400451396,-10.24125523577021,2.4171556341165137,0.0,0.0,0.0,0.18476046102335011,0.19587417397521084,-0.010686177613674465,-468.49405573344325,0.24915447731405035,-0.15810276679841898,-2.075290742329527,0.8190360306918775,37.490626719936174,0.12068494273593916,-0.1577940035839418,-0.20123994207319687,-3.2122771661462197,0.43515501976296805,1.0544184949816453,Software—Infrastructure,Technology,TCX
2007Q4,2007,Q4,2008-03-28,2007-12-31,-934725.0,18240184.0,-700194.0,-0.0506,4159939.0,0.2280645305,100044537.0,19351049.0,43191882.0,53109133.0,80693488.0,0.0,-44537179.0,50983092.599999994,57663224.599999994,1.0475805314328852,0.8132665618924715,0.147670312073112,0.7634525652847037,-0.020785556721056062,1.0475805314328852,-0.04830358292204211,2.7950974946305363,-13.635853486319505,2.6346423183570047,0.0,0.0,0.0,0.18232063985662705,0.21683005068073696,-0.00934308886851063,20.087180719682625,0.2280645304893854,-2.1625,-1.5901304333460857,0.8211244901105785,13.444934186369657,-0.06766560888491845,-2.0094947712754996,-0.12393757133019681,-1.2189166831408238,0.43299555334348544,1.3488754199632174,Software—Infrastructure,Technology,TCX
2007Q3,2007,Q3,2007-11-14,2007-09-30,-310592.0,17811914.0,-622983.0,-0.016,4461853.0,0.2504982339,99207324.0,20162633.0,40345105.0,51134508.0,79044691.0,0.0,-43602454.0,72618889.84,81955326.84,1.0883879047743923,0.7889995734387432,0.15374035287959184,0.7564572047708253,-0.01847220381018691,1.0883879047743923,-0.015404337320428339,4.076984081553504,-58.451996381104465,3.601657077227959,0.0,0.0,0.0,0.17954232895143912,0.19336613153684787,-0.0031307365976326507,35.50179679383857,0.250498233934882,-1.0999999999999999,-1.4542024245328253,0.7495220167512027,7.2802341574976,-0.4103617989605798,-1.097942863089316,-1.1927276878357358,-1.3411661383963316,0.296876904613549,4.159776096248523,Software—Infrastructure,Technology,TCX
2007Q2,2007,Q2,2007-08-14,2007-06-30,3171155.0,20814881.0,3232452.0,0.16,7567103.0,0.3635429383,88658783.0,20377013.0,39620064.0,48227180.0,68281770.0,0.0,-43291862.0,88591949.03999999,88874537.03999999,1.0948464610052335,0.8215297680685456,0.06767519017264201,0.29444943672558876,0.1220860814666891,1.0948464610052335,0.1556241339199224,4.2561833065488095,6.984202052564444,4.347641582208344,0.0,0.0,0.0,0.23477517168265213,0.20219013427697824,0.035768086281987424,127.07713112367334,0.36354293834300566,3.0,4.12627937719712,0.9059867878773966,6.202648234059525,0.15732757170377956,3.229926836913678,3.521462052025911,3.223521045954951,0.7342737585814337,5.893133590833091,Software—Infrastructure,Technology,TCX
2007Q1,2007,Q1,2007-05-15,2007-03-31,749695.0,17771217.0,714913.0,0.04,6538428.0,0.3679223544,87758507.0,18128541.0,38240701.0,43819634.0,69629966.0,0.0,-46463017.0,65650043.4,65830059.4,0.960963914305653,0.8726841716660618,0.06836944024127484,0.3309698226680239,0.029162559783894787,0.960963914305653,0.04135440353418403,3.694178254646263,21.892250648597095,3.621363870374345,0.0,0.0,0.0,0.2025013597827046,0.22005213462075013,0.008542704583613758,-992.5020923411846,0.36792235444539334,4.0,-0.16137023962641034,0.5332535074036334,6.971506271006967,-0.19838834867897825,3.792710837211681,3.10834123495101,3.3101901236059286,0.49731769526221126,12.072183469412447,Software—Infrastructure,Technology,TCX
