Quarters,Year,Quarter,FillingDate,Date,NetIncome,Revenue,OperatingIncome,EPSDiluted,GrossProfit,GrossProfitRatio,TotalAssets,CommonStockEquity,CurrentAssets,CurrentLiability,TotalLiability,Inventory,RetainedEarnings,MarketCap,EnterpriseValue,bookValuePerShare,currentRatio,debtToAssets,debtToEquity,roic,shareholdersEquityPerShare,roe,priceToSalesRatio,peRatio,pbRatio,payoutRatio,inventoryTurnover,dividendYield,assetTurnover,quickRatio,returnOnAssets,priceToFreeCashFlowsRatio,grossProfitMargin,epsdilutedGrowth,fiveYNetIncomeGrowthPerShare,fiveYRevenueGrowthPerShare,fiveYShareholdersEquityGrowthPerShare,grossProfitGrowth,netIncomeGrowth,operatingIncomeGrowth,threeYNetIncomeGrowthPerShare,threeYRevenueGrowthPerShare,threeYShareholdersEquityGrowthPerShare,Industry,Sector,Symbol
2023Q1,2023,Q1,2023-05-09,2023-03-31,-41727000.0,0.0,-49051000.0,-0.63,0.0,0.0,719868000.0,686944000.0,533351000.0,22491000.0,32924000.0,0.0,-524474000.0,2352286332.99,2294401332.99,10.451842284331514,23.71397447868036,0.016151572232687105,0.01692568826571016,-0.0695500228933613,10.451842284331514,-0.06074294265616993,0.0,-14.093310883780285,3.4242766993961657,0.0,0.0,0.0,0.0,23.532301809612733,-0.05796479354548334,-64.24028000628122,0.0,-0.10526315789473695,-2.010277888544469,0.0,5.529896843843075,-1.0,-0.11584436421981548,-0.1320071080750502,-1.8155202469775522,-1.0,0.8453960291899746,Biotechnology,Healthcare,XENE
2022Q4,2022,Q4,2023-03-01,2022-12-31,-37395000.0,8766.0,-43331000.0,-0.57,8766.0,1.0,754146000.0,721497000.0,600298000.0,22702000.0,32649000.0,-986000.0,-482747000.0,2588886423.12,2542079423.12,10.988750397058785,26.4425160778786,0.013836843263771206,0.014462984600074566,-0.060202385869372474,10.988750397058785,-0.05182973733778519,295332.6971389459,-17.307704393100682,3.5882150904577568,0.0,0.0,0.0,1.162374394348044e-05,26.124262179543653,-0.049585889204477644,-75.07500357035147,1.0,0.0,-0.257334406246917,-0.85143273864718,4.444657937695547,-0.9335909090909091,-0.006594885598923284,-0.13646139320184641,-0.6616574229406936,-0.9986689167790007,2.96527057505708,Biotechnology,Healthcare,XENE
2022Q3,2022,Q3,2022-11-08,2022-09-30,-37150000.0,132000.0,-38128000.0,-0.57,132000.0,1.0,775813000.0,753119000.0,649176000.0,15537000.0,22694000.0,0.0,-445352000.0,2363288990.9,2266956990.9,11.504135128918906,41.78258351033018,0.01845032243594784,0.019006292498263886,-0.04845778797170304,11.504135128918906,-0.049328193817975645,17903.70447651515,-15.903694420592194,3.138002083203318,0.0,0.0,0.0,0.000170144094002034,41.234923086825,-0.04788525069829972,-76.76006856242692,1.0,-0.03636363636363619,-0.31926002540522896,-0.8625341707040742,3.781789237824453,-0.753731343283582,-0.19231016111432056,-0.257727197756886,-0.6500100244177492,-0.9851404303917515,2.9795571907802354,Biotechnology,Healthcare,XENE
2022Q2,2022,Q2,2022-08-09,2022-06-30,-31158000.0,536000.0,-30315000.0,-0.55,536000.0,1.0,807380000.0,785793000.0,794803000.0,13736000.0,21587000.0,0.0,-408202000.0,1709388687.24,1347252687.24,13.983843018521087,57.862769365171815,0.019448091357229556,0.01998236176703025,-0.03740814450661904,13.983843018521087,-0.03965166398784413,3189.1579985820895,-13.715487894280765,2.1753676696534585,0.0,0.0,0.0,0.0006638757462409274,57.568578916715204,-0.03859149347271421,-98.17302361819435,1.0,-0.527777777777778,-0.3521858705994601,10.44449708927161,3.9883044412485056,-0.9388546657540497,-0.5840366039654296,-0.7453509125453394,-0.4281171770032897,0.0,3.3535564510654727,Biotechnology,Healthcare,XENE
2022Q1,2022,Q1,2022-05-10,2022-03-31,-19670000.0,8766000.0,-17369000.0,-0.36,8766000.0,1.0,558059000.0,541853000.0,545616000.0,7982000.0,16206000.0,0.0,-377044000.0,1676849851.44,1568532851.44,9.878312119463308,68.35580055124029,0.014736793063099062,0.015177548154204185,-0.030499537255213243,9.878312119463308,-0.03630135848652679,191.29019523613962,-21.312275691916625,3.0946582402238247,0.0,0.0,0.0,0.01570801653588599,67.76033575544976,-0.03524716920612337,-89.95975597854077,1.0,0.41935483870967744,0.143881675488802,178.24847391314194,2.099541111340528,1.3457318704843457,0.23055859802847756,0.3074561403508772,0.18567794513638394,0.0,1.7558895310678935,Biotechnology,Healthcare,XENE
2021Q4,2021,Q4,2022-03-01,2021-12-31,-25564000.0,3737000.0,-25080000.0,-0.62,3737000.0,1.0,572007000.0,550033000.0,559020000.0,14322000.0,21974000.0,0.0,-357374000.0,1286877661.08,1119446661.08,13.352497630255934,39.03225806451613,0.014435138031527586,0.015011826563133485,-0.04512246998042528,13.352497630255934,-0.04647721136731796,344.361161648381,-12.584862121342514,2.339637187368758,0.0,0.0,0.0,0.006533136832241563,38.719382767769865,-0.04469176076516546,-60.63313518092725,1.0,-0.7222222222222223,-0.8549602591732522,3.3299385935358723,2.749968124827119,0.0,-0.6551634833279378,-0.607898448519041,-0.8675499039766423,0.0,2.3290869273440142,Biotechnology,Healthcare,XENE
2021Q3,2021,Q3,2021-11-10,2021-09-30,-15445000.0,8124000.0,-15598000.0,-0.36,0.0,0.0,264353000.0,248939000.0,256314000.0,12856000.0,15414000.0,0.0,-331810000.0,629433119.76,544868119.76,6.043196331089739,19.937305538270067,0.012271470344577137,0.013031304857816573,-0.06026646028086202,6.043196331089739,-0.062043311815344324,77.47822744460856,-10.188299122045969,2.5284632771883873,0.0,0.0,0.0,0.030731635351215987,19.66863721219664,-0.058425665681872345,-41.328504252133946,0.0,0.2941176470588236,0.2578501355865512,6.291270280373039,0.33133283158523863,0.0,0.30141571305803067,0.3066939283491866,0.47064995950061117,0.0,0.10398849879102257,Biotechnology,Healthcare,XENE
2021Q2,2021,Q2,2021-08-11,2021-06-30,-22109000.0,2218000.0,-22498000.0,-0.51,0.0,0.0,274711000.0,256983000.0,266755000.0,14982000.0,17728000.0,0.0,-316365000.0,802637574.34,723212574.34,5.96162404175343,17.805032705913764,0.01275886295051891,0.013639034488662674,-0.08439363250987364,5.96162404175343,-0.08603292824817206,361.8744699458972,-9.075914495680493,3.123310002373698,0.0,0.0,0.0,0.008073939521897559,17.58390068081698,-0.08048094178973539,-57.38864395395396,0.0,-0.21428571428571436,-0.22836778223034382,0.795058618528167,0.6312308534284127,0.0,-0.40249936564323774,-0.4009589638209104,0.05938448560876265,0.0,0.6848723000084761,Biotechnology,Healthcare,XENE
2021Q1,2021,Q1,2021-05-11,2021-03-31,-15764000.0,4358000.0,-16059000.0,-0.42,0.0,0.0,290671000.0,276277000.0,283260000.0,11492000.0,14394000.0,0.0,-294256000.0,659160680.0999999,574347680.0999999,7.502508036810918,24.6484510964149,0.01091268134764046,0.011481230793732377,-0.056577625203479726,7.502508036810918,-0.057058676618031906,151.25302434603026,-10.453575870654655,2.385868820422981,0.0,0.0,0.0,0.014992895748113848,24.344152453880962,-0.054233136432599055,-31.222086022167485,0.0,-0.25508008606263444,-0.8883938986918067,1.8343663939169612,0.8566975685892465,-1.0,-0.27923395277124075,-0.24266811111970904,-1.0297664867902632,0.0,3.6872696906191686,Biotechnology,Healthcare,XENE
2020Q4,2020,Q4,2021-03-01,2020-12-31,-12323000.0,5150000.0,-12923000.0,-0.33464,5150000.0,1.0,189186000.0,171355000.0,181783000.0,14781000.0,17831000.0,0.0,-278492000.0,566362640.22,524668640.22,4.653272855314539,12.298423651985658,0.0014007378981531404,0.0015464970383122756,-0.07378932179673012,4.653272855314539,-0.07191503020046103,109.97332819805825,-11.489950503529986,3.305200549852645,0.0,0.0,0.0,0.027221887454674236,12.097895947500168,-0.06513695516581565,-40.62276862860422,1.0,-0.33855999999999997,-0.22347266256384915,-0.37619119597595024,0.0974081574105821,0.0,-0.3916431394692264,-0.3324054026188267,0.2612428970151479,154.62409510265402,1.305583262199926,Biotechnology,Healthcare,XENE
2020Q3,2020,Q3,2020-11-05,2020-09-30,-8855000.0,6554000.0,-9699000.0,-0.25,0.0,0.0,199128000.0,182023000.0,194810000.0,16917000.0,17105000.0,0.0,-266169000.0,387394030.08,373078030.08,5.201408523471276,11.515635159898327,0.002993049696677514,0.0032743114881086458,-0.051698360805274214,5.201408523471276,-0.048647698367788685,59.10803022276472,-10.937154999435347,2.1282696696571315,0.0,0.0,0.0,0.0329135028725242,11.38121416326772,-0.044468884335703666,-32.42605089813342,0.0,-50.440329218106996,0.05459328657684185,-0.37636141771914555,0.1538019877846176,0.0,-49.6,-14.013931888544892,0.41174655707557184,11.768256227718688,1.1620086186696819,Biotechnology,Healthcare,XENE
2020Q2,2020,Q2,2020-08-06,2020-06-30,-175000.0,13384000.0,-646000.0,-0.00486,0.0,0.0,210676000.0,189298000.0,207010000.0,21055000.0,21378000.0,0.0,-257314000.0,438640196.28,395358196.28,5.411717713359582,9.83186891474709,0.002819495338814103,0.003137909539456307,-0.0027685854862054896,5.411717713359582,-0.00092446829866137,32.77347551404662,-626.6288518285713,2.3171940341683483,0.0,0.0,0.0,0.06352883100115818,9.714557112324863,-0.0008306594011657712,-39.311722197526436,0.0,0.977909090909091,-1.0610028353638918,0.3468364605042949,0.19776753300857478,0.0,0.9766167824692678,0.9195817253827959,0.9877995571678029,458.08021496076833,0.930463283131864,Biotechnology,Healthcare,XENE
2020Q1,2020,Q1,2020-05-21,2020-03-31,-7484000.0,7078000.0,-8033000.0,-0.22,0.0,0.0,237043000.0,187978000.0,233870000.0,48524000.0,49065000.0,0.0,-257139000.0,376371572.21999997,332236572.21999997,5.663739446171501,4.819676860934795,0.0667895698248841,0.08422262179616764,-0.03927458124615366,5.663739446171501,-0.03981316962623286,53.1748477281718,-12.572540493719936,2.002210749236613,0.0,0.0,0.0,0.029859561345409905,4.766466078641497,-0.031572330758554354,-27.44433223129648,0.0,0.35815147625160465,0.24146399752188136,-0.244150519848594,0.16713805208323596,-1.0,0.3421237693389592,0.3073805828591136,0.46165808989346385,238.19909829871185,0.7771247805321796,Biotechnology,Healthcare,XENE
2019Q4,2019,Q4,2020-03-09,2019-12-31,-11376000.0,3329000.0,-11598000.0,-0.34276,3329000.0,1.0,147697000.0,91977000.0,144866000.0,43379000.0,55720000.0,0.0,-249655000.0,435117399.63,426069399.63,2.771248566537128,3.3395421747850342,0.10634610046243323,0.1707709536079672,-0.10646358717446804,2.771248566537128,-0.12368309468671515,130.7051365665365,-9.562179140954642,4.730719632408102,0.0,0.0,0.0,0.02253938807152481,3.277415339219438,-0.07702255292930797,22.73340645924765,1.0,-0.03866666666666665,-4.979947090689691,-0.7077590087976997,-0.45881931353074806,-0.048857142857142856,-0.28238079134257693,-0.2957211484750307,-0.024513917253297848,3.7873470582290447,-0.22171161693829988,Biotechnology,Healthcare,XENE
2019Q3,2019,Q3,2019-11-05,2019-09-30,-8871000.0,3500000.0,-8951000.0,-0.33,3500000.0,1.0,98904000.0,74564000.0,96478000.0,11697000.0,24340000.0,0.0,-238279000.0,232399272.82,210288272.82,2.8908078405234314,8.248097802855433,0.15732427404351695,0.20867979185666005,-0.09826800750430698,2.8908078405234314,-0.11897162169411513,66.39979223428571,-6.549410236162777,3.1167758277452924,0.0,0.0,0.0,0.03538785084526409,8.105668120030778,-0.08969303567095366,-32.67706310742407,1.0,0.10810810810810806,-1.5081472730071248,-0.8603296350178826,0.12228095861671626,0.0,0.11352053562506245,0.14849695585996955,0.3192423317776895,4.016693752320839,-0.36314705380441187,Biotechnology,Healthcare,XENE
2019Q2,2019,Q2,2019-08-06,2019-06-30,-10007000.0,0.0,-10512000.0,-0.37,0.0,0.0,105892000.0,82787000.0,103325000.0,9330000.0,23105000.0,0.0,-229408000.0,266501908.85999998,245282908.85999998,3.2120504639600425,11.07449088960343,0.14973746836399351,0.19152765530820057,-0.10502314110411701,3.2120504639600425,-0.12087646611182915,0.0,-6.657887200459678,3.2191275062509814,0.0,0.0,0.0,0.0,10.929474812433012,-0.09450194537830997,-29.95076521240728,0.0,0.11904761904761903,-3.8678040903160986,-1.0,0.07658271463627253,0.0,0.11762631161273256,0.10597040312978398,0.07012784689074367,-1.0,-0.12111267284147596,Biotechnology,Healthcare,XENE
2019Q1,2019,Q1,2019-05-07,2019-03-31,-11341000.0,0.0,-11758000.0,-0.42,0.0,0.0,114550000.0,92313000.0,112047000.0,6376000.0,22237000.0,0.0,-219401000.0,260113743.6,223654743.6,3.584436897089816,17.573243412797993,0.13724137931034483,0.1703010410234745,-0.10789008416695796,3.584436897089816,-0.12285376924160193,0.0,-5.733924336478265,2.817736869130025,0.0,0.0,0.0,0.0,17.340181932245923,-0.09900480139676997,-28.895105932015106,0.0,-0.2639181462533855,-3.9138645792275697,-1.0,0.0,0.0,-0.32519280205655526,-0.39411904197296654,-0.9425573495838641,-1.0,-0.1129346028108796,Biotechnology,Healthcare,XENE
2018Q4,2018,Q4,2019-03-06,2018-12-31,-8558000.0,0.0,-8434000.0,-0.3323,0.0,0.0,122428000.0,103295000.0,121437000.0,4119000.0,19133000.0,0.0,-207885000.0,162506705.16,109766705.16,4.010858809538121,29.48215586307356,0.12263534485575195,0.14535069461251754,-0.07128789863831154,4.010858809538121,-0.08285008954934896,0.0,-4.747216205889226,1.5732291510721719,0.0,0.0,0.0,0.0,29.02694828841952,-0.06990230992910118,-21.924811813275767,0.0,0.4725396825396826,-2.2008687954027435,-1.0,0.5109934294358822,1.0,0.4049920044496976,0.4051347157568063,-0.21491652682427453,-1.0,-0.054096049669172745,Biotechnology,Healthcare,XENE
2018Q3,2018,Q3,2018-11-06,2018-09-30,-14383000.0,0.0,-14178000.0,-0.63,-6000000.0,0.0,130455000.0,111156000.0,129493000.0,4413000.0,19299000.0,0.0,-199327000.0,250579717.32,177503717.32,5.473966746671402,29.343530478132788,0.11410831321145222,0.1339198963618698,-0.11248631408578093,5.473966746671402,-0.12939472453128936,0.0,-4.355484205659459,2.2543067159667496,0.0,0.0,0.0,0.0,28.84840244731475,-0.1102525775171515,-18.23193519499418,0.0,-0.39999999999999997,-1.1484823090379026,-1.0,0.0,0.0,-0.8437379823099602,-0.8689691537041919,-1.6463918139355933,-1.0,0.21426219164983423,Biotechnology,Healthcare,XENE
2018Q2,2018,Q2,2018-08-07,2018-06-30,-7801000.0,0.0,-7586000.0,-0.45,0.0,0.0,65436000.0,50621000.0,64350000.0,3094000.0,14815000.0,0.0,-184944000.0,131619717.19999999,95905717.19999999,3.538323967770993,20.798319327731093,0.1791215844489272,0.23154422077793801,-0.12168361618170735,3.538323967770993,-0.15410600343730863,0.0,-4.218039905140366,2.600101088481065,0.0,0.0,0.0,0.0,20.504524886877828,-0.1192157222324103,-23.1929017092511,0.0,-1.142857142857143,-5.027564621183354,-1.0,0.1859397805939544,0.0,-1.077496671105193,0.029675108723458684,-7.648750180051666,-1.0,-0.21686795314547602,Biotechnology,Healthcare,XENE
2018Q1,2018,Q1,2018-05-08,2018-03-31,-3755000.0,0.0,-7818000.0,-0.21,0.0,0.0,37762000.0,28498000.0,36661000.0,3788000.0,9264000.0,0.0,-177143000.0,87241662.9,76917662.9,1.6006136902738932,9.67819429778247,0.18208781314549016,0.24128008983086532,-0.22100978119522813,1.6006136902738932,-0.13176363253561654,0.0,-5.808366371504661,3.06132580882869,0.0,0.0,0.0,0.0,9.374340021119323,-0.09943858905778295,-10.38591225,0.0,0.5364033732173606,-2.3955391544505877,-1.0,0.0,0.0,0.5344079355238686,0.028940504285181964,0.29053942788278597,-1.0,-0.6701583534414123,Biotechnology,Healthcare,XENE
2017Q4,2017,Q4,2018-03-07,2017-12-31,-8065000.0,16000.0,-8051000.0,-0.45298,0.0,0.0,46121000.0,35934000.0,44821000.0,4083000.0,10187000.0,0.0,-173388000.0,50297489.325,36615489.325,2.018262767432875,10.977467548371296,0.14752498861689903,0.18934713641676407,-0.18838036407880573,2.018262767432875,-0.22443924973562643,3143.5930828125,-1.5591286213577187,1.399718632075472,0.0,0.0,0.0,0.00034691355347889246,10.802106294391379,-0.17486611305045424,-7.2884349116070135,0.0,-0.05344186046511628,-2.6369737686610586,-0.9985376377191759,-0.23966862827132643,0.0,-0.041720485662619475,0.06860249884312818,-6.259784981066535,-0.9973816769836406,-0.6058654416123007,Biotechnology,Healthcare,XENE
2017Q3,2017,Q3,2017-11-07,2017-09-30,-7742000.0,264000.0,-8644000.0,-0.43,0.0,0.0,46359000.0,43301000.0,44987000.0,3058000.0,3058000.0,0.0,-165323000.0,53095339.0,38407339.0,2.405822288845354,14.711249182472205,0.0,0.0,-0.19962587469111567,2.405822288845354,-0.17879494699891457,201.11870833333333,-1.714522700852493,1.2261919817094296,0.0,0.0,0.0,0.005694687115770401,14.356115107913668,-0.16700101382687288,-6.145293865740741,0.0,-0.04878048780487809,-1.090172637428215,-0.9981821036845703,0.0,0.0,-0.04905149051490515,-0.09514759913847713,-1.6355442279733732,-0.984902127886681,-0.06600206809389916,Biotechnology,Healthcare,XENE
2017Q2,2017,Q2,2017-08-03,2017-06-30,-7380000.0,15000.0,-7893000.0,-0.41,0.0,0.0,54226000.0,50452000.0,52633000.0,3774000.0,3774000.0,0.0,-157581000.0,56691161.1,33601161.1,2.8033258962480483,13.946210916799153,0.0,0.0,-0.15644573059541741,2.8033258962480483,-0.1462776500436058,3779.4107400000003,-1.9204322865853658,1.1236652877983033,0.0,0.0,0.0,0.0002766200715523918,13.75039745627981,-0.13609707520377679,-8.21253963494133,0.0,0.046511627906976785,-4.028844163151212,-0.9985707605874146,-0.06040946826468377,0.0,0.018225355860050554,0.011769124827845248,-4.028844163151212,-0.9985707605874146,-0.06040946826468377,Biotechnology,Healthcare,XENE
2017Q1,2017,Q1,2017-05-09,2017-03-31,-7517000.0,16000.0,-7987000.0,-0.43,0.0,0.0,60786000.0,57195000.0,59141000.0,3591000.0,3591000.0,0.0,-150201000.0,71784836.0,51624836.0,3.1870240673113748,16.469228627123364,0.0,0.0,-0.13964507387009353,3.1870240673113748,-0.13142757234023952,4486.55225,-2.3874163895170946,1.2550893609581257,0.0,0.0,0.0,0.00026321850426084956,16.211640211640212,-0.12366334353305038,-10.881436410489616,0.0,-0.28730952309672786,-3.7716077600671234,-0.9983803510876073,0.0,0.0,-0.25199866755496336,-0.4622848773343098,-3.7716077600671234,-0.9983803510876073,0.0,Biotechnology,Healthcare,XENE
2016Q4,2016,Q4,2017-03-08,2016-12-31,-6004000.0,376000.0,-5462000.0,-0.33403,0.0,0.0,67487000.0,63901000.0,65675000.0,3516000.0,3586000.0,0.0,-142681000.0,138185809.3,121090809.30000001,3.560696300817627,18.678896473265073,0.0,0.0,-0.08547597064208698,3.560696300817627,-0.09395784103535156,367.5154502659575,-5.753906116755496,2.1624983850017996,0.0,0.0,0.0,0.00557144338909716,18.300910125142206,-0.08896528220249826,-29.413752511707113,0.0,0.34503921568627455,-2.2090191110307096,-0.9659059987541492,0.3414056615400164,0.0,0.22167487684729065,0.2549447551493657,-2.2090191110307096,-0.9659059987541492,0.3414056615400164,Biotechnology,Healthcare,XENE
2016Q3,2016,Q3,2016-11-03,2016-09-30,-7714000.0,413000.0,-7331000.0,-0.51,0.0,0.0,73371000.0,69309000.0,71350000.0,3976000.0,4062000.0,0.0,-136704000.0,123678608.39999999,69543608.39999999,4.539207768123626,17.94517102615694,0.0,0.0,-0.10577269907227056,4.539207768123626,-0.11129867693950281,299.46394285714285,-4.008251503759399,1.7844523568367745,0.0,0.0,0.0,0.005628926960243148,17.627263581488933,-0.10513690695233811,-27.06315282275711,0.0,-0.21428571428571436,-1.1059073376841164,-0.996647721859974,0.0,0.0,-0.2822473404255319,-0.1515865535658184,-1.1059073376841164,-0.996647721859974,0.0,Biotechnology,Healthcare,XENE
2016Q2,2016,Q2,2016-08-03,2016-06-30,-6016000.0,413000.0,-6366000.0,-0.42,0.0,0.0,55687000.0,52657000.0,53392000.0,2929000.0,3030000.0,0.0,-128972000.0,85007837.2,49797837.2,3.6546783241769147,18.228747012632297,0.0,0.0,-0.12089560742161536,3.6546783241769147,-0.11424881782099246,205.8301142857143,-3.5325730219414897,1.6143691664925843,0.0,0.0,0.0,0.00741645267297574,17.547285763059065,-0.10803239535259576,-15.313968149882905,0.0,-0.826086956521739,-4.084084280539954,-0.9508456882793647,0.2249382615595393,0.0,-0.8437021146184492,-0.12513255567338283,-4.084084280539954,-0.9508456882793647,0.2249382615595393,Biotechnology,Healthcare,XENE
2016Q1,2016,Q1,2016-05-10,2016-03-31,-3263000.0,601000.0,-5658000.0,-0.23,0.0,0.0,61152000.0,58163000.0,58268000.0,2872000.0,2989000.0,0.0,-122956000.0,100614060.0,44550060.0,4.040780880922607,20.288300835654596,0.0,0.0,-0.0972783384625965,4.040780880922607,-0.05610095765349105,167.41108153078204,-7.708708243947288,1.7298636590272167,0.0,0.0,0.0,0.009827969649398222,19.655292479108635,-0.05335884353741496,-20.01473244479809,0.0,0.15911085112606016,-2.5000146996184074,-0.9241480769290076,0.0,0.0,0.17119634239268477,-1.1736457933154052,-2.5000146996184074,-0.9241480769290076,0.0,Biotechnology,Healthcare,XENE
2015Q4,2015,Q4,2016-03-08,2015-12-31,-3937000.0,3227000.0,-2603000.0,-0.27352,0.0,0.0,63949000.0,61034000.0,60866000.0,2782000.0,2915000.0,0.0,-119693000.0,115727759.99999999,57076759.999999985,4.240238988467417,21.878504672897197,0.0,0.0,-0.042648359930530524,4.240238988467417,-0.064505029983288,35.862336535481866,-7.348727457454914,1.8961195399285642,0.0,0.0,0.0,0.05046208697555865,21.195542774982027,-0.06156468435784766,-21.47082745825603,0.0,-0.013037037037036917,-1.988437286750678,-0.6351785912647794,0.5974068285764284,0.0,-0.02874314084139012,-2.174390243902439,-1.988437286750678,-0.6351785912647794,0.5974068285764284,Biotechnology,Healthcare,XENE
2015Q3,2015,Q3,2015-11-10,2015-09-30,-3827000.0,4294000.0,-820000.0,-0.27,0.0,0.0,69944000.0,64459000.0,66114000.0,5336000.0,5485000.0,0.0,-115754000.0,118106535.11999999,52637535.11999999,4.508059943160917,12.390179910044978,0.0,0.0,-0.012721264679874028,4.508059943160917,-0.05937107308521696,27.505015165346993,-7.715347211915337,1.8322737727858016,0.0,0.0,0.0,0.06139197071943269,12.320652173913043,-0.054715200732014184,-23.144529711934155,0.0,-2.857142857142857,-1.0561074547827771,-0.9627807409446331,0.0,0.0,-4.276541095890411,-5.1206030150753765,-1.0561074547827771,-0.9627807409446331,0.0,Biotechnology,Healthcare,XENE
2015Q2,2015,Q2,2015-08-13,2015-06-30,1168000.0,4046000.0,199000.0,-0.07,0.0,0.0,76527000.0,64347000.0,74353000.0,12016000.0,12180000.0,0.0,-111801000.0,164208265.31,99862265.31,4.518170316210132,6.187832889480692,0.0,0.0,0.0030926072699581954,4.518170316210132,0.0181515843784481,40.58533497528423,35.14731706121575,2.551917965250905,0.0,0.0,0.0,0.05287022880813308,6.149134487350199,0.015262587060775936,-64.9044526916996,0.0,0.7666666666666666,-0.39423733602334626,-0.5128320653611638,0.5143548081799502,0.0,1.2764497041420118,1.1650082918739635,-0.39423733602334626,-0.5128320653611638,0.5143548081799502,Biotechnology,Healthcare,XENE
2015Q1,2015,Q1,2015-05-12,2015-03-31,-4225000.0,4010000.0,-1206000.0,-0.3,0.0,0.0,79403000.0,68969000.0,77050000.0,10254000.0,10434000.0,0.0,-107999000.0,239695144.83499998,173778144.83499998,4.852673114429127,7.514140823093427,0.0,0.0,-0.01748611695109397,4.852673114429127,-0.061259406399976804,59.7743503329177,-14.183144664792898,3.475404092200843,0.0,0.0,0.0,0.050501870206415375,7.468890189194461,-0.053209576464365325,-42.56706532321079,0.0,-4.488372093023257,-2.9670425803733353,-0.4874395371321529,0.0,0.0,-4.451797385620915,-35.457142857142856,-2.9670425803733353,-0.4874395371321529,0.0,Biotechnology,Healthcare,XENE
2014Q4,2014,Q4,2015-03-12,2014-12-31,1224000.0,4878000.0,35000.0,0.086,0.0,0.0,87418000.0,72779000.0,84942000.0,14286000.0,14639000.0,0.0,-103734000.0,280698435.25,208672435.25,5.120745502980141,5.945821083578329,0.0,0.0,0.00048090795421756275,5.120745502980141,0.016818038170351338,57.54375466379664,57.33219674223856,3.8568602928042433,0.0,0.0,0.0,0.055800864810450934,5.897802043959121,0.014001693015168501,-75.31484712905822,0.0,-0.6751456178654801,-0.6887755346361846,-0.4414889714954661,0.9291162257859069,-1.0,-0.8668262430638668,-0.9959588962013625,-0.6887755346361846,-0.4414889714954661,0.9291162257859069,Biotechnology,Healthcare,XENE
2014Q3,2014,Q3,2014-09-30,2014-09-30,9191000.0,13193000.0,8661000.0,0.264734,13193000.0,1.0,54144000.0,34979000.0,48269000.0,16343000.0,19165000.0,0.0,-104958000.0,142586713.5,108855713.5,2.575832565213027,2.9534969099920456,0.0,0.0,0.24760570628091141,2.575832565213027,0.26275765459275563,10.807755135299022,3.8784330731150036,4.076351911146689,0.0,0.0,0.0,0.24366504137115838,2.9430337147402557,0.16975103427895982,23.654066605839414,1.0,1.1153090305105695,-0.8581174472848916,-0.8795925477586974,0.0,0.0,6.472357723577236,5.285195936139332,-0.8581174472848916,-0.8795925477586974,0.0,Biotechnology,Healthcare,XENE
2014Q2,2014,Q2,2014-06-30,2014-06-30,1230000.0,5298000.0,1378000.0,0.12515145360869637,0.0,0.0,50712000.0,27106000.0,45208000.0,17231000.0,23606000.0,0.0,-114149000.0,95393718.0,60306718.0,2.9835612445674884,2.6236434333468748,0.0,0.0,0.05083745296244374,2.9835612445674884,0.04537740721611452,18.005609286523217,19.388967073170733,3.5192842175164167,0.0,0.0,0.0,0.10447231424514908,2.615866751784574,0.024254614292475152,-42.54849152542373,0.0,-0.10415149308084487,0.0,0.0,0.0,0.0,-0.10415149308084487,0.33527131782945735,0.0,0.0,0.0,Biotechnology,Healthcare,XENE
2014Q1,2014,Q1,2014-03-31,2014-03-31,1373000.0,5001000.0,1032000.0,0.13970158195507326,0.0,0.0,,,,,,,,95393718.0,,,0.0,0.0,0.0,0.0,,0.0,19.074928614277145,17.36957720320466,0.0,0.0,0.0,0.0,0.0,0.0,0.0,-72.15863691376703,0.0,-0.46268622324971825,0.0,0.0,0.0,0.0,-0.45385839299920444,-0.4888558692421991,0.0,0.0,0.0,Biotechnology,Healthcare,XENE
2013Q4,2013,Q4,2013-12-31,2013-12-31,2514000.0,5583000.0,2019000.0,0.26,0.0,0.0,54487000.0,24116000.0,49869000.0,18203000.0,30371000.0,0.0,-116752000.0,95393718.0,57443718.0,2.654451522688318,2.739603362083173,0.0,0.0,0.0837203516337701,2.654451522688318,0.10424614363907779,17.086462117141323,9.486248806682578,3.9556194227898493,0.0,0.0,0.0,0.10246480811936792,2.7311981541504147,0.0461394461064107,-34.981194719471944,0.0,-0.5873015873015873,0.0,0.0,0.0,-1.0,-0.605832549388523,-0.6902899217671422,0.0,0.0,0.0,Biotechnology,Healthcare,XENE
2013Q3,2013,Q3,2013-09-30,2013-09-30,6378000.0,10788000.0,6519000.0,0.63,10788000.0,1.0,,,,,,,,14038794.0,,,0.0,0.0,0.0,0.0,,0.0,1.3013342602892102,0.5502819849482596,0.0,0.0,0.0,0.0,0.0,0.0,0.0,2.84704806327317,1.0,0.0,0.0,0.0,0.0,0.0,0.0,0.0,0.0,0.0,0.0,Biotechnology,Healthcare,XENE
