Quarters,Year,Quarter,FillingDate,Date,NetIncome,Revenue,OperatingIncome,EPSDiluted,GrossProfit,GrossProfitRatio,TotalAssets,CommonStockEquity,CurrentAssets,CurrentLiability,TotalLiability,Inventory,RetainedEarnings,MarketCap,EnterpriseValue,bookValuePerShare,currentRatio,debtToAssets,debtToEquity,roic,shareholdersEquityPerShare,roe,priceToSalesRatio,peRatio,pbRatio,payoutRatio,inventoryTurnover,dividendYield,assetTurnover,quickRatio,returnOnAssets,priceToFreeCashFlowsRatio,grossProfitMargin,epsdilutedGrowth,fiveYNetIncomeGrowthPerShare,fiveYRevenueGrowthPerShare,fiveYShareholdersEquityGrowthPerShare,grossProfitGrowth,netIncomeGrowth,operatingIncomeGrowth,threeYNetIncomeGrowthPerShare,threeYRevenueGrowthPerShare,threeYShareholdersEquityGrowthPerShare,Industry,Sector,Symbol
2023Q2,2023,Q2,2023-05-15,2023-03-31,9433000.0,16154000.0,1625000.0,6.85,4436000.0,0.2746069085,359020000.0,206277000.0,349487000.0,31253000.0,152743000.0,98000.0,204508000.0,392397328.96,461013328.96,149.79891447220314,11.182510478994017,0.22938554955155702,0.3992398570853755,0.004002715867768139,149.79891447220314,0.04572977113299107,24.29103187817259,10.399589975617513,1.9022834778477482,0.0,119.57142857142857,0.0,0.04499470781572057,11.095766806386587,0.02627430226728316,-555.8035820963172,0.2746069085056333,-0.47104247104247104,41.76932329602672,0.7345940899274993,0.2170156983256248,2.651028806584362,-0.4708588096707242,3.2695530726256985,1.167923925091045,0.31091288537900524,1.1639003594936033,Software—Application,Technology,DJCO
2023Q1,2023,Q1,2023-02-13,2022-12-31,17827000.0,12301000.0,-716000.0,12.95,1215000.0,0.0987724575,346271000.0,196844000.0,336680000.0,31300000.0,149427000.0,81000.0,195075000.0,344958783.26,412784783.26,142.94864439741878,10.756549520766773,0.23801877720051637,0.4187021194448396,-0.0019102474915375074,142.94864439741878,0.09056410152201744,28.043149602471342,4.837588815560666,1.7524475384568492,0.0,136.8641975308642,0.0,0.035524199254341256,10.675367412140575,0.05148279815520214,146.0452088314987,0.09877245752377856,1.3985841797476144,0.2127796443328823,0.20310484122540182,0.057759295154065804,-0.8390088776997482,1.3976844312579473,-1.1954681954681954,0.257928161704599,0.056284219597740826,0.29929411465445577,Software—Application,Technology,DJCO
2022Q4,2022,Q4,2022-12-19,2022-09-30,-44827000.0,19212000.0,3663000.0,-32.49,7547000.0,0.3928273995,319111000.0,179017000.0,309454000.0,33619000.0,140094000.0,56000.0,177248000.0,353729745.45,416737745.45,129.75490249373937,9.204735417472262,0.23951227002516365,0.4269482786550998,0.010364857439847868,129.75490249373937,-0.2504063859856885,18.41191679419113,-1.9727493778860952,1.9759561686878901,0.0,208.30357142857142,0.0,0.06020475633870346,9.128825961509861,-0.14047463108448158,77.19985714753382,0.39282739954195295,-3.5440559440559443,-40.73250993368497,0.7616998731441431,0.12155653588384104,3.392898719441211,-3.5454268910971405,32.04237288135593,-2.582118187377144,0.47935619108218663,0.30107888597400617,Software—Application,Technology,DJCO
2022Q3,2022,Q3,2022-08-12,2022-06-30,-9862000.0,12552000.0,-118000.0,-7.15,1718000.0,0.1368706182,384574000.0,223844000.0,368044000.0,30241000.0,160730000.0,70000.0,222075000.0,357178420.40000004,424767420.40000004,162.19016573040423,12.170364736615852,0.1988381949897809,0.3416129089901896,-0.0002864658319724904,162.19016573040423,-0.04405746859419953,28.455897100063737,-9.054411387142569,1.5956577813119852,-0.07868586493611844,154.77142857142857,0.0021725836603761406,0.03263871192540317,12.08220627624748,-0.025643959290019606,109.90105243076924,0.13687061822817082,0.6449851042701092,-6.303020212306071,0.23101412581830116,0.49880147623459975,1.8825503355704698,0.6454176104699242,-1.047446722959389,-3.580795267283678,-0.13503408889154905,0.49072999368671266,Software—Application,Technology,DJCO
2022Q2,2022,Q2,2022-05-12,2022-03-31,-27813000.0,10717000.0,2487000.0,-20.14,596000.0,0.0556125781,390090000.0,233706000.0,373303000.0,24379000.0,156384000.0,51000.0,231937000.0,430778944.54,501998944.54,169.2606750263988,15.312482054226999,0.19612140788023277,0.32735573755059777,0.00580028262740693,169.2606750263988,-0.11900849785628097,40.195851874591774,-3.872100677201309,1.843251540568064,0.0,198.45098039215685,0.0,0.027473147222435847,15.203248697649617,-0.0712989310159194,-32.02579321537432,0.05561257814686946,-5.044176706827309,-10.336354481369588,0.04261114894444983,0.5951756900647064,-0.6919896640826874,-5.04376272172143,-0.784432694808009,-6.542646472698286,0.000466766243465234,0.5963415550440231,Software—Application,Technology,DJCO
2022Q1,2022,Q1,2022-02-11,2021-12-31,6878000.0,11528000.0,11537000.0,4.98,1935000.0,0.167852186,436007000.0,261519000.0,417874000.0,44023000.0,174488000.0,55000.0,259750000.0,492553520.58000004,550316520.58,189.40413370743062,9.49217454512414,0.16182308999626152,0.26979301695096725,0.020891459945680327,189.40413370743062,0.02630019233784161,42.72671066793894,17.903224795725503,1.8834330223807831,0.0,174.4181818181818,0.0,0.026439942477987737,9.432614769552279,0.01577497608983342,1515.5492940923077,0.16785218598195698,5.83495145631068,5.675730795377294,0.15395395395395403,0.8829081797956672,0.3512569832402235,5.84707540521494,72.21604938271605,1.319416709236985,0.10548523206751065,0.8497202633980039,Software—Application,Technology,DJCO
2021Q4,2021,Q4,2021-12-17,2021-09-30,-1419000.0,11437000.0,-162000.0,-1.03,1432000.0,0.12520765935122846,390577000.0,254641000.0,372336000.0,34012000.0,135936000.0,43000.0,252872000.0,442349596.02,463331596.02,184.42276856134293,10.94719510760908,0.08597024402358562,0.13186407530601907,-0.0005762868541256773,184.42276856134293,-0.005572551160260917,38.67706531607939,-77.9333326321353,1.737149932728822,0.0,232.67441860465115,0.0,0.0292823182112618,10.869487239797719,-0.0036330864336609685,135.52377329044117,0.12520765935122846,-1.0334090171910477,-0.4750519750519751,0.26838194521459463,1.0315534174225924,-0.5244104948522086,-1.0333309844267493,-1.1223564954682779,0.733970753655793,0.13170393825450227,0.5630202067323039,Software—Application,Technology,DJCO
2021Q3,2021,Q3,2021-08-12,2021-06-30,42573000.0,13562000.0,1324000.0,30.83,3011000.0,0.22201740156319127,389500000.0,256060000.0,371668000.0,26548000.0,133440000.0,55000.0,254291000.0,467382521.0,491664521.0,185.45047387426797,13.999849329516348,0.08630295250320924,0.13127782550964617,0.0033681102911484974,185.45047387426797,0.16626181363742873,34.462654549476476,2.7445947020411996,1.8252851714441927,0.0,191.83636363636364,0.0,0.03481899871630295,13.897129727286424,0.10930166880616174,146.0570378125,0.22201740156319127,2.4103982300884956,126.95562130177514,0.31185916037918365,1.0789828361723202,-0.008234519104084322,2.412391792241103,0.014559386973180077,44.79938271604938,0.23212501135640962,0.5868176269001716,Software—Application,Technology,DJCO
2021Q2,2021,Q2,2021-05-12,2021-03-31,12476000.0,13970000.0,1305000.0,9.04,3036000.0,0.2173228346456693,330645000.0,213487000.0,312061000.0,24849000.0,117158000.0,30000.0,211718000.0,436937071.7,464418071.7,154.6171417480116,12.558292084188498,0.10177078135160066,0.1576208387395954,0.004331021513024976,154.6171417480116,0.058439155545770935,31.276812576950608,8.75555209402052,2.046668282846262,0.0,364.46666666666664,0.0,0.04225075231744015,12.455430802044347,0.03773231108893224,-1030.5119615566036,0.2173228346456693,-0.7894246447705567,59.27053140096618,0.22094039503583288,0.7116479322675305,1.048582995951417,-0.7895056521005568,5.142857142857143,54.775862068965516,0.49603769543799536,0.2561605629824892,Software—Application,Technology,DJCO
2021Q1,2021,Q1,2021-02-12,2020-12-31,59270000.0,10420000.0,-315000.0,42.93,1482000.0,0.14222648752399233,303343000.0,201011000.0,280275000.0,25283000.0,102332000.0,27000.0,199242000.0,557821384.0,564885384.0,145.58144655135703,11.085512004113436,0.05500703823724299,0.0830103825163797,-0.0010529359360723304,145.58144655135703,0.2948594853017994,53.53372207293666,2.352882503796187,2.775078896179811,0.0,331.037037037037,0.0,0.034350553663674455,10.981845508839932,0.1953893777011502,-200.4388731584621,0.14222648752399233,0.859246427024686,1184.3999999999999,-0.03652334720295878,0.49365047519264066,-0.3559322033898305,0.858984411755481,-1.4256756756756757,3.02130402333944,0.016387046429964892,0.07724091362179661,Software—Application,Technology,DJCO
2020Q4,2020,Q4,2020-12-17,2020-09-30,31883000.0,13035000.0,740000.0,23.09,2301000.0,0.1765247410817031,238575000.0,141741000.0,216308000.0,27990000.0,96834000.0,36000.0,139972000.0,334140532.0,338420532.0,102.65537615173247,7.728045730618078,0.13078486848999266,0.22013390620921258,0.003148612881741904,102.65537615173247,0.22493844406346789,25.6341029535865,2.6200524731047894,2.3574021066593294,0.0,298.1666666666667,0.0,0.05463690663313423,7.631939978563773,0.13363931677669497,87.44845119078775,0.1765247410817031,1.2330754352030948,200.26874999999998,0.2107560839680477,0.1021850699844479,-0.007333908541846419,1.2336415861006025,0.2478920741989882,30.65860465116279,0.19433754810335357,-0.11268240464251508,Software—Application,Technology,DJCO
2020Q3,2020,Q3,2020-08-07,2020-06-30,14274000.0,12874000.0,593000.0,10.34,2318000.0,0.18005281963647662,197964000.0,109858000.0,174172000.0,29237000.0,88106000.0,51000.0,108089000.0,372801420.0,395168420.0,79.56423556541174,5.957245955467387,0.16282758481340043,0.2934151359027108,0.0032037449306462178,79.56423556541174,0.12993136594512916,28.957699238775827,6.5293789407314,3.393484498170366,0.0,206.98039215686273,0.0,0.06503202602493383,5.931559325512193,0.07210401891252956,121.1574325641859,0.18005281963647662,1.2534935033096346,431.54545454545456,0.22574502523088652,-0.20493001577720846,1.0333333333333334,1.2534176046585945,1.5400728597449909,11.565507031828275,0.2620331340064701,-0.264745842117592,Software—Application,Technology,DJCO
2020Q2,2020,Q2,2020-05-11,2020-03-31,-56326000.0,12356000.0,-1098000.0,-40.79,1140000.0,0.09226286824214956,174735000.0,95584000.0,150173000.0,25599000.0,79151000.0,40000.0,93815000.0,315224311.8,340668311.8,69.22634575801777,5.866361967264346,0.17893381406129283,0.3271049548041513,-0.006316583539849442,69.22634575801777,-0.5892827251422832,25.51184135642603,-1.3991065928700777,3.2978773832440575,0.0,280.4,0.0,0.07071279365896929,5.841634438845268,-0.3223509886399405,-206.97591057124097,0.09226286824214956,-4.964042759961128,-112.7579365079365,0.08462078651685397,-0.2805876685934489,-0.2607003891050584,-4.963828289936664,0.2766798418972332,-19.90768714333669,0.20206245743749388,-0.3475851148060174,Software—Application,Technology,DJCO
2020Q1,2020,Q1,2020-02-07,2019-12-31,14210000.0,11677000.0,-1518000.0,10.29,1542000.0,0.13205446604436072,254859000.0,151910000.0,229899000.0,28668000.0,102949000.0,49000.0,150141000.0,400996253.32,424917253.32,110.02023543794442,8.01935956467141,0.12280123519279287,0.206023303271674,-0.006041043279518938,110.02023543794442,0.09354222895135278,34.340691386486256,7.054825005629839,2.6396962235534196,0.0,206.83673469387756,0.0,0.045817491240254415,7.991209711176224,0.05575632016134412,-124.4170813900093,0.13205446604436072,2.1345093715545755,31.817551963048498,0.031263799346462874,0.14079091632748095,-0.4343360234776229,2.134621526668796,0.8927663181689743,10.66009517335146,0.16886886886886884,0.09373537522229672,Software—Application,Technology,DJCO
2019Q4,2019,Q4,2019-12-12,2019-09-30,-12524000.0,12997000.0,-14156000.0,-9.07,2726000.0,0.20974070939447564,237376000.0,137700000.0,212948000.0,30668000.0,99676000.0,40000.0,135931000.0,341817479.76,362515479.76,99.72869738532648,6.943654623712012,0.13197627392828257,0.22750907770515613,-0.07598362511213226,99.72869738532648,-0.0909513435003631,26.29972145572055,-6.823248957202171,2.4823346387799563,0.0,256.775,0.0,0.054752797249932594,6.925785835398461,-0.05276017794553788,158.76334405945192,0.20974070939447564,-4.274368231046932,-6.716574245224893,0.13046881795250923,0.009745473744417761,-0.4498486377396569,-4.275961286947424,-13.594306049822064,-12.018711018711018,0.44138848841077943,0.09858548143893159,Software—Application,Technology,DJCO
2019Q3,2019,Q3,2019-08-08,2019-06-30,3823000.0,14518000.0,1124000.0,2.77,4955000.0,0.34130045460807273,249755000.0,150224000.0,212830000.0,30415000.0,99531000.0,41000.0,148455000.0,325124260.62,347975260.62,108.79915639806308,6.997534111458162,0.12555904786690958,0.20874826925125148,0.004347675160038874,108.79915639806308,0.025448663329428054,22.394562654635624,21.261068573110123,2.1642631045638514,0.0,233.2439024390244,0.0,0.05812896638705932,6.98849252013809,0.015307000860843627,117.96961560957911,0.34130045460807273,-0.23691460055096417,0.3456529391059485,0.30241320534673,0.12293501173586094,16.325174825174827,-0.23814268632921481,1.4208161737177087,12.310650887573965,0.4043335267943508,0.21968725135183403,Software—Application,Technology,DJCO
2019Q2,2019,Q2,2019-05-09,2019-03-31,5018000.0,10712000.0,-2671000.0,3.63,286000.0,0.02669902912621359,243463000.0,146401000.0,205972000.0,28963000.0,97062000.0,43000.0,144632000.0,295617726.884476,321224726.884476,106.03036329636298,7.111556123329765,0.12892718811482648,0.21440427319485522,-0.011193337919042565,106.03036329636298,0.034275722160367755,27.59687517592196,14.727866026528298,2.019232975761614,0.0,242.46511627906978,0.0,0.043998472047087234,7.096640541380382,0.020610934721086983,-336.6944497545285,0.02669902912621359,1.2326923076923078,93.67924528301887,-0.01071296638345031,0.11224985945026052,-0.36160714285714285,1.2330376631217201,-0.05950019833399445,23.241545893719803,-0.06380003495892324,0.17378092779372384,Software—Application,Technology,DJCO
2019Q1,2019,Q1,2019-02-11,2018-12-31,-21533000.0,10428000.0,-2521000.0,-15.6,448000.0,0.04296125815113157,235116000.0,141383000.0,197984000.0,27976000.0,93733000.0,55000.0,139614000.0,323094564.0,347823564.0,102.39609602345399,7.076923076923077,0.13363616257506933,0.22223322464511291,-0.010524022615735849,102.39609602345399,-0.15230261063918576,30.98336823935558,-3.751155946686481,2.2852433743802294,0.0,181.45454545454547,0.0,0.04435257489919869,7.057406348298541,-0.09158457952670171,-125.18193103448276,0.04296125815113157,-3.0414507772020727,-32.645312499999996,0.04793488091649086,0.16936297619638394,6.033707865168539,-3.0369328833895763,0.2864421171808661,-431.65999999999997,-0.035783633841886216,0.05057327775177034,Software—Application,Technology,DJCO
2018Q4,2018,Q4,2018-12-12,2018-09-30,-5334000.0,10106000.0,-3533000.0,-3.86,-89000.0,-0.008806649515139521,263998000.0,162916000.0,227228000.0,27257000.0,101082000.0,46000.0,45361000.0,355818244.2,377966244.2,117.99128876708677,8.336500715412555,0.1191259024689581,0.19303813007930468,-0.013440098392959076,117.99128876708677,-0.0327407989393307,35.208613120918265,-16.676895584926882,2.1840595411132115,0.0,221.6304347826087,0.0,0.03828059303479572,8.31602891000477,-0.020204698520443338,81.68462906336087,-0.008806649515139521,-4.514285714285715,-6.510330578512396,-0.08343914384182839,0.4373207936689986,-1.0796777081468218,-4.487654320987654,-0.30417128091546697,-32.3375,-0.061304105517369444,0.26684292379471225,Software—Application,Technology,DJCO
2018Q3,2018,Q3,2018-08-08,2018-06-30,-972000.0,11007000.0,-2709000.0,-0.7,1117000.0,0.10148087580630508,258168000.0,161367000.0,222833000.0,25312000.0,96801000.0,53000.0,50695000.0,317847729.2,344351729.2,116.8694314522729,8.803452907711756,0.12192835672895169,0.19507086331158166,-0.008117847627901246,116.8694314522729,-0.00602353641079031,28.876871917870446,-81.7509591563786,1.969719516381912,0.0,186.60377358490567,0.0,0.04263502835363019,8.782119152970923,-0.0037649902389141955,-143.1101887438091,0.10148087580630508,-3.1176470588235285,-2.176755447941889,0.19589308996088653,0.5246603299382075,2.6721556886227544,-3.189655172413793,0.3805168076835125,-30.45454545454546,0.04798628963153387,0.16785357592600647,Software—Application,Technology,DJCO
2018Q2,2018,Q2,2018-05-08,2018-03-31,-232000.0,9338000.0,-4373000.0,-0.17,-668000.0,-0.07153566074105805,266742000.0,169952000.0,230778000.0,22405000.0,96790000.0,46000.0,51667000.0,315486653.54,339769653.54,123.08708480777783,10.300290113813881,0.11811788169842019,0.1853876388627377,-0.015168502401487175,123.08708480777783,-0.00136509131990209,33.785248826301135,-339.9640663146552,1.8563279840190172,0.0,217.52173913043478,0.0,0.0350076103500761,10.270921669270253,-0.0008697542944118286,-93.33924660946747,-0.07153566074105805,-1.0159325210871601,-1.2015638575152043,-0.04255100994565775,0.6973982521847693,-2.1379897785349233,-1.015740552276274,-0.2693759071117562,-1.4603174603174602,-0.1803019662921348,0.27914258188824664,Software—Application,Technology,DJCO
2018Q1,2018,Q1,2018-02-08,2017-12-31,14739000.0,10252000.0,-3445000.0,10.67,587000.0,0.05725712056184159,289890000.0,186598000.0,253302000.0,23018000.0,103292000.0,40000.0,71889000.0,317875344.12,346903344.12,135.14288652655884,11.004518203145365,0.10878609127600124,0.16900502684916238,0.11026702272980833,135.14288652655884,0.07898798486586137,31.006178708544674,5.391738654589864,1.7035302849976954,0.0,241.625,0.0,0.035365138500810654,10.97493266139543,0.050843423367484215,-374.8530001415094,0.05725712056184159,14.679487179487179,16.6726618705036,0.33264006239438465,0.9588901603031799,-0.502542372881356,14.710697674418604,-0.008784773060029283,33.0392609699769,-0.09458624039565491,0.401285652062901,Software—Application,Technology,DJCO
2017Q4,2017,Q4,2017-12-13,2017-09-30,-1075000.0,10914000.0,-3415000.0,-0.78,1180000.0,0.10811801356056441,280200000.0,159741000.0,239754000.0,88116000.0,120459000.0,40000.0,57150000.0,301844883.06,330024883.06,115.6918071824941,2.720890644150892,0.1126481084939329,0.19759485667424143,-0.008683215461888877,115.6918071824941,-0.00672964361059465,27.656668779549204,-70.19648443255815,1.8895892917910868,0.0,243.35,0.0,0.038950749464668095,2.7113804530391756,-0.003836545324768023,388.47475297297296,0.10811801356056441,0.20408163265306117,-1.6790903348073278,0.4069872373340208,0.8313671539122959,1.6106194690265487,0.20429311621021465,0.060005505092210296,0.33764633394947624,-0.05070888057754198,0.17137074597971705,Software—Application,Technology,DJCO
2017Q3,2017,Q3,2017-08-08,2017-06-30,-1351000.0,10201000.0,-3633000.0,-0.98,452000.0,0.044309381433192824,261403000.0,149415000.0,220775000.0,79885000.0,111988000.0,49000.0,58225000.0,289873818.00149196,318830818.00149196,108.21324124784718,2.7636602616260877,0.12085553723560938,0.21143794130442056,-0.009629255846835657,108.21324124784718,-0.009041930194424924,28.416215861336337,-53.640602887026645,1.9400583475654518,0.0,198.9591836734694,0.0,0.03902403568436476,2.751367590911936,-0.005168265092596489,-208.99337995781684,0.044309381433192824,-1.4537037037037037,-7.495192307692308,0.25458123232074764,0.7790253253479705,-0.2206896551724138,-1.4535078885532058,-0.112369871402327,-1.4755367828229498,-0.08486588319727281,0.11688767958857216,Software—Application,Technology,DJCO
2017Q2,2017,Q2,2017-05-09,2017-03-31,2979000.0,10279000.0,-3266000.0,2.16,580000.0,0.056425722346531766,255159000.0,146508000.0,214558000.0,76929000.0,108651000.0,50000.0,59576000.0,295880060.34,323450060.34,106.10785763637918,2.7890392439782135,0.12392273053272665,0.2158243918420837,0.043315108372113595,106.10785763637918,0.02033336063559669,28.78490712520673,24.830485090634443,2.019548832418707,0.0,193.98,0.0,0.04028468523548062,2.778705039711942,0.011675073189658214,-371.7086185175879,0.056425722346531766,3.018691588785047,0.4574363992172209,0.2743615174807836,0.7141653699001977,-0.3424036281179138,3.0251529571719917,-0.14475990185769366,55.20754716981132,-0.05070188400443297,0.11306276875389362,Software—Application,Technology,DJCO
2017Q1,2017,Q1,2017-02-09,2016-12-31,-1471000.0,9990000.0,-2853000.0,-1.07,882000.0,0.08828828828828829,248761000.0,138891000.0,208047000.0,74692000.0,109870000.0,50000.0,56597000.0,333864382.8,360638382.8,100.59127457186187,2.785398704011139,0.12721849486052877,0.22785493660496361,-0.013817496379937457,100.59127457186187,-0.010591039016206954,33.41985813813814,-56.74105757987763,2.4037870185973174,0.0,182.16,0.0,0.04015902814347908,2.7740855781074276,-0.005913306346252025,-222.8734197596796,0.08828828828828829,-0.5285714285714288,-1.8622508792497072,0.2613636363636364,0.9699733348462498,0.7059961315280464,-0.5291060291060291,0.14066265060240965,-1.2984375,0.003919204100090514,0.14875192298148962,Software—Application,Technology,DJCO
2016Q4,2016,Q4,2016-12-14,2016-09-30,-962000.0,9017000.0,-3320000.0,-0.7,517000.0,0.057336142841299766,225446000.0,125343000.0,184483000.0,64860000.0,100103000.0,41000.0,58068000.0,302383374.0,322646374.0,90.77918748270862,2.844326241134752,0.1404948413367281,0.2526985950551686,-0.008575348835226175,90.77918748270862,-0.007674939964736762,33.534809138294335,-78.5819579002079,2.4124472367822696,0.0,207.3170731707317,0.0,0.03999627405232295,2.831359851988899,-0.004267097220620459,282.60128411214953,0.057336142841299766,-1.9166666666666665,-1.500260010400416,0.10705954573357901,0.9319502458422602,-0.7469407733724914,-1.8461538461538463,-0.8630751964085297,-1.9938016528925617,-0.18220569562851438,0.10583429645248656,Software—Application,Technology,DJCO
2016Q3,2016,Q3,2016-08-09,2016-06-30,-338000.0,10338000.0,-1782000.0,-0.24,2043000.0,0.1976204294834591,219922000.0,123166000.0,178671000.0,61512000.0,96756000.0,47000.0,59030000.0,327222994.54,348561994.54,89.20250357415485,2.9046527506827937,0.1441465610534644,0.2573843430816946,-0.006242771913612489,89.20250357415485,-0.00274426383904649,31.652446753724128,-242.0288421153846,2.656763997694169,0.0,176.48936170212767,0.0,0.04700757541310101,2.893906879958382,-0.0015369085403006521,282.08878839655176,0.1976204294834591,-2.6,-1.1787414066631412,0.21637839745852455,0.7822765027638702,-0.3386209129168016,-2.632850241545894,-2.09375,-1.4092009685230025,0.12320730117340283,0.1637219146242371,Software—Application,Technology,DJCO
2016Q2,2016,Q2,2016-05-10,2016-03-31,207000.0,11442000.0,-576000.0,0.15,3089000.0,0.2699702849152246,221962000.0,124726000.0,178936000.0,61732000.0,97236000.0,38000.0,59368000.0,270198184.74,292697184.74,90.33232759682085,2.8985939221149484,0.1429388814301547,0.25437358690249023,-0.005013780832784152,90.33232759682085,0.0016596379263345252,23.614594016780284,326.32631007246374,2.166334082228244,0.0,219.81578947368422,0.0,0.05154936430560186,2.8872221862243244,0.0009325920653084762,728.2969939083558,0.2699702849152246,2.7499999999999996,-0.8876221498371336,0.3344996501049685,0.7472542866748851,0.10321428571428572,3.14,0.40124740124740127,-0.8201563857515204,0.17317748385112278,0.24570287141073666,Software—Application,Technology,DJCO
2016Q1,2016,Q1,2016-02-08,2015-12-31,50000.0,10815000.0,-962000.0,0.04,2800000.0,0.2588996763754045,238496000.0,134577000.0,194568000.0,68258000.0,103919000.0,50000.0,59161000.0,278910692.0,301780692.0,97.46687660148935,2.850479064725014,0.1331385012746545,0.23594670708962157,0.002142104829533436,97.46687660148935,0.0003715345118408049,25.789245677300045,1394.5534599999999,2.0724989559880216,0.0,160.3,0.0,0.04534667248088018,2.839007881860002,0.00020964712196430967,-54.09439332816137,0.2588996763754045,1.3333333333333335,-0.9771062271062271,0.16352877891339423,0.964885897417179,-0.022004889975550123,1.3125,0.08030592734225621,-0.9400479616306955,0.4058234758871702,0.4127780635543845,Software—Application,Technology,DJCO
2015Q4,2015,Q4,2015-12-14,2015-09-30,-160000.0,10766000.0,-1046000.0,-0.12,2863000.0,0.2659297789336801,228196000.0,128600000.0,188828000.0,65881000.0,99596000.0,48000.0,59111000.0,257094905.2,270970905.2,93.1380572531081,2.8661981451404808,0.12924415853038615,0.22933903576982892,-0.002035802684787776,93.1380572531081,-0.001244167962674961,23.880262418725618,-401.71078937499993,1.9991827776049766,0.0,164.64583333333334,0.0,0.04717874108222756,2.8550872026836265,-0.0007011516415712808,83.09466877828054,0.2659297789336801,-6.999999999999999,-1.0795228628230615,0.17751285136169748,1.1198035143243332,0.08529188779378317,-5.848484848484849,0.07678729037952339,-1.1010739102969045,0.3879076962743327,0.4743479507022069,Software—Application,Technology,DJCO
2015Q3,2015,Q3,2015-08-07,2015-06-30,33000.0,10503000.0,-1133000.0,0.02,2638000.0,0.2511663334285442,243200000.0,138174000.0,203038000.0,71377000.0,105026000.0,63000.0,59271000.0,271330396.46,288250396.46,100.07199006913653,2.8445857909410592,0.12127055921052632,0.213448260888445,0.008259095575025365,100.07199006913653,0.00023882930218420252,25.83360910787394,2055.5333065151517,1.9636863408456005,0.0,124.84126984126983,0.0,0.04318667763157895,2.8339100830799837,0.0001356907894736842,377.89748810584956,0.2511663334285442,-0.9459459459459459,-0.9821041214750543,0.10919843700496364,1.337218153216394,-0.17972636815920398,-0.9345238095238095,-0.17287784679089027,-0.841346153846154,0.2917230352970114,0.645183183111672,Software—Application,Technology,DJCO
2015Q2,2015,Q2,2015-05-08,2015-03-31,504000.0,11392000.0,-966000.0,0.37,3216000.0,0.28230337078651685,234595000.0,132864000.0,193033000.0,67822000.0,101731000.0,38000.0,59238000.0,252952667.2,270590667.2,96.22624291506186,2.8461708590132995,0.12571879196061297,0.22197886560693642,0.017536403695170778,96.22624291506186,0.003793352601156069,22.2044125,125.47255317460316,1.9038465438342966,0.0,215.1578947368421,0.0,0.04856028474605171,2.833166229247147,0.0021483833841300965,79.1714138341158,0.28230337078651685,0.1935483870967742,-0.7083333333333334,0.25049396267837537,1.1132123487029408,0.008150470219435737,0.16397228637413394,-1.6759002770083102,-0.7534246575342466,0.41234812794445813,0.55452854251249,Software—Application,Technology,DJCO
2015Q1,2015,Q1,2015-02-13,2014-12-31,433000.0,11323000.0,-361000.0,0.31,3190000.0,0.2817274573876181,234826000.0,133162000.0,192497000.0,67608000.0,101664000.0,55000.0,58734000.0,363150005.46,383983005.46,96.4420682732378,2.8472518045201753,0.12559512149421273,0.221482104504288,-0.002355415437823711,96.4420682732378,0.003251678406752677,32.07188955753775,209.67090384526557,2.727129402231868,0.0,147.87272727272727,0.0,0.04821868106598077,2.832860016566087,0.0018439184758076192,1984.4262593442622,0.2817274573876181,1.2627118644067796,-0.792624521072797,0.14861026577399084,1.3475011018069631,-0.17592353397055024,1.2667898952556993,-1.5785714285714285,-0.7461899179366941,0.4296717171717173,0.8887155338704186,Software—Application,Technology,DJCO
2014Q4,2014,Q4,2015-01-28,2014-09-30,-1623000.0,11497000.0,-140000.0,-1.18,3871000.0,0.33669652952944246,243877000.0,136371000.0,200737000.0,73272000.0,107506000.0,51000.0,58301000.0,249224653.0,263307653.0,98.76617422755525,2.739614040834152,0.12093391340716837,0.21627032140264427,0.007325762153955912,98.76617422755525,-0.011901357326704358,21.677363921022877,-38.38950292667899,1.8275487676998774,0.0,149.52941176470588,0.0,0.04714261697495049,2.7255022382356153,-0.006654994115886287,377.6131106060606,0.33669652952944246,-1.5728155339805825,-1.7349566784969788,0.1603279331885961,1.5150818139912663,0.1230055120394546,-1.5712777191129883,0.467680608365019,-1.84399375975039,0.4115408225905465,1.1019282048120347,Software—Application,Technology,DJCO
2014Q3,2014,Q3,2014-08-18,2014-06-30,2841000.0,11147000.0,-263000.0,2.06,3447000.0,0.309231183278012,234950000.0,133778000.0,191564000.0,70268000.0,101172000.0,48000.0,59924000.0,285386390.74,300129390.74,96.8882039129572,2.726191153868048,0.12552883592253672,0.22046225836834157,-0.00861833573497627,96.8882039129572,0.021236675686585237,25.602080446756975,25.113198762759588,2.1332834303099166,0.0,160.41666666666666,0.0,0.047444137050436264,2.706495132919679,0.012091934454139178,82.10195360759494,0.309231183278012,50.5,0.23975490975025524,0.044404514039446286,1.76864516159859,0.10729200128493414,52.60377358490566,0.4922779922779923,0.5023796932839768,0.3115660665960701,0.9358376986079358,Software—Application,Technology,DJCO
2014Q2,2014,Q2,2014-08-15,2014-03-31,53000.0,10828000.0,-518000.0,0.04,3113000.0,0.2874953823420761,231174000.0,131626000.0,187226000.0,68447000.0,99548000.0,38000.0,57083000.0,238827635.62,257046635.62,95.32962615861281,2.7353426738936695,0.12757922603753016,0.22406667375746434,-0.0023341889645592507,95.32962615861281,0.00040265601021074863,22.056486481344663,1126.5454510377358,1.8144411865436918,0.0,203.02631578947367,0.0,0.04683917741614541,2.71241982848043,0.00022926453666934863,206.24148153713298,0.2874953823420761,1.0869565217391304,-0.9680842488606058,0.14506420002272338,2.633953694358221,0.5441468253968254,1.0828125,0.5918045705279747,-0.9712269272529859,0.2628878003265687,0.8439146027120925,Software—Application,Technology,DJCO
2014Q1,2014,Q1,2014-08-13,2013-12-31,-640000.0,9951000.0,-1269000.0,-0.46,2016000.0,0.20259270425082906,213921000.0,120906000.0,168852000.0,61486000.0,93015000.0,32000.0,57030000.0,264896120.1,284273120.1,87.56570723362589,2.7461861236704292,0.13786865244646387,0.24393330355813608,-0.008307747545375456,87.56570723362589,-0.0052933684018989955,26.620050256255652,-103.47504691406249,2.1909261748796585,0.0,247.96875,0.0,0.046517172227130574,2.7188303028331653,-0.0029917586398717283,-216.77260237315875,0.20259270425082906,-1.657142857142857,-1.3794477154609233,0.0511552101168773,3.2094580191931357,-0.5841584158415841,-1.6611570247933884,-1.8326771653543308,-1.2930402930402929,0.0705755782678859,0.7652830298871386,Software—Application,Technology,DJCO
2013Q4,2013,Q4,2014-06-24,2013-09-30,968000.0,11026000.0,1524000.0,0.7,4848000.0,0.43968801015780884,203090000.0,113347000.0,156965000.0,58111000.0,89743000.0,56000.0,57670000.0,202955854.54000002,221110854.54000002,82.09113044687437,2.7011237115176128,0.14522133044463045,0.2602009757646872,0.021382739841824497,82.09113044687437,0.008540146629377045,18.407024717939418,52.41628474690083,1.7905710300228503,0.0,110.32142857142857,0.0,0.05429120094539367,2.6664659014644387,0.004766359741986311,67.2930552188329,0.43968801015780884,0.16666666666666663,-0.48138860664840344,0.10210137668015412,3.0425186331648724,0.9071597167584579,0.17191283292978207,2.3058568329718003,-0.5188866799204771,0.20594990703270266,0.8683776744799395,Software—Application,Technology,DJCO
2013Q3,2013,Q3,2013-08-14,2013-06-30,826000.0,9204000.0,461000.0,0.6,2542000.0,0.27618426770969146,173751000.0,105838000.0,141061000.0,50863000.0,67913000.0,47000.0,56702000.0,156507559.1,164224559.1,76.65276596854164,2.773351945422016,0.08057507582690171,0.13227763185245375,0.002736870198253143,76.65276596854164,0.007804380279294771,17.004298033463712,47.369115950363195,1.4787463774825675,0.0,141.74468085106383,0.0,0.052972356993628816,2.761712836442994,0.004753929473787201,105.03863026845637,0.27618426770969146,-0.27710843373493976,-0.6086731307168731,-0.13173129203014494,3.04758587077341,-0.22072348252605764,-0.28236316246741966,-0.6001734605377277,-0.552060737527115,-0.027986059773999254,0.7902535563862718,Software—Application,Technology,DJCO
2013Q2,2013,Q2,2013-05-14,2013-03-31,1151000.0,9753000.0,1153000.0,0.83,3262000.0,0.33446119142827846,165749000.0,100125000.0,132180000.0,48174000.0,65624000.0,40000.0,55876000.0,154781626.6,163988626.6,72.51514760861157,2.743803711545647,0.08446506464594054,0.13982521847690388,0.007000905378396075,72.51514760861157,0.011495630461922597,15.870155500871526,33.61894582971329,1.5458839111111111,0.0,162.275,0.0,0.05884198396370415,2.732760410179765,0.0069442349576769695,382.1768558024691,0.33446119142827846,0.3833333333333333,-0.2673262201704023,0.032636356736076746,3.147465643010856,0.5781325592646347,0.3800959232613909,0.6354609929078014,-0.33391203703703703,0.07058177826564216,0.5924959839676808,Software—Application,Technology,DJCO
2013Q1,2013,Q1,2013-02-14,2012-12-31,834000.0,7693000.0,705000.0,0.6,2067000.0,0.2686858182763551,158455000.0,95257000.0,124225000.0,45168000.0,63198000.0,47000.0,54726000.0,127788042.3,137400042.3,68.98951726095893,2.7502878143818634,0.08835316020321227,0.14697082629098124,0.004257540837113469,68.98951726095893,0.008755262080477026,16.61095051345379,38.30576807553957,1.3415081547812757,0.0,119.70212765957447,0.0,0.04855006153166514,2.7409891958908963,0.005263323972105645,265.6716056133056,0.2686858182763551,-0.47826086956521735,-0.3117217504160794,-0.09918108265500619,3.23061354510608,-0.6752042740414833,-0.4731522425773847,-0.6482035928143712,-0.6005747126436782,-0.21961858389125585,0.6792772146319965,Software—Application,Technology,DJCO
2012Q4,2012,Q4,2012-12-14,2012-09-30,1583000.0,7757000.0,2004000.0,1.15,6364000.0,0.820420265566585,120964000.0,87225000.0,110130000.0,29539000.0,33739000.0,43000.0,53891000.0,124612326.5,123627326.5,63.17237203656574,3.7282914113544807,0.0,0.0,0.014217954294419343,63.17237203656574,0.01814846660934365,16.0645,19.679773610233735,1.428630856979077,0.0,32.395348837209305,0.0,0.06412651698025859,3.718677003283794,0.013086538143579908,223.7205143626571,0.820420265566585,6.666666666666666,-0.46370273979079685,-0.09857115381035983,3.118645893880856,-0.04702006588799042,6.610576923076923,-0.10295434198746643,-0.2831568564012833,-0.21712935741985384,0.6086852133179942,Software—Application,Technology,DJCO
2012Q3,2012,Q3,2012-08-10,2012-06-30,208000.0,8131000.0,2234000.0,0.15,6678000.0,0.8213011929651949,117656000.0,83987000.0,106271000.0,29169000.0,33669000.0,38000.0,52308000.0,118440391.88,115441391.88,60.8272629433654,3.6432856800027427,0.0,0.0,-0.3254509276295561,60.8272629433654,0.0024765737554621548,14.56652218423318,142.3562402403846,1.4102229140224083,0.0,38.23684210526316,0.0,0.06910824777316923,3.6336178819980116,0.001767865642211192,53.1361112068192,0.8213011929651949,-0.8986486486486487,-0.813574288561206,-0.0654636822573983,3.6080727340923837,0.0018001800180018,-0.898238747553816,0.022893772893772892,-0.909233009071435,-0.23817591247378322,0.7381796796721493,Software—Application,Technology,DJCO
2012Q2,2012,Q2,2012-05-11,2012-03-31,2044000.0,8066000.0,2184000.0,1.48,6666000.0,0.8264319365236796,120614000.0,85469000.0,109069000.0,30445000.0,35145000.0,31000.0,52100000.0,107863877.52000001,101985877.52000001,61.90059576489811,3.5824930202003613,0.0,0.0,0.018828618070817923,61.90059576489811,0.023915103721817266,13.37266024299529,13.192744315068493,1.2620233946811126,0.0,45.16129032258065,0.0,0.06687449218167045,3.5713581868943995,0.016946623111744906,32.93553512061069,0.8264319365236796,0.1935483870967742,4.297680409345933,-0.04536246807087949,3.9948479731585813,0.023334356770033773,0.1981242672919109,-0.033628318584070796,0.23086406280984098,-0.1470181162372288,1.359643142715746,Software—Application,Technology,DJCO
2012Q1,2012,Q1,2012-02-10,2011-12-31,1706000.0,7920000.0,2260000.0,1.24,6514000.0,0.8224747474747475,97766000.0,70504000.0,86193000.0,22332000.0,27262000.0,39000.0,50056000.0,89955601.9,87352601.9,51.06225185515656,3.8596184846856527,0.0,0.0,0.021146825828293275,51.06225185515656,0.024197208669011688,11.358030542929294,13.182239434349356,1.2758935932713038,0.0,36.05128205128205,0.0,0.0810097579935765,3.8431846677413577,0.017449829183969888,171.01825456273767,0.8224747474747475,-0.10791366906474814,1.8496596169464314,0.040252460166426425,3.2146052889007715,-0.008674478770354589,-0.11284451378055123,-0.06957595718402634,0.011465316525523222,-0.16338566333778834,1.4546641869319372,Software—Application,Technology,DJCO
2011Q4,2011,Q4,2011-12-12,2011-09-30,1923000.0,8145000.0,2429000.0,1.39,6571000.0,0.8067526089625537,90816000.0,64879000.0,79145000.0,20767000.0,25937000.0,44000.0,48350000.0,90093676.5,87035676.5,46.98836715804355,3.8110945249674963,0.0,0.0,0.0258695840201869,46.98836715804355,0.029639790995545555,11.061224861878452,11.712646450858035,1.3886415712326021,0.0,35.77272727272727,0.0,0.08968683932346723,3.797804208600183,0.02117468287526427,30.416501181634032,0.8067526089625537,0.014598540145985252,1.5585316049390499,0.1758489770058637,3.0223730823601413,-0.061419797171832595,0.016922263352723427,-0.06720430107526881,0.030257964271818337,-0.185868337288241,1.3139083204769757,Software—Application,Technology,DJCO
2011Q3,2011,Q3,2011-08-12,2011-06-30,1891000.0,8499000.0,2604000.0,1.37,7001000.0,0.8237439698788093,100363000.0,69106000.0,87675000.0,25877000.0,31257000.0,40000.0,46427000.0,99413712.0,95317712.0,50.0497557117674,3.3881439115817136,0.0,0.0,0.02439412225068846,50.0497557117674,0.027363760020837555,11.697106953759265,13.143007932310946,1.4385684600468847,0.0,37.45,0.0,0.08468260215418033,3.02608494029447,0.018841604973944583,39.87714079422383,0.8237439698788093,0.030075187969924838,2.3003644706987165,0.039331700792815706,3.4930067968050564,-0.020565193060996082,0.026601520086862108,0.008520526723470178,-0.10411730046683651,-0.19823818458976558,1.6428359302487505,Software—Application,Technology,DJCO
2011Q2,2011,Q2,2011-05-13,2011-03-31,1842000.0,8574000.0,2582000.0,1.33,7148000.0,0.8336832283648239,103977000.0,71384000.0,91982000.0,27093000.0,32593000.0,34000.0,44536000.0,102037129.4,96344129.4,51.699588483327126,3.395046691027203,0.0,0.0,0.022919226261790042,51.699588483327126,0.025804101759497926,11.900761534872872,13.848687486427796,1.4294117645410738,0.0,41.94117647058823,0.0,0.08246054415880436,3.3844166389842396,0.017715456302836205,20.956485808174165,0.8336832283648239,-0.1582278481012658,3.31751604327046,0.08156322165931908,3.8207278627295405,-0.08429413271842173,-0.1565934065934066,-0.18983369940382805,0.17253266937108516,-0.09219479927662029,1.9569307112178471,Software—Application,Technology,DJCO
2011Q1,2011,Q1,2011-02-11,2010-12-31,2184000.0,9295000.0,3187000.0,1.58,7806000.0,0.8398063474986552,101168000.0,68491000.0,89033000.0,27077000.0,32677000.0,35000.0,42694000.0,99413712.0,95930712.0,49.604344318216384,3.2881412268715144,0.0,0.0,0.029986765367259322,49.604344318216384,0.0318874012643997,10.695396664873588,11.379774725274725,1.4514857718532361,0.0,42.542857142857144,0.0,0.09187687806421002,3.2765077371939286,0.021587853866835365,-730.9831764705882,0.8398063474986552,0.08219178082191789,2.863075689433359,0.20325146076933384,3.762334947083053,0.023603461841070025,0.08548707753479125,0.0843824430078258,0.8023977183348712,0.08840658218142702,2.041865189097499,Software—Application,Technology,DJCO
2010Q4,2010,Q4,2010-12-15,2010-09-30,2012000.0,9143000.0,2939000.0,1.46,7626000.0,0.8340807174887892,88921000.0,60666000.0,76664000.0,22585000.0,28255000.0,29000.0,40510000.0,99413712.0,95798712.0,43.93711805067695,3.3944653531104714,0.0,0.0,0.031022444836429783,43.93711805067695,0.03316519961757822,10.873204856174123,12.352598409542745,1.6387055681930571,0.0,52.310344827586206,0.0,0.1028216056949427,3.3829975647553687,0.022626826059086155,49.831434586466166,0.8340807174887892,0.08955223880597006,1.4123702571968397,0.13945382444539117,3.3919925133978763,-0.04316185696361355,0.0911062906724512,0.06369887803112559,-0.3183638107764265,0.06249373993965183,1.864566028067366,Software—Application,Technology,DJCO
2010Q3,2010,Q3,2010-08-12,2010-06-30,1844000.0,9469000.0,2763000.0,1.34,7970000.0,0.8416939486746224,88427000.0,59119000.0,75537000.0,24008000.0,29308000.0,38000.0,38498000.0,94139262.28000002,89664262.28000002,42.81670922819983,3.1463262245918027,0.0,0.0,0.029076124714627255,42.81670922819983,0.031191325969654425,9.941837816031262,12.7629151681128,1.5923689893266126,0.0,39.44736842105263,0.0,0.10708267836746695,3.135496501166278,0.02085335926809685,32.21740666666667,0.8416939486746224,0.07200000000000006,0.18195313235259275,0.15266041129605173,3.5536717140330554,0.036276166948381226,0.06712962962962964,0.07010069713400464,0.6527356341016168,0.08831932021949261,2.2436526125091696,Software—Application,Technology,DJCO
2010Q2,2010,Q2,2010-05-12,2010-03-31,1728000.0,9110000.0,2582000.0,1.25,7691000.0,0.8442371020856202,93755000.0,62873000.0,80897000.0,25982000.0,30882000.0,29000.0,38323000.0,92206217.88,89157217.88,45.535529344282004,3.1135786313601725,0.0,0.0,0.025362267721761898,45.535529344282004,0.02748397563341975,10.12142896597146,13.340019947916666,1.4665471327915003,0.0,48.93103448275862,0.0,0.09716815103194497,3.1024555461473327,0.018431017012426006,89.0881332173913,0.8442371020856202,-0.17218543046357615,1.7476133430265335,0.1265659742204413,4.502711455170263,-0.2198214648001623,-0.1724137931034483,-0.1821349382324992,3.4786652384294388,0.07819835307144651,2.6743272603680808,Software—Application,Technology,DJCO
2010Q1,2010,Q1,2010-02-10,2009-12-31,2088000.0,9858000.0,3157000.0,1.51,9858000.0,1.0,84654000.0,56725000.0,72588000.0,23289000.0,27929000.0,34000.0,36595000.0,85606252.0,82594252.0,41.08286390110853,3.1168362746360945,0.0,0.0,0.034503129550515106,41.08286390110853,0.03680916703393566,8.68393710691824,10.24979070881226,1.5091450330542089,0.0,0.0,0.0,0.11645049259338011,0.8383356949632874,0.02466510737826919,27.376479692996483,1.0,-0.05625000000000005,0.9903425935404726,0.18737696868214707,4.238884643361307,2.3304054054054055,-0.07323568575233022,-0.053089382123575286,2.487742837153663,0.2947990848889686,2.3909208699208024,Software—Application,Technology,DJCO
2009Q4,2009,Q4,2009-12-15,2009-09-30,2253000.0,10109000.0,3334000.0,1.6,2960000.0,0.29280838856464536,84749000.0,55319000.0,72605000.0,25070000.0,29430000.0,19000.0,34507000.0,81676368.02,80251368.02,39.26956716800395,2.8960909453530115,0.0,0.0,0.038088417790103135,39.26956716800395,0.04072741734304669,8.079569494509842,9.063067911673324,1.4764613969883764,0.0,376.2631578947368,0.0,0.11928164344122054,2.885839648982848,0.026584384476513,31.317625774539877,0.29280838856464536,-0.03614457831325291,2.287365309369611,0.2480718857102117,4.563937218543664,-0.7272392185772207,-0.03304721030042918,-0.07182628062360802,1.9381115538792744,0.4304221977006713,2.361616065551521,Software—Application,Technology,DJCO
2009Q3,2009,Q3,2009-08-12,2009-06-30,2330000.0,10852000.0,3592000.0,1.66,10852000.0,1.0,76013000.0,49129000.0,63828000.0,23034000.0,26884000.0,25000.0,32254000.0,68018665.703894,65004665.703894004,34.99480730026626,2.7710341234696534,0.0,0.0,0.04500786797155726,34.99480730026626,0.04742616377292434,6.267846084030041,7.298140096984334,1.3844911499093,0.0,0.0,0.0,0.14276505334613815,2.7594425631674917,0.030652651520134713,58.941651389856155,1.0,0.3833333333333333,0.8762846314850755,0.2524244401518616,4.262453303574697,0.3776818585755998,0.3746312684365782,0.3987538940809969,2.999500645020657,0.30519561374277226,2.1415119777699947,Software—Application,Technology,DJCO
2009Q2,2009,Q2,2009-05-08,2009-03-31,1695000.0,9652000.0,2568000.0,1.2,7877000.0,0.816100290095317,55701000.0,36971000.0,43502000.0,15130000.0,18730000.0,25000.0,30291000.0,50735880.0,47928880.0,26.233032717674355,2.8752148050231328,0.0,0.0,0.04273482414062604,26.233032717674355,0.04584674474588191,5.256514711976792,7.4831681415929205,1.3723155987125044,0.0,71.0,0.0,0.17328234681603563,2.8594183740912094,0.03043033338719233,19.40928844682479,0.816100290095317,-0.016393442622950834,1.3301674040758422,0.1388441978393435,3.5201885566355897,-0.01042713567839196,-0.03032036613272311,-0.04853649499814746,2.892379115780379,0.19285276571248047,1.446099001093053,Software—Application,Technology,DJCO
2009Q1,2009,Q1,2009-02-13,2008-12-31,1748000.0,9811000.0,2699000.0,1.22,7960000.0,0.8113342166955458,46065000.0,29767000.0,32154000.0,12898000.0,16298000.0,50000.0,28636000.0,49010345.75,46424345.75,20.802133394457844,2.492944642580245,0.0,0.0,0.0557483972039801,20.802133394457844,0.05872274666577082,4.99544855264499,7.0094888086384435,1.6464657422649243,0.0,37.02,0.0,0.21298165635515032,2.40921073034579,0.037946380115054815,28.086158022922636,0.8113342166955458,-0.09629629629629638,0.8284441311496075,0.15980001053389276,2.911630274680163,-0.08516262498563383,-0.109979633401222,-0.13880025526483727,1.9833802812418428,0.22548184703529842,0.997138117637196,Software—Application,Technology,DJCO
2008Q4,2008,Q4,2008-12-22,2008-09-30,1964000.0,10527000.0,3134000.0,1.35,8701000.0,0.8265412748171369,46097000.0,29503000.0,32153000.0,13394000.0,16594000.0,26000.0,28382000.0,57968877.505708,56974877.505708,20.30692691763935,2.4005524861878453,0.0,0.0,0.06343229474259628,20.30692691763935,0.06656950140663662,5.5066854284894085,7.378930436062627,1.9648468801717793,0.0,70.23076923076923,0.0,0.22836627112393432,2.3259668508287294,0.0426058094886869,24.997359855846486,0.8265412748171369,-0.11764705882352937,1.7613211145736583,0.24285312902484318,3.3618930021510485,-0.050627386797599566,-0.11571364250337686,-0.05801021941689209,1.2379444003348583,0.24682199181824258,1.029898066812684,Software—Application,Technology,DJCO
2008Q3,2008,Q3,2008-08-12,2008-06-30,2221000.0,11154000.0,3327000.0,1.53,9165000.0,0.8216783216783217,42791000.0,27514000.0,28713000.0,12527000.0,15277000.0,39000.0,26418000.0,59567014.0,57083014.0,18.937897407447686,2.292089087570847,0.0,0.0,0.07671062403441695,18.937897407447686,0.0807225412517264,5.340417249417249,6.704976812246736,2.1649710692738244,0.0,51.0,0.0,0.2606622887990465,2.2231978925520877,0.051903437638755816,43.83150404709345,0.8216783216783217,0.34210526315789486,2.0438000540892505,0.2726995068375286,3.367371406468655,0.12000488818281804,0.34361766485178463,0.36073619631901843,0.3529436794192679,0.2903862339414131,1.014096115792974,Software—Application,Technology,DJCO
2008Q2,2008,Q2,2008-05-12,2008-03-31,1653000.0,9938000.0,2445000.0,1.14,8183000.0,0.8234051116924934,39052000.0,25402000.0,21869000.0,11250000.0,13650000.0,25000.0,24197000.0,61019868.0,59766868.0,17.48420694715367,1.9439111111111111,0.0,0.0,0.059523004763536995,17.48420694715367,0.06507361625068893,6.140055141879654,9.228655172413793,2.4021678607983628,0.0,70.2,0.0,0.25448120454778245,1.8697777777777778,0.042328177814196455,35.39435498839907,0.8234051116924934,0.29545454545454536,3.2384080313751444,0.1947454994133621,3.441635557257015,0.13573907009021513,0.2964705882352941,0.24808575803981622,1.4979086532782022,0.1679629485704213,1.112867627501323,Software—Application,Technology,DJCO
2008Q1,2008,Q1,2008-02-13,2007-12-31,1275000.0,8986000.0,1959000.0,0.88,7205000.0,0.8018028043623414,41062000.0,23692000.0,23920000.0,15250000.0,17370000.0,32000.0,22544000.0,59930227.5,62982227.5,16.3072132506088,1.5685245901639344,0.09646388388290877,0.1671872361978727,0.04250533396014899,16.3072132506088,0.05381563396927233,6.669288615624304,11.751025,2.5295554406550735,0.0,55.65625,0.0,0.2188398032243924,1.513639344262295,0.03105060640007793,76.53924329501916,0.8018028043623414,-0.588785046728972,1.3434112038478982,0.07784909791805095,3.449285688057613,-0.004696781323387208,-0.5895041854475209,-0.5788002580090303,0.15504617913325175,0.02862728838565437,1.0794949758195236,Software—Application,Technology,DJCO
2007Q4,2007,Q4,2007-12-27,2007-09-30,3106000.0,9055000.0,4651000.0,2.14,7239000.0,0.7994478188845942,39922000.0,22285000.0,22794000.0,11834000.0,17637000.0,23000.0,21269000.0,58319966.507086,61262966.507086,15.338141142559023,1.9261450059151597,0.10049596713591503,0.1800314112631815,0.112201890744763,15.338141142559023,0.1393762620596814,6.440636831262949,4.6941376776469745,2.6170054524157957,0.0,78.95652173913044,0.0,0.22681729372275938,1.8592191989183708,0.07780171334101497,60.686749747227886,0.7994478188845942,1.6419753086419753,6.757497721064316,0.10084383843128011,3.6877682242434324,-0.012145196506550219,1.645655877342419,1.5401419989077008,3.3940654882455066,0.08392231209629267,1.1731956963328507,Software—Application,Technology,DJCO
2007Q3,2007,Q3,2007-08-13,2007-06-30,1174000.0,9155000.0,1831000.0,0.81,7328000.0,0.8004369197160022,39620000.0,19178000.0,21034000.0,15075000.0,20442000.0,31000.0,18162000.0,58971668.580000006,62272668.580000006,13.200152526530394,1.395290215588723,0.10252397778899545,0.21180519345082907,0.04709543732100354,13.200152526530394,0.06121597663989989,6.441471172037139,12.557851060477004,3.074964468662009,0.0,58.935483870967744,0.0,0.23107016658253407,1.268457711442786,0.029631499242806662,30.90758311320755,0.8004369197160022,1.8928571428571428,0.8632880688878621,0.04062974450603551,3.2077696561228533,0.019760645699972167,1.8916256157635467,0.11646341463414635,-0.08647413057439292,0.020963111009901957,0.985014110090591,Software—Application,Technology,DJCO
2007Q2,2007,Q2,2007-05-14,2007-03-31,406000.0,8891000.0,1640000.0,0.28,7186000.0,0.8082330446518952,37859000.0,18006000.0,18110000.0,14616000.0,19853000.0,44000.0,16990000.0,58204377.25293,61224377.25293,12.392888852181454,1.2390530925013683,0.10858712591457778,0.22831278462734644,0.017962618631679233,12.392888852181454,0.022548039542374766,6.546437662009898,35.84013377643473,3.2324990143802066,0.0,38.75,0.0,0.2348450830713965,1.109263820470717,0.01072400221875908,33.58590724346797,0.8082330446518952,-0.34883720930232553,0.28525425804120114,0.06210573549998335,3.5077446835266444,0.15178714537586152,-0.35555555555555557,0.782608695652174,-0.45860846702869384,0.017573096274859586,1.135406720838092,Software—Application,Technology,DJCO
2007Q1,2007,Q1,2007-02-14,2006-12-31,630000.0,8012000.0,920000.0,0.43,6239000.0,0.7787069395906141,35860000.0,17604000.0,16259000.0,13145000.0,18256000.0,43000.0,16588000.0,,,,,,,,,,,,,,,,,,,,,,,,,,,,,,,Software—Application,Technology,DJCO
