Quarters,Year,Quarter,FillingDate,Date,NetIncome,Revenue,OperatingIncome,EPSDiluted,GrossProfit,GrossProfitRatio,TotalAssets,CommonStockEquity,CurrentAssets,CurrentLiability,TotalLiability,Inventory,RetainedEarnings,MarketCap,EnterpriseValue,bookValuePerShare,currentRatio,debtToAssets,debtToEquity,roic,shareholdersEquityPerShare,roe,priceToSalesRatio,peRatio,pbRatio,payoutRatio,inventoryTurnover,dividendYield,assetTurnover,quickRatio,returnOnAssets,priceToFreeCashFlowsRatio,grossProfitMargin,epsdilutedGrowth,fiveYNetIncomeGrowthPerShare,fiveYRevenueGrowthPerShare,fiveYShareholdersEquityGrowthPerShare,grossProfitGrowth,netIncomeGrowth,operatingIncomeGrowth,threeYNetIncomeGrowthPerShare,threeYRevenueGrowthPerShare,threeYShareholdersEquityGrowthPerShare,Industry,Sector,Symbol
2023Q4,2023,Q4,2023-06-13,2023-03-31,-9150000.0,331063000.0,-5220000.0,0.0,17485000.0,0.0528147211,1243658000.0,583464000.0,824976000.0,158206000.0,660194000.0,708811000.0,669973000.0,0.0,480199000.0,0.0,5.214568347597436,0.39597300865672075,0.8440195110580944,-0.0043416173002154826,0.0,-0.015682201472584426,0.0,0.0,0.0,-0.0012021857923497268,0.4424000191870611,,0.2662009973803087,0.6912316852711022,-0.007357328140051364,0.0,0.05281472106517491,-1.0,1.0,-1.0,-1.0,-0.674933536596702,-1.4345967512111713,-1.1750679142770903,-1.0,-1.0,-1.0,Packaged Foods,Consumer Defensive,SENEA
2023Q3,2023,Q3,2023-02-08,2022-12-31,21054000.0,473254000.0,29817000.0,2.74,53789000.0,0.1136577821,1304844000.0,585079000.0,893818000.0,246900000.0,719765000.0,780457000.0,679123000.0,462122900.0,905499900.0,77.16684252176206,3.6201620089104902,0.3493850605896184,0.7791990483336438,0.021180038053527906,77.16684252176206,0.03598488409257553,0.9764796494060272,5.487352759570628,0.7898470121128942,0.0,0.5374607441537458,0.0,0.36269009935287283,0.4352490886998785,0.016135262146279555,-5.887140909843688,0.11365778207896816,0.349753694581281,2.5002485401233474,0.5480788820005035,0.7207114626223102,0.28746499437516454,0.3051887669704296,0.36549734383586735,0.0038325956346139,0.4574827257226895,0.627084910968183,Packaged Foods,Consumer Defensive,SENEA
2023Q2,2023,Q2,2022-11-09,2022-10-01,16131000.0,439842000.0,21836000.0,2.03,41779000.0,0.0949863815,1402941000.0,568214000.0,1004852000.0,445428000.0,834727000.0,821302000.0,658080000.0,395247840.0,755775840.0,72.51327207759061,2.2559246387743923,0.26616586157222577,0.6571731777112144,0.017180157549678346,72.51327207759061,0.028388952049755903,0.8986132292959744,6.125594197507904,0.6955967997972594,0.0,0.4846731165880517,0.0,0.3135142532722331,0.3937875481559309,0.011497988867671555,-3.1508162272904827,0.09498638147334725,2.274193548387096,19.127314993334583,0.46059639231042065,0.6522242031110062,0.8289629208072495,2.161081716637272,2.310491206791995,3.115819196439634,0.4058447434574936,0.6284040991005525,Packaged Foods,Consumer Defensive,SENEA
2023Q1,2023,Q1,2022-08-11,2022-07-02,5103000.0,265193000.0,6596000.0,0.62,22843000.0,0.0861372661,1032262000.0,573115000.0,633852000.0,215954000.0,459147000.0,523402000.0,641949000.0,460757500.0,678500500.0,70.27774371551196,2.9351250729321987,0.2227913068581426,0.40127897542378055,0.005945421336970124,70.27774371551196,0.00890397215218586,1.7374421647630216,22.57287379972565,0.8039529588302522,0.0023515579071134627,0.4630284179273293,2.6044068734638068e-05,0.2569047393006814,0.4701603119182789,0.004943512402858964,-10.957632761777926,0.08613726606660055,-0.1842105263157895,8.31957214546236,0.13903262430298133,0.5910388075129862,-0.14111144533012482,-0.22127269952693424,-0.3127734944780163,4.376466834501302,0.16328473330403023,0.6093789772614085,Packaged Foods,Consumer Defensive,SENEA
2022Q4,2022,Q4,2022-06-10,2022-03-31,6553000.0,332389000.0,9598000.0,0.76,26596000.0,0.0800146816,947030000.0,583837000.0,555442000.0,173155000.0,363193000.0,410331000.0,636858000.0,443398620.0,610613620.0,67.86434964547252,3.207773382229794,0.1880816869581745,0.3050834393846228,0.009761118811671243,67.86434964547252,0.011224023143445859,1.3339750112067488,16.915863726537463,0.7594561838321312,0.001678620479169846,0.7452349444716583,2.4808376715290635e-05,0.3509804335659905,0.7789437209436632,0.006919527364497429,18.241602007652116,0.08001468159295283,-0.6465116279069767,5.510767783472291,0.41863782169373354,0.5269859201044322,-0.4087807046793376,-0.6488962708958422,-0.5944050033806626,1.8407091573900625,0.4045589351016285,0.5517517556694985,Packaged Foods,Consumer Defensive,SENEA
2022Q3,2022,Q3,2022-02-10,2022-01-01,18664000.0,445593000.0,23664000.0,2.15,44985000.0,0.1009553561,1002359000.0,594554000.0,605177000.0,199941000.0,407805000.0,481978000.0,630305000.0,412513850.0,598541850.0,69.11007787980937,3.0267778994803467,0.19657527891703472,0.33140639874595074,0.021047390481309748,69.11007787980937,0.03139159773544539,0.9257637575096557,5.525528423703386,0.6938206622106655,0.0,0.8311748669026388,0.0,0.44454431994923976,0.5318468948339761,0.018620075242502934,13.446130903875614,0.10095535612094444,0.6412213740458014,1.5908542008191033,0.3687611701896593,0.6168171107427853,0.05282250514884853,0.6015102110863223,0.42365539646251954,2.041976259036037,0.3392710122539824,0.5836481885784336,Packaged Foods,Consumer Defensive,SENEA
2022Q2,2022,Q2,2021-11-12,2021-10-02,11654000.0,372256000.0,16622000.0,1.31,42728000.0,0.1147812258,1188426000.0,586339000.0,783267000.0,372156000.0,602087000.0,608179000.0,611652000.0,438738000.0,648829000.0,66.55380249716231,2.104673846451488,0.18625560194744983,0.37751369088530695,0.014408018205999852,66.55380249716231,0.019875873854544895,1.1785921516375828,9.411747039643041,0.7482667876433258,0.0,0.5418273238635336,0.0,0.3132344798918906,0.43748051892217243,0.009806247927931567,-5.066258660508083,0.11478122582308949,-0.15483870967741933,1.1082363791146426,0.15816013585058347,0.5885697007903016,0.27079677601641733,-0.1755800792303339,-0.062334292322445986,3.284285937052362,0.2820035068137349,0.580117049094253,Packaged Foods,Consumer Defensive,SENEA
2022Q1,2022,Q1,2021-08-11,2021-07-03,14136000.0,235042000.0,17727000.0,1.55,33623000.0,0.1430510292,968276000.0,587412000.0,559910000.0,201657000.0,380864000.0,414690000.0,599998000.0,466953500.0,581850500.0,65.08720221606649,2.7765463137902477,0.1804557791373534,0.29745902364949983,0.016038566351907518,65.08720221606649,0.02406488120773835,1.9866811038027246,8.258232526881722,0.794933538981158,0.0008488964346349745,0.4857098073259543,2.56984903207707e-05,0.24274277168906386,0.6542792960323718,0.014599143219495268,55.596320990594116,0.14305102917776397,-0.049079754601226905,248.78105263157894,0.011163314499932247,0.5776298044572243,-0.40987433305251336,-0.04673275338863039,-0.15019175455417066,2.7432531185187408,-0.2609984225162762,0.5765771705405619,Packaged Foods,Consumer Defensive,SENEA
2021Q4,2021,Q4,2021-06-11,2021-03-31,14829000.0,304793000.0,20860000.0,1.63,56976000.0,0.1869334269,909348000.0,577815000.0,516299000.0,158130000.0,331533000.0,343144000.0,585874000.0,427153390.00000006,536727390.00000006,63.69915114099879,3.265028773793714,0.18629941452557217,0.29319245779358444,0.02021575503476417,63.69915114099879,0.025663923574154358,1.4014540688270403,7.201318194079169,0.7392563190640603,0.0007417897363274664,0.7221953465600448,2.5751873349290285e-05,0.33517751179966304,1.0203882881173718,0.01630728829886908,8.748482161143654,0.18693342694878162,-0.7936708860759494,0.16181774151263417,0.08862031779449286,0.5469146125568015,-0.2667558941624627,-0.7953491581562241,-0.7696554770318021,1.8122290414859823,0.2313554647944375,0.5617426101310915,Packaged Foods,Consumer Defensive,SENEA
2021Q3,2021,Q3,2021-02-03,2020-12-26,72460000.0,484392000.0,90560000.0,7.9,77704000.0,0.1604155312,858541000.0,503533000.0,535778000.0,188069000.0,355008000.0,410927000.0,571045000.0,354041130.0,514386130.0,55.510197332157425,2.8488373947859564,0.20324480717869037,0.3465393529321812,0.09671561022784979,55.510197332157425,0.14390318012920703,0.7308979710647575,1.2215054167816726,0.7031140560797405,0.0,0.9896842991577579,0.0,0.5642036897480726,0.5891188872169257,0.08439899783469863,109.30569002778635,0.16041553122264612,3.0101522842639596,1.5368541617403884,0.22121697781423424,0.4058505931139818,0.5876427681180149,3.0022093344380005,2.270967275879506,9.069112829855246,0.3244158452484747,0.23779890067333787,Packaged Foods,Consumer Defensive,SENEA
2021Q2,2021,Q2,2020-11-04,2020-09-26,18105000.0,390294000.0,27686000.0,1.97,48943000.0,0.1254003392,1066806000.0,432052000.0,714523000.0,380605000.0,634754000.0,550704000.0,498596000.0,321963000.0,559667000.0,47.50434304562947,1.8773347696430682,0.2367037680702958,0.5844597409571071,0.027629473640463115,47.50434304562947,0.04190467814059419,0.824924287844548,4.4457746478873235,0.745195022821327,0.0006628003314001657,0.6198447804991429,3.72713634796545e-05,0.3658528354733663,0.393074184522011,0.016971220634304646,-15.040080347549868,0.12540033923145116,-0.12053571428571438,2.021997437859495,0.356574675399046,0.30793648724232814,0.007845640624356493,-0.12561576354679804,-0.08624046998250767,18.529214011967994,0.11665014113016782,0.08239254806890403,Packaged Foods,Consumer Defensive,SENEA
2021Q1,2021,Q1,2020-08-05,2020-06-27,20706000.0,288165000.0,30299000.0,2.24,48562000.0,0.1685215068,882961000.0,415086000.0,523904000.0,177840000.0,467875000.0,423844000.0,480491000.0,300438100.0,522588100.0,45.52379907874534,2.945928924876293,0.26474215735462836,0.563153177895665,0.03145295248130753,45.52379907874534,0.04988363857128402,1.0425905297312303,3.6274280401815906,0.7237972371990383,0.0,0.5653094062909939,0.0,0.3263620930029752,0.45280026990553307,0.02345063938271339,3.7049499944506787,0.16852150677563202,-0.030303030303030234,6.565561795660253,0.3811668848396541,0.2715512793231621,0.047000991764046395,-0.023946450457245215,0.11882869908792142,27.56321972203406,0.10697985001999413,0.030626869481023528,Packaged Foods,Consumer Defensive,SENEA
2020Q4,2020,Q4,2020-07-02,2020-03-31,21214000.0,307871000.0,27081000.0,2.31,46382000.0,0.1506540077,909309000.0,394364000.0,551600000.0,149654000.0,514945000.0,411631000.0,459797000.0,365498640.0,667277640.0,42.921636917718764,3.685835326820533,0.343646659166466,0.7923669503301518,0.028190752630050213,42.921636917718764,0.05379294256067998,1.1871811245619106,4.307281040822098,0.9268052864865961,0.0005185255020269633,0.6352509893569727,3.009587121856322e-05,0.33857687540758974,0.8851350448367568,0.023329803180217067,-60.83532623169108,0.15065400768503692,-0.15384615384615383,7.350383903526968,0.20558630296008856,0.22030071127622786,-0.11276469575530348,-0.164243785210574,-0.18221349841461573,14.672936691072676,0.23033282205686656,-0.03423910221522883,Packaged Foods,Consumer Defensive,SENEA
2020Q3,2020,Q3,2020-02-05,2019-12-28,25383000.0,392971000.0,33115000.0,2.73,52277000.0,0.1330301727,932660000.0,435185000.0,599953000.0,172985000.0,497475000.0,493065000.0,438583000.0,377041840.00000006,694506840.0,47.4264385353095,3.4682371303870276,0.35524521261767417,0.7613382814205453,0.02890029822980513,47.4264385353095,0.05832691843698657,0.9594647951121077,3.713527163849821,0.8663943839976104,0.0,0.6909717785687486,0.0,0.42134432697874896,0.5810792843310114,0.02721570561619454,19.322597242863736,0.13303017270994552,4.571428571428572,2.7971649296590817,0.007549244530774878,0.2995850359331526,1.1732280191228435,4.476375404530744,3.4804491949668517,2.303525898942699,0.1317391424513667,0.10953249768919107,Packaged Foods,Consumer Defensive,SENEA
2020Q2,2020,Q2,2019-11-06,2019-09-28,4635000.0,370002000.0,7391000.0,0.49,24055000.0,0.0650131621,1045683000.0,412662000.0,723904000.0,286631000.0,633021000.0,575183000.0,413211000.0,282921510.0,620937510.0,44.53026869537067,2.525560738370937,0.34011837239392817,0.8618578885383195,0.006430279138443332,44.53026869537067,0.011231952542274307,0.764648596494073,15.260059870550164,0.6856010730331361,0.0,0.6014555367596052,0.0,0.3538376353063022,0.4919530685794628,0.004432509661149699,14.104467321401865,0.06501316209101572,3.0833333333333335,10.323086384211864,0.3780444821945891,0.2499162802408383,0.2545634713674768,3.202175883952856,-0.4110287672324488,-0.20286702816445454,0.09437892973536137,0.0628909688598616,Packaged Foods,Consumer Defensive,SENEA
2020Q1,2020,Q1,2019-08-07,2019-06-29,1103000.0,264925000.0,12549000.0,0.12,19174000.0,0.0723752005,925308000.0,413838000.0,593672000.0,151857000.0,511470000.0,493498000.0,408576000.0,263744909.99999997,617676910.0,43.667616334283004,3.909414778377026,0.4007670959291393,0.8960825250460325,0.010973387255436283,43.667616334283004,0.002665294148918176,0.995545569500802,59.77899138712601,0.6373143838893479,0.010879419764279238,0.49797770203729297,4.549850838827563e-05,0.28631007188957625,0.6354596758792812,0.0011920355168225066,9.39697545159796,0.07237520052845145,1.1318681318681318,12.748564897405327,0.2578445796390854,0.22051641926153917,0.38982313714120037,1.1275291941264887,5.902640264026402,19.411679209767623,0.08536322851297334,0.05844667880904042,Packaged Foods,Consumer Defensive,SENEA
2019Q4,2019,Q4,2019-06-13,2019-03-31,-8649000.0,262590000.0,1818000.0,-0.91,13796000.0,0.0525381774,848882000.0,417485000.0,603248000.0,112377000.0,431397000.0,501684000.0,409504000.0,231013200.0,523482200.0,43.73402472239682,5.36807353817952,0.3580580104184092,0.7280477142891362,0.0017690901971127797,43.73402472239682,-0.02071691198486173,0.8797486576031075,-6.677454040929587,0.5533449105955902,-0.0012718233321771303,0.49591774902129626,4.761632668609413e-05,0.30933627995410434,0.8615908949340167,-0.010188695248574006,5.319697876847972,0.052538177386800715,0.5625,-8.621599372576942,0.011321703485355761,0.19992141645467257,7.5820610687022905,0.5684131736526946,1.0768482901466796,-1.6439108942296627,-0.10878319484347147,0.062067558157028094,Packaged Foods,Consumer Defensive,SENEA
2019Q3,2019,Q3,2019-02-01,2018-12-29,-20040000.0,372238000.0,-23657000.0,-2.08,-2096000.0,-0.0056308061,962059000.0,420033000.0,709999000.0,468781000.0,542026000.0,575935000.0,418134000.0,278162500.0,626358500.0,43.639792207792205,1.5145643701429878,0.3752618082674763,0.8595134191837308,-0.021725629166328506,43.639792207792205,-0.04771053702923342,0.7472705634567132,-3.4700910678642716,0.6622396335526018,0.0,0.6499587627075972,0.0,0.38691805804009943,0.20722256234787673,-0.02083032329618038,-9.138358684582279,-0.005630806097174389,-2.586206896551724,-4.267274776056547,-0.13024735685002722,0.2293946874431265,-1.190406976744186,-2.556975505857295,-6.526885141584473,-1.6612250795774286,-0.11555464310411358,0.10522085503656707,Packaged Foods,Consumer Defensive,SENEA
2019Q2,2019,Q2,2018-11-09,2018-09-29,-5634000.0,320660000.0,-3143000.0,-0.58,11008000.0,0.034329196,1121900000.0,409781000.0,850238000.0,295479000.0,712119000.0,683897000.0,404129000.0,327867300.0,706011300.0,42.11953952101963,2.877490447713712,0.3484615384615385,0.9540193420387963,-0.002762567749856537,42.11953952101963,-0.01374880728974745,1.0224764548119503,-14.548602236421726,0.8001037139350043,0.0,0.4527757834878644,0.0,0.28581870041893215,0.3810558449162208,-0.005021837953471789,-10.89730780735866,0.03432919603318156,0.3555555555555556,-1.9426164178730185,0.05233497763364377,0.20849767156236546,0.8663953882672092,0.3564820102798401,0.2511317607815106,-1.8791174594150988,0.04191218892544386,0.15967675865912712,Packaged Foods,Consumer Defensive,SENEA
2019Q1,2019,Q1,2018-07-31,2018-06-30,-8755000.0,343392000.0,-4197000.0,-0.9,5898000.0,0.0171757059,964176000.0,402270000.0,679300000.0,180324000.0,561906000.0,569333000.0,395013000.0,263088000.0,621006000.0,41.28386699507389,3.7671080943191146,0.38431157796916743,0.9211325726502101,-0.004045230342018777,41.28386699507389,-0.021763989360379845,0.7661448140900196,-7.512507138777841,0.6540085017525542,-0.0013706453455168475,0.5927884032718989,4.561211457763182e-05,0.3561507442624583,0.5614837736518711,-0.009080292394749506,3.4395983683715095,0.017175705898797876,0.55,-8.17267123742721,0.6325138899143052,0.20547393891790416,-0.12258256471288308,0.5530198601112983,0.5490006447453256,-3.9933909152470357,0.5401301108499574,0.15312331034126542,Packaged Foods,Consumer Defensive,SENEA
2018Q4,2018,Q4,2018-06-29,2018-03-31,-19587000.0,265556000.0,-9306000.0,-2.0,6722000.0,0.0253129283,1070431000.0,396930000.0,778012000.0,194354000.0,673501000.0,680828000.0,389647000.0,269568727.09999996,714309727.0999999,40.78722750329001,4.003066569249925,0.42958677392564304,1.1584989796689593,-0.00867613529450268,40.78722750329001,-0.04934623233315698,1.015110662534456,-3.4406586907132284,0.6791341725241227,-0.0005615969775871752,0.3801753159388274,4.080592032442772e-05,0.248083248710099,0.483128723874991,-0.018298236878416266,133.71464637896824,0.025312928346563436,-3.5641025641025643,-6.557943454285077,0.0719650854493183,0.1997354249454801,-0.7879562158922432,-3.5348777015659376,-1.811263185424113,-8.279189890063938,-0.01821387792559374,0.15961753342876667,Packaged Foods,Consumer Defensive,SENEA
2018Q3,2018,Q3,2018-01-25,2017-12-30,7727000.0,392714000.0,11471000.0,0.78,31701000.0,0.080722867,1072003000.0,436799000.0,794510000.0,162423000.0,635204000.0,710118000.0,415882000.0,299505000.0,745332000.0,44.8458932238193,4.8916101783614385,0.4281228690591351,1.0507098230536243,0.012733833929860492,44.8458932238193,0.01769005881423721,0.7626542471111292,9.690209654458393,0.6856815148386328,0.0,0.5083845220090182,0.0,0.36633666137128346,0.48856996853893847,0.007208002216411708,-18.335169880624427,0.08072286702282068,8.090909090909092,-0.4224647529478407,-0.041103116941715166,0.3271283200925213,0.5536659478533621,7.948741007194244,6.241792929292929,0.08898493455498409,-0.051414216489471615,0.22887261950611484,Packaged Foods,Consumer Defensive,SENEA
2018Q2,2018,Q2,2017-10-26,2017-09-30,-1112000.0,376308000.0,1584000.0,-0.11,20404000.0,0.0542215419,1209968000.0,429754000.0,932609000.0,322982000.0,780214000.0,802387000.0,408166000.0,337824000.0,765331000.0,43.88827614379085,2.8874952783746464,0.3656683482538381,1.029535501705627,0.0010467512374119437,43.88827614379085,-0.002587526817667782,0.8977327083134029,-75.94964028776978,0.786086924147303,0.0,0.4435565381792078,0.0,0.3110065720746334,0.3939445541856822,-0.0009190325694563823,-7.807529640158081,0.05422154192842034,-0.29564193168433445,-1.0889508455862662,0.37630392561252557,0.4277774204845122,0.29467005076142133,-0.3253873659117998,0.8902147971360382,-1.1168131035574551,0.3263873591248257,0.2318962465531368,Packaged Foods,Consumer Defensive,SENEA
2018Q1,2018,Q1,2017-07-31,2017-07-01,-839000.0,280187000.0,838000.0,-0.0849,15760000.0,0.0562481486,1006943000.0,433494000.0,731857000.0,164200000.0,573449000.0,633505000.0,409278000.0,304724700.0,681928700.0,44.17098023232117,4.4571071863581,0.3902723391492865,0.9065454193137621,0.00034617735506249544,44.17098023232117,-0.001935436245945734,1.087576154496818,-90.79997020262218,0.7029502138437903,-0.014302741358760428,0.4174031775597667,3.937980741305185e-05,0.27825507501417657,0.574890377588307,-0.0008332149883359832,25.964953987730063,0.05624814855792738,0.5005882352941177,-1.1219781452287607,0.44409950489512157,0.4243356592118751,-0.15816462795790823,0.4915151515151515,2.26395173453997,-7.6297078939299,0.2846264146813021,0.23458551563071156,Packaged Foods,Consumer Defensive,SENEA
2017Q4,2017,Q4,2017-05-25,2017-03-31,-1650000.0,266115000.0,-663000.0,-0.17,18721000.0,0.0703492851,946019000.0,434261000.0,688270000.0,132277000.0,511758000.0,598056000.0,410129000.0,352737287.6,712577287.6,44.443336871653145,5.20324773014205,0.3930491882298347,0.856240832126302,-0.002873899825002238,44.443336871653145,-0.0037995583301286555,1.3255069710463523,-53.44504357575757,0.8122702420894348,-0.006666666666666667,0.4136636034083765,3.118468159361103e-05,0.2812998470432412,0.6355753456761191,-0.0017441510159943933,13.951559846537199,0.07034928508351652,-1.2073170731707317,0.09554269063096184,0.17363253183032115,0.4644736927226214,-0.5004402935290193,-1.2016868353502017,-1.0477321814254859,-0.7932571769494202,0.001285115320445927,0.21938266760287276,Packaged Foods,Consumer Defensive,SENEA
2017Q3,2017,Q3,2017-01-25,2016-12-31,8181000.0,369705000.0,13890000.0,0.82,37475000.0,0.1013646015,1004711000.0,417614000.0,750156000.0,178732000.0,587097000.0,656368000.0,411779000.0,391288500.0,763015500.0,42.744524053224154,4.197099568068393,0.38019589712862706,0.9146891627196406,0.011655462563074126,42.744524053224154,0.0195898604931827,1.0583803302633181,11.957233223322332,0.9369621229173352,0.0,0.506164224946981,0.0,0.3679714863279092,0.4342647091735112,0.008142640022852343,39.76105070622904,0.10136460150660662,0.32258064516129026,-0.47001991283602734,-0.009201392087946202,0.3663607756960733,0.2404011650999603,0.33154296875,0.2399571505088377,0.31401556572418926,-0.14898630369486732,0.20417371691645092,Packaged Foods,Consumer Defensive,SENEA
2017Q2,2017,Q2,2016-11-07,2016-10-01,6144000.0,357247000.0,11202000.0,0.62,30212000.0,0.0845689397,1148714000.0,410240000.0,905029000.0,312466000.0,738474000.0,771996000.0,403609000.0,276526080.0,649719080.0,41.89542483660131,2.896407929182695,0.3336922854600884,0.9343725624024961,0.00965286864231492,41.89542483660131,0.01497659906396256,0.774047311803878,11.251875,0.6740592823712948,0.0,0.42362266125731224,0.0,0.31099734137478957,0.36116249447939935,0.0053485898143489155,-4.910955459259785,0.0845689396971843,99.4126984126984,1.5544197561091728,0.5098143980689116,0.4105835412342858,0.5124906132665832,100.09677419354838,1.8237963196370053,0.021330173747524165,0.16486234494530583,0.20206735258541375,Packaged Foods,Consumer Defensive,SENEA
2017Q1,2017,Q1,2016-07-29,2016-07-02,-62000.0,252614000.0,3967000.0,-0.0063,19975000.0,0.0790732105,919981000.0,404642000.0,693649000.0,179579000.0,515339000.0,586829000.0,397465000.0,355834240.0,659053240.0,41.25632137030995,3.86263984096136,0.3431657827716007,0.7802106553447244,0.0030702655577356584,41.25632137030995,-0.0001532218603110898,1.4086085490115354,-1434.815483870968,0.8793803905674646,-0.1935483870967742,0.3964340548950376,3.372356746781872e-05,0.2745861055826153,0.43903240356611856,-6.739269615350752e-05,26.616369212356947,0.07907321051089805,-1.0045652173913042,0.9906974793783592,0.16669716386276634,0.4001127402331792,-0.5553106703176829,-1.0044781509570242,-0.7202003103399633,-1.0504630251988891,0.19311126364132214,0.20466961666805025,Packaged Foods,Consumer Defensive,SENEA
2016Q4,2016,Q4,2016-06-08,2016-03-31,13845000.0,303702000.0,14178000.0,1.38,44919000.0,0.1479048541,895327000.0,405174000.0,673887000.0,399458000.0,490153000.0,567707000.0,397539000.0,341825202.72,654395202.72,41.17819472641371,1.6870033895928984,0.35872033346475646,0.7926767265421769,0.013474195166904275,41.17819472641371,0.03417050452398229,1.12552832289547,6.172358301191766,0.8436503890180516,0.0007945106536655833,0.4558390155485136,3.2180190086833515e-05,0.33920790951239044,0.21376465110224355,0.015463623905009008,7.098436355933964,0.14790485410040105,-0.5548387096774194,9.845786005552718,0.43973624821145013,0.37325820663954007,-0.1544340492818553,-0.5551521382900106,-0.7897655659188304,2.885569072675558,0.2125164710420507,0.21123552574385443,Packaged Foods,Consumer Defensive,SENEA
2016Q3,2016,Q3,2016-02-02,2015-12-26,31123000.0,432198000.0,67439000.0,3.1,53123000.0,0.122913572,960219000.0,390272000.0,737578000.0,480708000.0,569947000.0,631181000.0,383694000.0,292665950.64,622552950.64,39.48513277588157,1.5343576557910414,0.36337127259510593,0.8940328796326664,0.06144315448468457,39.48513277588157,0.07974694571990816,0.6771571146557828,2.350881587893198,0.7499025055346015,0.0,0.6005804990961389,0.0,0.4501035701230657,0.19556570724847516,0.0324123975884668,7.1177088049029615,0.12291357202023147,3.769230769230769,2.223990125730718,0.1499452882623786,0.3075360989287397,0.8462153332869952,3.772002453235204,4.899142757172848,1.2923144946562475,0.039928406625009426,0.16848688168515089,Packaged Foods,Consumer Defensive,SENEA
2016Q2,2016,Q2,2015-11-02,2015-09-26,6522000.0,313202000.0,11432000.0,0.65,28774000.0,0.0918704223,1087609000.0,359605000.0,874321000.0,627215000.0,728004000.0,761703000.0,352582000.0,264752739.99999997,599757740.0,36.32006867993132,1.3939733584177674,0.3166597554819793,0.9577230572433643,0.010855610220148155,36.32006867993132,0.018136566510476772,0.8453098639216863,10.14844909536952,0.7362320879854285,0.0,0.37341063380346406,0.0,0.2879729755822175,0.14778504978356705,0.005996640336738662,-2.5438893479639484,0.09187042228338262,1.2413793103448278,1.7501791751143148,0.34780152559744637,0.24308056584331855,0.39822148792458334,1.1974393530997305,0.9245791245791246,-0.48403715062988334,0.13289006542979687,0.1815678018829909,Packaged Foods,Consumer Defensive,SENEA
2016Q1,2016,Q1,2015-07-31,2015-06-27,2968000.0,226258000.0,5940000.0,0.29,20579000.0,0.09095369,779281000.0,354008000.0,564316000.0,129217000.0,425273000.0,482556000.0,346060000.0,277358400.0,507368400.0,35.80177993527508,4.367196266745088,0.305327603265061,0.6721204040586654,0.006519940365448021,35.80177993527508,0.008383991322230007,1.22585013568581,23.362398921832884,0.7834805993084902,0.004043126684636119,0.4262282512288729,4.3265320249900485e-05,0.29034199473617345,0.48164715169056704,0.0038086389890167986,6.290019276561969,0.09095369003526947,0.035714285714285546,-0.37128192150186345,0.149503478432487,0.16291555518438347,-0.11575645597903149,0.07341772151898734,-0.009174311926605505,-0.5717261506136461,0.15741918727535725,0.15446276167887538,Packaged Foods,Consumer Defensive,SENEA
2015Q4,2015,Q4,2015-06-09,2015-03-31,2765000.0,277939000.0,5995000.0,0.28,23273000.0,0.0837342007,805694000.0,351730000.0,587293000.0,123748000.0,453964000.0,472412000.0,343104000.0,298100000.0,571559000.0,35.173,4.745878721272263,0.35257430240264914,0.8076280101214,0.005603157059836043,35.173,0.007861143490745742,1.0725374992354437,26.95298372513562,0.8475250902681033,0.003978300180831827,0.5390760607266538,3.690036900369004e-05,0.3449684371485949,0.6500711122604002,0.003431823992731732,9.629797131412326,0.08373420066993117,-0.6056338028169014,-0.5299412138544645,0.06459541793449082,0.1234025849974628,-0.10776721361754332,-0.6463742166517458,-0.47728659865725,2.480960357470211,0.19772315046975708,0.1590023796567543,Packaged Foods,Consumer Defensive,SENEA
2015Q3,2015,Q3,2015-02-02,2014-12-27,7819000.0,456207000.0,11469000.0,0.71,26084000.0,0.0571757996,881089000.0,391685000.0,673180000.0,163429000.0,489404000.0,547149000.0,340350000.0,300416670.0,580186670.0,36.49352464362247,4.119097589779048,0.3436383838636052,0.7730089229865836,0.012935041707740217,36.49352464362247,0.01996246984183719,0.6585095581610979,9.605341795626039,0.7669853836628924,0.0,0.7861167616133814,0.0,0.5177762972866532,0.5791995300711624,0.008874245394052134,5.403663458944149,0.0571757995822072,14.320825515947467,-0.5830873145885874,0.012453539466781785,0.17749941790717189,0.552249464413235,14.527681660899654,15.71865889212828,-0.5389183835037463,0.11292383270319209,0.1665428904496751,Packaged Foods,Consumer Defensive,SENEA
2015Q2,2015,Q2,2014-10-23,2014-09-27,-578000.0,312161000.0,686000.0,-0.0533,16804000.0,0.0538311961,1064689000.0,383841000.0,857912000.0,308162000.0,680848000.0,731527000.0,332531000.0,313738880.0,649184880.0,35.62660107666605,2.783964278528826,0.3282489064881858,0.9104889785093306,0.0006667072859483518,35.62660107666605,-0.0015058318418303411,1.0050546993378418,-135.70020761245675,0.8173667742633017,0.0,0.40375406512678275,0.0,0.2931945384990359,0.3130074441365256,-0.0005428815362983932,-2.6851779769087907,0.05383119608150922,-4.438775510204081,-1.0524683387932325,-0.04619625109356187,0.21694983775258236,-0.01129677571193222,-4.401869158878505,-0.312625250501002,-1.2184053786041227,0.19902447737124443,0.19951754409614922,Packaged Foods,Consumer Defensive,SENEA
2015Q1,2015,Q1,2014-08-06,2014-06-28,-107000.0,240043000.0,998000.0,-0.0098,16996000.0,0.070803981,774055000.0,386438000.0,568405000.0,137930000.0,387617000.0,467290000.0,333109000.0,329106470.0,545849470.0,35.777983520044444,4.12096715725368,0.294355052289566,0.5896081648285106,-0.0005892809374768489,35.777983520044444,-0.0002768878836967379,1.3710313152226892,-768.9403504672897,0.8516410653196631,-0.11214953271028037,0.47732029360782385,3.646236429201772e-05,0.3101110386212866,0.46788225911694337,-0.00013823307129338355,13.99916925432813,0.07080398095341252,0.8959660297239915,-1.006777090133525,-0.26886138516900654,-0.09288076471546128,-0.041182443867764866,0.8947885939036382,-0.5993576876756322,0.9854216215321988,0.006714359599466148,0.21419479203292371,Packaged Foods,Consumer Defensive,SENEA
2014Q4,2014,Q4,2014-05-22,2014-03-31,-1017000.0,293759000.0,2491000.0,-0.0942,17726000.0,0.060341981,768853000.0,393632000.0,584059000.0,131288000.0,375221000.0,451250000.0,333228000.0,339984000.0,556916000.0,36.447407407407404,4.448685333008348,0.3001497035193984,0.5862607714819933,-0.003946722438456093,36.447407407407404,-0.0025836314120803185,1.1573568809806678,-83.57522123893806,0.8637102674579303,-0.010816125860373648,0.6117074792243767,3.235446373947009e-05,0.38207433670675667,0.691632136981293,-0.0013227496023297041,8.923464566929134,0.060341981011645604,-1.1544262295081966,-1.27454878202701,-0.2657204615310501,-0.006302427061920883,-0.4314580794149721,-1.1485539000876424,-0.7637070764560805,0.4080092345942106,0.26875269756102416,0.21549042315959938,Packaged Foods,Consumer Defensive,SENEA
2014Q3,2014,Q3,2014-01-29,2013-12-28,6846000.0,477694000.0,10542000.0,0.61,31178000.0,0.0652677237,866545000.0,381344000.0,676885000.0,174224000.0,485201000.0,550723000.0,334245000.0,343023990.0,598087990.0,35.49697477427162,3.8851421158967767,0.3149796029057925,0.715742217000923,0.012097381137202113,35.49697477427162,0.017952295040698164,0.7180831034092955,12.5264384312007,0.8995132741042208,0.0,0.8107814636396156,0.0,0.5512627734278082,0.5258632564973826,0.007900339855402777,6.088678866839434,0.06526772368922365,0.0338983050847458,-0.6505614216691981,-0.27186589670109174,-0.03985615568049779,0.3931811072880826,0.03680145388459791,0.5541795665634675,-0.3475347886056574,0.16937129067463907,0.17546966812970885,Packaged Foods,Consumer Defensive,SENEA
2014Q2,2014,Q2,2013-10-23,2013-09-28,6603000.0,336628000.0,6783000.0,0.59,22379000.0,0.0664799125,1111252000.0,374598000.0,920155000.0,368806000.0,736654000.0,758654000.0,327410000.0,322440000.0,633824000.0,34.85280982508374,2.494956698101441,0.29646920770446306,0.8794814708033679,0.012151864702563086,34.85280982508374,0.017626896032546892,0.957852585049372,12.208087233075876,0.8607627376547659,0.0,0.41421913019637413,0.0,0.3029267888831696,0.30953129829775006,0.005941946561176043,-3.7457308148044888,0.06647991254441105,3.9166666666666665,0.06838647836023509,-0.2462365115072766,-0.06091761835015557,0.13714430894308943,3.9020044543429844,0.7906546990496304,1.5649145119054193,0.3344523061754324,0.19286257249105496,Packaged Foods,Consumer Defensive,SENEA
2014Q1,2014,Q1,2013-08-01,2013-06-29,1347000.0,232127000.0,3788000.0,0.12,19680000.0,0.0847811758,776750000.0,368258000.0,586011000.0,172864000.0,408492000.0,484694000.0,320807000.0,329902040.0,555159040.0,34.24700083697573,3.3900118011847464,0.29781268104280656,0.6281628640789881,0.004339602365680321,34.24700083697573,0.003657761677954043,1.4212135598185476,61.22903489235338,0.8958448696294445,0.008908685968819599,0.4383115945318077,3.6374434059274087e-05,0.2988439008690055,0.3432814235468345,0.0017341486964917927,10.907655480244669,0.08478117582185614,-0.6666666666666666,1.457825991702957,-0.24384637230028874,-0.06270872234306515,-0.25287574503625526,-0.6555868064433649,-0.5118556701030927,-0.7376153287763185,0.08445320471580782,0.11241312760797167,Packaged Foods,Consumer Defensive,SENEA
2013Q4,2013,Q4,2013-05-23,2013-03-31,3911000.0,274922000.0,7760000.0,0.36,26341000.0,0.0958126305,803149000.0,367166000.0,611466000.0,164567000.0,435983000.0,479730000.0,319472000.0,348083999.99999994,604166000.0,33.99685185185185,3.7156051942369976,0.3364083127788243,0.7358687895938077,0.008609273917298198,33.99685185185185,0.010651857742819324,1.266119117422396,22.250319611352595,0.9480289569295631,0.002812579902838149,0.5181685531444771,3.1601567437744915e-05,0.34230510154404725,0.5896504159400123,0.00486958210742963,11.871086556169427,0.09581263049155761,-0.7272727272727273,1.2402815771944462,-0.17900040047856244,-0.07534597547123048,-0.41452734991442736,-0.7355645706558486,-0.6763295099061523,-0.3843681224917322,-0.02496357284436755,0.08583718341188262,Packaged Foods,Consumer Defensive,SENEA
2013Q3,2013,Q3,2013-01-31,2012-12-29,14790000.0,452731000.0,23975000.0,1.32,44991000.0,0.0993768927,823028000.0,363835000.0,633518000.0,190186000.0,459193000.0,527606000.0,315561000.0,320964270.0,578373270.0,33.791678276214355,3.3310443460612245,0.3279548204921339,0.741863756922781,0.025395350387934227,33.791678276214355,0.04065029477647835,0.7089513861432064,5.425359533468559,0.8821698572154961,0.0,0.7728115298158095,0.0,0.550079705672225,0.4338647429358628,0.017970227015362782,7.339177966295475,0.09937689268020082,0.08196721311475418,0.5357711232174703,-0.1640983084622006,-0.1265512476263242,0.09988998899889989,0.018524894979684594,-0.038461538461538464,-0.21388064926730532,0.001566540648280252,0.09032169100997994,Packaged Foods,Consumer Defensive,SENEA
2013Q2,2013,Q2,2012-10-25,2012-09-29,14521000.0,317593000.0,24934000.0,1.22,40905000.0,0.1287969193,1047362000.0,349624000.0,855484000.0,379645000.0,697738000.0,726898000.0,300782000.0,339627640.0,640298640.0,30.738878143133462,2.2533788144187334,0.3050244328131057,0.9137559206461799,0.023427520093974228,30.738878143133462,0.04153318994119397,1.0693801185794398,5.8471806349424975,0.9714082557261515,0.0,0.38064212585534696,0.0,0.30323135649374333,0.26947806503444005,0.013864356354345488,-3.1593268837209303,0.12879691932756704,0.8208955223880595,0.3254707816593167,-0.22879190335385471,-0.18664035883731236,0.40687876182287186,0.7727994139909657,0.7479144759901858,0.2486184515434763,-0.08078934304257776,0.04999274807281985,Packaged Foods,Consumer Defensive,SENEA
2013Q1,2013,Q1,2012-08-03,2012-06-30,8191000.0,231051000.0,14265000.0,0.67,29075000.0,0.1258380184,738559000.0,362433000.0,540295000.0,155385000.0,376126000.0,458368000.0,286261000.0,314380300.0,490489300.0,31.01163686147001,3.4771374328281364,0.2549329166661025,0.5194973967602288,0.016592519720801148,31.01163686147001,0.022600039179655276,1.3606532756837235,9.595296667073617,0.8674163224651177,0.001465022585764864,0.44064158056408825,3.817033064730838e-05,0.3128402741013243,0.4381568362454548,0.011090515449679714,6.409384301732926,0.12583801844614392,4.526315789473685,-0.015619718108331761,-0.20937871094698984,-0.158370788659676,0.8670134206639697,4.753895508707608,14.159594095940959,-0.5205345341702675,-0.3496016207874779,-0.21372728289904633,Packaged Foods,Consumer Defensive,SENEA
2012Q4,2012,Q4,2012-06-08,2012-03-31,-2182000.0,271204000.0,-1084000.0,-0.19,15573000.0,0.0574217194,738036000.0,354673000.0,543250000.0,118168000.0,383363000.0,432433000.0,278082000.0,307835580.0,532624580.0,30.34765123641653,4.597268295985376,0.3173408885203432,0.6603519298057647,-0.0009981545175913524,30.34765123641653,-0.006152145779351684,1.1350702054541968,-35.26988771769019,0.8679419634423822,-0.005041246562786435,0.591145911620991,3.573336129631279e-05,0.367467169623162,0.8195196669149009,-0.002956495347110439,4.0405263365141035,0.057421719443666024,-1.125,-1.1651831425627346,-0.13043227360655082,-0.15958268322632277,-0.6887703099706217,-1.117754991905019,-1.0343592506894037,-1.54434473434254,-0.3735490859249445,-0.17260541906556687,Packaged Foods,Consumer Defensive,SENEA
2012Q3,2012,Q3,2012-01-27,2011-12-31,18530000.0,447918000.0,31549000.0,1.52,50037000.0,0.1117101791,836850000.0,366892000.0,649960000.0,153946000.0,469958000.0,537863000.0,280264000.0,302816391.96,593320391.96,31.283482966970094,4.221999922050589,0.3605449005198064,0.8223727963542404,0.029754993270578033,31.283482966970094,0.05050532581795188,0.6760531882174862,4.085488288720993,0.8253556685891216,0.0,0.7397441355884306,0.0,0.5352428750672164,0.6229197250984111,0.022142558403537075,9.270078735076225,0.11171017909528083,5.333333333333334,0.05667086113331843,-0.26040172073473117,-0.11060264843694592,1.3433241230740411,5.427332639611516,4.278400535385645,-0.1336132388514789,-0.3745932930204224,-0.1538252543881278,Packaged Foods,Consumer Defensive,SENEA
2012Q2,2012,Q2,2011-10-27,2011-10-01,2883000.0,283616000.0,5977000.0,0.24,21353000.0,0.0752884181,1053075000.0,348598000.0,865002000.0,342428000.0,704477000.0,733143000.0,261745000.0,232392600.0,555856600.0,29.700775325892476,2.5260843155349444,0.3167400232651995,0.9568356674450227,0.0061657042265235934,29.700775325892476,0.008270271200637985,0.8193917127383504,20.151977107180024,0.6666492636217076,0.0,0.35772420932887583,0.0,0.269321748213565,0.32032427254780566,0.002737696745246065,-1.9329324283860665,0.07528841814284103,1.352941176470588,-0.7842928628158312,-0.36164873389565544,-0.12839012673968142,2.6463456284153004,1.3615047021943574,1.5919580073289097,-0.5728284887542465,-0.41845123091764796,-0.19973525893994323,Packaged Foods,Consumer Defensive,SENEA
2012Q1,2012,Q1,2011-08-03,2011-07-02,-7975000.0,259083000.0,-10097000.0,-0.68,5856000.0,0.0226027952,722210000.0,345818000.0,533763000.0,134844000.0,376392000.0,431862000.0,258862000.0,287297280.0,489075280.0,29.466428084526243,3.958374121206728,0.29148862519211866,0.6087479541261589,-0.01212529327605581,29.466428084526243,-0.023061263439150072,1.1089005453850695,-9.00618432601881,0.8307759572954561,-0.0015047021943573667,0.5863609208497159,4.1768582006763175e-05,0.3587363786156381,0.5724540951024888,-0.011042494565292644,11.121759058532053,0.022602795243223214,-3.25,-2.2694424149639523,0.017237677434304752,-0.09017090728050407,-0.5904895104895105,-3.2488012786361216,-8.401303538175046,-1.483551017588356,-0.22672700491976902,-0.19354613973926238,Packaged Foods,Consumer Defensive,SENEA
2011Q4,2011,Q4,2011-05-26,2011-03-31,-1877000.0,252972000.0,-1074000.0,-0.16,14300000.0,0.0565279952,744708000.0,353832000.0,556267000.0,261555000.0,390876000.0,455236000.0,266849000.0,352466000.0,580323000.0,29.985762711864407,2.126768748446789,0.3123626978627865,0.6574278188518845,-0.0010273321660136223,29.985762711864407,-0.005304777408487644,1.3933004443179482,-46.945391582312205,0.9961394107938231,-0.005860415556739478,0.5242819109209289,3.1208683958169015e-05,0.3396928729112619,0.31847221425703964,-0.0025204509687018267,7.571284342577277,0.05652799519314391,-1.1702127659574468,-1.1213876392197708,-0.12220315795249409,-0.05959628547086409,-0.5856753781074346,-1.1637585063688711,-1.055902560899438,0.8944547534278603,-0.3085709008331729,-0.18444048022699963,Packaged Foods,Consumer Defensive,SENEA
2011Q3,2011,Q3,2011-01-27,2011-01-01,11462000.0,446250000.0,19212000.0,0.94,34514000.0,0.0773422969,814187000.0,354394000.0,623491000.0,328703000.0,459793000.0,545072000.0,268726000.0,316627324.38,591343324.38,30.1981205782629,1.89682175094234,0.34737842780589717,0.7980693804071175,0.02057228817217708,30.1981205782629,0.032342534015812906,0.7095290182184874,6.906022604693771,0.8934330840251246,0.0,0.7553791058795902,0.0,0.5480927600170477,0.1940018801167011,0.014077846981098936,27.667539704648725,0.07734229691876751,3.08695652173913,-0.03825461892040592,-0.1787935255226123,-0.012347104515340997,0.8044648925602551,3.0775524724297405,1.9593345656192236,0.09196066642046494,-0.24407019790517717,-0.21943768144597509,Packaged Foods,Consumer Defensive,SENEA
2011Q2,2011,Q2,2010-10-28,2010-10-02,2811000.0,275448000.0,6492000.0,0.23,19127000.0,0.0694396038,1051460000.0,342900000.0,859846000.0,577476000.0,708560000.0,757783000.0,257275000.0,311356080.0,598744080.0,29.217791411042946,1.4889727018958363,0.28328039107526676,0.8686439195100613,0.015563032697083817,29.217791411042946,0.008197725284339458,1.130362464058552,27.690864461045894,0.9080083989501313,0.0,0.33825118800500936,0.0,0.2619671694596085,0.1525067708441563,0.002673425522606661,-3.8889856484430623,0.0694396038453719,-0.46511627906976744,-0.7896620087843624,-0.3799801073562611,-0.14256395029107458,-0.24351368454358488,-0.4671090047393365,-0.3585614069755953,-0.751327590780208,-0.3517636132054724,-0.22688875543882708,Packaged Foods,Consumer Defensive,SENEA
2011Q1,2011,Q1,2010-08-04,2010-07-03,5275000.0,219942000.0,10121000.0,0.43,25284000.0,0.1149575797,713840000.0,340157000.0,533629000.0,145735000.0,373683000.0,467569000.0,254464000.0,350032320.0,537164320.0,30.786224997737353,3.661639276769479,0.2713157009974224,0.5693723780489598,0.012218609577751113,30.786224997737353,0.015507545045376105,1.5914755708323103,16.589209478672988,1.0290316530308063,0.002274881516587678,0.41631930260560474,3.428254853723222e-05,0.30811106130225263,0.36691254674580576,0.007389611117337219,17.899888519560214,0.11495757972556402,-0.2711864406779661,0.34720159410110785,-0.13192795859433118,0.06063023647289933,-0.07910839160839161,-0.16190022243406418,-0.07663534349055744,-0.3294540955576825,-0.2039343360089927,-0.1644882732009636,Packaged Foods,Consumer Defensive,SENEA
2010Q4,2010,Q4,2010-05-26,2010-03-31,6294000.0,279350000.0,10961000.0,0.59,27456000.0,0.0982853052,719333000.0,335010000.0,540227000.0,135617000.0,384323000.0,446464000.0,249201000.0,311584000.0,518443000.0,31.309345794392524,3.9834755229801573,0.29788707038325785,0.6396226978299155,0.014755149316472378,31.309345794392524,0.01878749888063043,1.1153892965813497,12.376231331426757,0.9300737291424137,0.0017476962186209089,0.5641977852637615,3.530348156516381e-05,0.3883458704105053,0.5963927826157488,0.008749772358559943,3.5453604141776185,0.0982853051727224,-0.6143790849673203,0.5936525692431529,0.0012197190607355958,0.07131243621299285,-0.4326803868088272,-0.6617220251531764,-0.6619270865461724,-0.4795763996590417,-0.02169276773378542,-0.1329504818189144,Packaged Foods,Consumer Defensive,SENEA
2010Q3,2010,Q3,2010-02-02,2009-12-26,18606000.0,447027000.0,32422000.0,1.53,48396000.0,0.1082619171,824702000.0,330007000.0,645456000.0,167182000.0,494695000.0,544694000.0,242918000.0,244265120.0,539316120.0,30.992392937640872,3.8607984113122225,0.37987539741627885,0.9493253173417534,0.0308306899044058,30.992392937640872,0.05638062222922544,0.5464214018392625,3.28207459959153,0.7401816325108256,0.0,0.7318439343925213,0.0,0.5420467029302706,0.47095979232213997,0.02256087653479681,-9.36240398620161,0.10826191706541216,0.5,13.849466655874483,0.5225021206079065,0.7835341779295752,0.25710426515663154,0.7102674878205717,0.44367263336004986,0.16861761660011546,-0.18700807539860953,-0.11887841176627756,Packaged Foods,Consumer Defensive,SENEA
2010Q2,2010,Q2,2009-11-05,2009-09-26,10879000.0,323205000.0,22458000.0,1.02,38498000.0,0.1191132563,1022750000.0,311485000.0,837081000.0,430686000.0,711265000.0,728120000.0,224312000.0,297915744.0,567043744.0,29.27532423395522,1.9435992811468217,0.27261989733561476,0.8951378075990818,0.023739668931745013,29.27532423395522,0.03492624042891311,0.9217547500812178,6.846119680117657,0.9564368878116122,0.001103042559058737,0.3910165906718673,4.027984502893543e-05,0.31601564409679783,0.21488509029780398,0.010637008066487411,-4.3063854293148305,0.11911325629244597,-0.296551724137931,3.65279314713337,0.5422687018924398,0.6715449934670316,0.07126360018922002,-0.01867219917012448,0.17231299263976615,-0.1020947099168229,-0.19753010606470733,-0.1408755709159018,Packaged Foods,Consumer Defensive,SENEA
2010Q1,2010,Q1,2009-08-06,2009-06-27,11086000.0,230528000.0,19157000.0,1.45,35937000.0,0.155889957,685606000.0,299123000.0,499381000.0,183797000.0,386483000.0,415755000.0,211899000.0,242460480.0,442571480.0,39.441323839662445,2.7170247610135094,0.30438181696192856,0.6976594912460761,0.025315816369290662,39.441323839662445,0.03706167696900606,1.0517615213770128,5.467717842323651,0.81057116971948,0.0,0.4680424769395437,0.0,0.33623976452948195,0.3723618992693025,0.01616963678847618,9.810653071133771,0.15588995696835092,3.2647058823529407,2.61251879146071,1.0667765296844558,1.2806130969003682,0.38908430288740287,3.197652404392276,1.06544474393531,1.7307312731280478,0.4006479157655256,0.217821983097442,Packaged Foods,Consumer Defensive,SENEA
2009Q4,2009,Q4,2009-06-12,2009-03-31,2641000.0,285231000.0,9275000.0,0.34,25871000.0,0.0907019223,675605000.0,282425000.0,487932000.0,155850000.0,393180000.0,392955000.0,200813000.0,160545000.0,385498000.0,36.67857142857143,3.130779595765159,0.3416226937337645,0.8172151898734177,0.007660987911190622,36.67857142857143,0.009351155173939984,0.5628595769744523,15.197368421052632,0.5684518013631937,0.0041650889814464215,0.6600246847603415,6.851661527920521e-05,0.42218604065985305,0.5297529675970485,0.0039090888906979674,2.1712288009520977,0.0907019223015731,-0.6991150442477875,-0.3282512418457119,0.5457024704277148,0.31098868175015765,-0.4721281371148745,-0.8091211332755132,-0.6635958071887128,-0.7382601338750635,0.5167345035659279,0.15030139958398206,Packaged Foods,Consumer Defensive,SENEA
2009Q3,2009,Q3,2009-02-04,2008-12-27,13836000.0,463322000.0,27571000.0,1.13,49010000.0,0.1057795658,788189000.0,280495000.0,597316000.0,188606000.0,507694000.0,488283000.0,198172000.0,148932810.0,448159810.0,36.970475813892186,3.167004231042491,0.39694032776402616,1.1153995614895096,0.02692675180519035,36.970475813892186,0.04932708247918858,0.32144558212215263,2.691038052905464,0.5309642239612113,0.0,0.8485079349475612,0.0,0.5878310912737935,0.5134937382691961,0.017554165308066975,-4.7138094635227095,0.10577956583110666,2.138888888888889,9.752454778412494,1.0886411275841474,1.213815244669701,0.7014997916955978,2.169759450171821,1.4899304614828863,0.7957530801867884,0.3188439747832818,0.20914801271836586,Packaged Foods,Consumer Defensive,SENEA
2009Q2,2009,Q2,2008-11-04,2008-09-27,4365000.0,315418000.0,11073000.0,0.36,28804000.0,0.0913200895,935245000.0,281730000.0,754243000.0,356058000.0,653515000.0,648474000.0,184347000.0,154628670.0,422158670.0,37.1136872612304,2.1183149936246344,0.2985217777159995,0.990987825222731,0.011547623180446914,37.1136872612304,0.015493557661590884,0.49023413375267105,8.856166666666667,0.5488541156426366,0.0,0.4419822537218146,0.0,0.33725708236879104,0.27286846525004355,0.004667226234836861,-2.5166607532306893,0.09132008953198613,2.333333333333333,-0.018142400426403422,0.11772820596046446,0.35108991220166874,0.8159122430967091,3.101588830043332,5537.5,0.06502691348229502,0.16210513791934983,0.2552714302117585,Packaged Foods,Consumer Defensive,SENEA
2009Q1,2009,Q1,2008-08-07,2008-06-28,-2077000.0,216713000.0,-2000.0,-0.27,15862000.0,0.0731935786,637534000.0,277362000.0,455102000.0,128538000.0,360172000.0,373672000.0,179982000.0,158272350.0,364498350.0,36.538269002766434,3.540602778944748,0.33575621064915756,0.7717567655266403,-2.426956306760112e-06,36.538269002766434,-0.007488408650067421,0.7303315906290808,-19.05059581126625,0.5706345858480975,-0.005777563793933558,0.5375061551307029,7.581867584578102e-05,0.3399238315132997,0.4462882571690862,-0.0032578654628615884,3.665748332406893,0.07319357860396007,0.8211920529801324,-1.497479099202731,0.2597910924264161,0.3608701781952286,3.90021624961384,0.8186659682207089,0.9998323554065381,-1.772094755969172,0.24496328886280164,0.2587965200528088,Packaged Foods,Consumer Defensive,SENEA
2008Q4,2008,Q4,2008-06-16,2008-03-31,-11454000.0,235644000.0,-11930000.0,-1.51,3237000.0,0.0137368233,672073000.0,279430000.0,485480000.0,115378000.0,392643000.0,395739000.0,182071000.0,159600000.0,409477000.0,36.767105263157895,4.207734576782403,0.38715883542412804,0.9311777547149555,-0.015965104899531003,36.767105263157895,-0.04099058798267902,0.6772928655089882,-3.4834992142482974,0.5711627241169523,-0.0009603631918980269,0.5872734302153693,6.892230576441103e-05,0.3506226258159456,0.6269306106883461,-0.017042791482472886,3.7967456465886382,0.013736823343687936,-3.745454545454545,-6.279316024091329,1.0051304190617976,0.5201697478810509,-0.9004673759301396,-2.6898790203599883,-1.745718214776847,-5.083140017451635,0.1890696393028569,0.25806068803353216,Packaged Foods,Consumer Defensive,SENEA
2008Q3,2008,Q3,2008-02-06,2007-12-29,6778000.0,381193000.0,15998000.0,0.55,32522000.0,0.0853163621,746250000.0,293175000.0,558993000.0,138205000.0,453075000.0,475596000.0,193526000.0,178083000.0,470323000.0,38.687648456057005,4.04466553308491,0.4079396984924623,1.0383729854182655,0.017077635089377114,38.687648456057005,0.02311929734800034,0.4671727969821062,6.568419887872529,0.6074290099769762,0.0,0.7331243324165889,0.0,0.5108113902847571,0.5385550450417858,0.009082747068676717,7.7326530612244895,0.0853163620528184,-0.08333333333333323,0.8633984340635172,0.4008254356311261,0.6024328767185366,0.017680007510091685,-0.07163402273661142,-0.02694483303935284,7.577291519595197,0.8242422494224327,1.2263767571589888,Packaged Foods,Consumer Defensive,SENEA
2008Q2,2008,Q2,2007-11-07,2007-09-29,7301000.0,274445000.0,16441000.0,0.6,31957000.0,0.1164422744,928470000.0,286467000.0,742946000.0,305269000.0,642003000.0,652985000.0,186759000.0,206100207.57999998,521508207.58,37.792480211081795,2.4337420439022632,0.3491421370642024,1.1316067819329976,0.017147180010768766,37.792480211081795,0.025486356194605313,0.7509708960994006,7.057259539104232,0.7194553214855463,0.0,0.371353093868925,0.0,0.2955884411989617,0.26601784000340684,0.007863474317963963,-1.9459019740357832,0.1164422744083514,0.3636363636363636,2.0099769129287597,0.2865383637178891,0.5901263713932278,0.20365348399246705,0.353540971449759,0.31464896849512236,3.3830188149850806,0.8382455174376784,1.1578524829544083,Packaged Foods,Consumer Defensive,SENEA
2008Q1,2008,Q1,2007-08-08,2007-06-30,5394000.0,189442000.0,12506000.0,0.44,26550000.0,0.1401484359,657573000.0,279154000.0,474336000.0,150518000.0,378419000.0,364141000.0,179458000.0,200688240.0,410562240.0,36.84714889123548,3.151357312746648,0.328089809040213,0.7728458127055318,0.016070014815488892,36.84714889123548,0.019322667774776647,1.05936508271661,9.301457174638486,0.7189158672274085,0.002224694104560623,0.4473322147190237,5.979423607481934e-05,0.28809272886812565,0.36707902044938145,0.008202891542079739,113.76884353741497,0.14014843593289766,-0.6106194690265487,1.4551214488217126,0.35157728553543044,0.6003119311490948,-0.024506742109710843,-0.370080579236249,0.6273259596616786,0.7595618654996465,0.7002174412876483,1.1306102879915074,Packaged Foods,Consumer Defensive,SENEA
2007Q4,2007,Q4,2007-06-14,2007-03-31,8563000.0,202176000.0,7685000.0,1.13,27217000.0,0.1346203308,626715000.0,273571000.0,451439000.0,116984000.0,353144000.0,380487000.0,173853000.0,201521600.0,413397600.0,36.11021647307286,3.8589807153114957,0.35171968119480146,0.8057432988145673,0.01857132606815648,36.11021647307286,0.03130083232506369,0.9967632162076606,5.883498773794232,0.7366336344130043,0.001284596519911246,0.45982911374107394,5.458471945439099e-05,0.3225963954907733,0.5475278670587431,0.013663307883168585,3.5685224536053264,0.13462033080088637,0.2282608695652172,12.73102024270006,0.7100401540005379,0.6023427980048225,-0.27118144815766926,-0.24368486133192016,-0.6773177695666779,1.2136816967479158,0.11354952132778234,0.29067417971655807,Packaged Foods,Consumer Defensive,SENEA
2007Q3,2007,Q3,2007-02-07,2006-12-30,11322000.0,391012000.0,23816000.0,0.92,37344000.0,0.0955060203,710646000.0,266336000.0,536040000.0,128726000.0,444310000.0,419813000.0,165289000.0,,,,,,,,,,,,,,,,,,,,,,,,,,,,,,,Packaged Foods,Consumer Defensive,SENEA
2007Q2,2007,Q2,2006-11-08,2006-09-30,8523000.0,283324000.0,19876000.0,0.65,34226000.0,0.1208016264,919326000.0,255044000.0,740005000.0,293397000.0,664282000.0,610286000.0,153979000.0,,,,,,,,,,,,,,,,,,,,,,,,,,,,,,,Packaged Foods,Consumer Defensive,SENEA
2007Q1,2007,Q1,2006-08-04,2006-07-01,3659000.0,148341000.0,9568000.0,0.33,20859000.0,0.1406152042,546594000.0,221377000.0,398791000.0,164665000.0,325217000.0,301241000.0,146240000.0,,,,,,,,,,,,,,,,,,,,,,,,,,,,,,,Packaged Foods,Consumer Defensive,SENEA
