Quarters,Year,Quarter,FillingDate,Date,NetIncome,Revenue,OperatingIncome,EPSDiluted,GrossProfit,GrossProfitRatio,TotalAssets,CommonStockEquity,CurrentAssets,CurrentLiability,TotalLiability,Inventory,RetainedEarnings,MarketCap,EnterpriseValue,bookValuePerShare,currentRatio,debtToAssets,debtToEquity,roic,shareholdersEquityPerShare,roe,priceToSalesRatio,peRatio,pbRatio,payoutRatio,inventoryTurnover,dividendYield,assetTurnover,quickRatio,returnOnAssets,priceToFreeCashFlowsRatio,grossProfitMargin,epsdilutedGrowth,fiveYNetIncomeGrowthPerShare,fiveYRevenueGrowthPerShare,fiveYShareholdersEquityGrowthPerShare,grossProfitGrowth,netIncomeGrowth,operatingIncomeGrowth,threeYNetIncomeGrowthPerShare,threeYRevenueGrowthPerShare,threeYShareholdersEquityGrowthPerShare,Industry,Sector,Symbol
2023Q1,2023,Q1,2023-05-15,2023-03-31,-2482203.0,0.0,-2514367.0,-0.2,0.0,0.0,10766566.0,-7877661.0,340102.0,911385.0,18644227.0,0.0,-18330179.0,113142529.97,113873823.97,-0.7025262693973326,0.3731705042325691,0.07198209717007262,-0.09837945552620252,0.35770449386501313,-0.7025262693973326,0.31509390922000835,0.0,-11.39537438819468,-14.362452252007289,0.0,0.0,0.0,0.0,0.04795558408356512,-0.23054732586044613,-102.88967658771116,0.0,-1.0000000023920947,0.0,0.0,0.0,1.0,-8.468057260452019,-1.6612803187143044,0.0,0.0,0.0,Shell Companies,Financial Services,GATE
2022Q4,2022,Q4,2023-04-03,2022-12-31,332376.0,0.0,-944796.0,83608733.3,-1670335.0,0.0,11219899.0,-5395458.0,894051.0,1206781.0,16615357.0,0.0,-15786360.0,277521094.32,277152739.32,-0.1948049725462037,0.7408560459602861,0.017825472403985097,-0.03706821552498416,0.08733219741401678,-0.1948049725462037,-0.06160292601666068,0.0,208.74032294750523,-51.436058684916084,0.0,0.0,0.0,0.0,0.47096780608909156,0.029623796078734756,-608.4080964083631,0.0,4180436664.0,8.168718638115296,0.0,-1.0122136444990248,0.0,-0.6306280776270474,-2.814675743113932,8.168718638115296,0.0,-1.0122136444990248,Shell Companies,Financial Services,GATE
2022Q3,2022,Q3,2022-11-10,2022-09-30,899841.0,0.0,-247674.0,0.02,0.0,0.0,303550026.0,287781531.0,369510.0,559395.0,15768495.0,0.0,-14764418.0,111572663.35,111737645.35,25.664227665405104,0.660552918778323,0.0006588699814507675,0.0006949716311016498,-0.0006563553403264973,25.664227665405104,0.0031268198375106982,0.0,30.997882778735352,0.38769917917352376,0.0,0.0,0.0,0.0,0.06259977296901116,0.0029643911148932007,-482.2657492295257,0.0,0.6,2075.820254301999,0.0,47205.4786647395,0.0,0.7513823768122712,-0.2589219000177904,2075.820254301999,0.0,47205.4786647395,Shell Companies,Financial Services,GATE
2022Q2,2022,Q2,2022-08-12,2022-06-30,513789.0,0.0,-196735.0,0.0125,0.0,0.0,302322799.0,286881690.0,421485.0,363759.0,15441109.0,0.0,-14635708.0,407187730.04,407121361.04,6.9608951549732705,1.1586929807922277,0.0,0.0,-0.00245241795100311,6.9608951549732705,0.0017909438556360986,0.0,198.12984028463046,1.419357680303682,0.0,0.0,0.0,0.0,0.18245321765234673,0.0016994715638366394,-3900.8260769267617,0.0,13.500000000000002,0.0,0.0,11952.40375,0.0,13.947658888160879,0.21749834936241638,0.0,0.0,11952.40375,Shell Companies,Financial Services,GATE
2022Q1,2022,Q1,2022-05-13,2022-03-31,-39682.0,0.0,-251418.0,-0.001,0.0,0.0,302279362.0,286738019.0,550566.0,345693.0,15541343.0,0.0,-14763102.0,110451330.05,110280576.05,25.571167733982396,1.5926443404986506,0.0,0.0,-0.00023905202658666176,25.571167733982396,-0.0001383911353589982,0.0,-695.8528429136636,0.3851994598944341,0.0,0.0,0.0,0.0,0.49394694136126566,-0.00013127591555522734,-527.4506463520624,0.0,0.4117647058823529,0.0,0.0,0.0,0.0,-0.3179010295582863,0.4991453808732654,0.0,0.0,0.0,Shell Companies,Financial Services,GATE
2021Q4,2021,Q4,2022-04-01,2021-12-31,-30110.0,0.0,-501978.0,-0.0017,0.0,0.0,302481269.0,286883569.0,724441.0,347950.0,15597700.0,0.0,-14617552.0,175729824.51999998,175349664.51999998,15.94978243895648,2.0820261531829285,0.0,0.0,-0.00019803242033344243,15.94978243895648,-0.00010495547062857406,0.0,-1459.0652982397874,0.6125475402183106,0.0,0.0,0.0,0.0,1.0925707716625952,-9.954335387293023e-05,-238.09532293226204,0.0,0.0,0.0,0.0,0.0,0.0,-17.889585947302383,-313.9171894604768,0.0,0.0,0.0,Shell Companies,Financial Services,GATE
2021Q3,2021,Q3,2021-11-10,2021-09-30,-1594.0,0.0,-1594.0,0.0,0.0,0.0,473215.0,22406.0,1.0,450809.0,450809.0,0.0,-2594.0,403478530.07,403665348.07,0.0005436590144262295,2.2182343298381354e-06,0.39478672485022664,8.33790056234937,-0.007618592424423467,0.0005436590144262295,-0.07114165848433456,0.0,-63280.823411229605,18007.61091091672,0.0,0.0,0.0,0.0,2.2182343298381354e-06,-0.0033684477457392517,-565888.5414726507,0.0,0.0,0.0,0.0,0.0,0.0,0.0,0.0,0.0,0.0,0.0,Shell Companies,Financial Services,GATE
2021Q2,2021,Q2,2021-06-30,2021-06-30,0.0,0.0,0.0,0.0,0.0,0.0,74501.0,24000.0,1.0,50501.0,50501.0,0.0,-1000.0,403478530.07,403496555.07,0.0005823358183624703,1.9801588087364605e-05,0.24195648380558651,0.7510833333333333,,0.0005823358183624703,0.0,0.0,0.0,16811.60541958333,0.0,0.0,0.0,0.0,1.9801588087364605e-05,0.0,0.0,0.0,0.0,0.0,0.0,0.0,0.0,0.0,0.0,0.0,0.0,0.0,Shell Companies,Financial Services,GATE
2021Q1,2021,Q1,2021-03-31,2021-03-31,0.0,0.0,0.0,0.0,0.0,0.0,,,,,,,,403478530.07,,,0.0,0.0,0.0,0.0,,0.0,0.0,0.0,0.0,0.0,0.0,0.0,0.0,0.0,0.0,-768530.5334666667,0.0,0.0,0.0,0.0,0.0,0.0,0.0,0.0,0.0,0.0,0.0,Shell Companies,Financial Services,GATE
