Quarters,Year,Quarter,FillingDate,Date,NetIncome,Revenue,OperatingIncome,EPSDiluted,GrossProfit,GrossProfitRatio,TotalAssets,CommonStockEquity,CurrentAssets,CurrentLiability,TotalLiability,Inventory,RetainedEarnings,MarketCap,EnterpriseValue,bookValuePerShare,currentRatio,debtToAssets,debtToEquity,roic,shareholdersEquityPerShare,roe,priceToSalesRatio,peRatio,pbRatio,payoutRatio,inventoryTurnover,dividendYield,assetTurnover,quickRatio,returnOnAssets,priceToFreeCashFlowsRatio,grossProfitMargin,epsdilutedGrowth,fiveYNetIncomeGrowthPerShare,fiveYRevenueGrowthPerShare,fiveYShareholdersEquityGrowthPerShare,grossProfitGrowth,netIncomeGrowth,operatingIncomeGrowth,threeYNetIncomeGrowthPerShare,threeYRevenueGrowthPerShare,threeYShareholdersEquityGrowthPerShare,Industry,Sector,Symbol
2023Q1,2023,Q1,2023-05-09,2023-03-31,16589000.0,193483000.0,24022000.0,0.7,53421000.0,0.2761017764,811008000.0,445961000.0,206541000.0,118105000.0,365047000.0,47294000.0,238415000.0,842140890.0,1026102890.0,18.857499260010993,1.7487913297489521,0.2704042376893939,0.4917470361758091,0.022567413237412723,18.857499260010993,0.03719832003246921,4.352531695291059,12.691254596419315,1.888373400364606,0.12869974079209115,2.9615173172072566,0.0025352052433886686,0.23857101286300506,1.2565683078616485,0.020454792061237372,53.59516896837014,0.2761017763834549,-0.39655172413793105,135.22576641718467,1.2594001837226394,0.8446427193342866,-0.18250263975392902,-0.39829524845846936,-0.37934063662670525,2.0809673804726447,0.7725295292480339,0.6351234107063,Waste Management,Industrials,HCCI
2022Q4,2022,Q4,2023-03-01,2022-12-31,27570000.0,241097000.0,38704000.0,1.16,65347000.0,0.2710402867,794241000.0,430228000.0,191302000.0,115751000.0,364013000.0,40727000.0,221826000.0,766495519.9999999,961840519.9999999,18.23077249035976,1.6527027844251885,0.27371792692646185,0.5053088130014783,0.037353400184206395,18.23077249035976,0.06408230054761661,3.179199741183009,6.950449038810301,1.7816030569837387,0.0,4.315319075797382,0.0,0.30355647719017276,1.1789185406605558,0.0347123857871855,71.76252410822956,0.2710402866895897,0.18367346938775503,1.2812210453491144,1.0193531265631715,0.7738011205590486,0.1252755200440832,0.18831084867031594,0.17096783953045108,13.595154641862173,0.7067333939139334,0.5953826422617724,Waste Management,Industrials,HCCI
2022Q3,2022,Q3,2022-10-19,2022-09-10,23201000.0,172219000.0,33053000.0,0.98,58072000.0,0.3371985669,759015000.0,401945000.0,203058000.0,227823000.0,357070000.0,42470000.0,194253000.0,760370159.9999999,954641159.9999999,17.037343167175315,0.8912971912405684,0.2898295817605713,0.5473012476831407,0.032102868972276516,17.037343167175315,0.057721827613230664,4.41513514768986,8.193290806430756,1.891726878055455,0.0,2.68770897103838,0.0,0.22689801914323168,0.6339570631586802,0.030567248341600628,69.15599454297407,0.33719856694092987,0.10112359550561795,3.742775406831095,0.9873192431076779,0.7388156858173555,0.11909350188853773,0.09920879329132515,0.13623238226194567,2.8192203316230753,0.6143451435920246,0.4862266352032677,Waste Management,Industrials,HCCI
2022Q2,2022,Q2,2022-07-27,2022-06-18,21107000.0,156647000.0,29090000.0,0.89,51892000.0,0.3312671165,579537000.0,377342000.0,195799000.0,97614000.0,202195000.0,36221000.0,171052000.0,584171430.0,603378430.0,16.064625995146663,2.005849570758293,0.1604159872449904,0.24637331651393166,0.03779668646659562,16.064625995146663,0.05593599440295541,3.729221944882443,6.919166982517649,1.5481219424288843,0.0,2.892106788879379,0.0,0.27029680589850175,1.5779089065093121,0.03642045287876357,75.0091718027735,0.33126711651037044,0.648148148148148,1.9165972331058054,0.7375312073133102,0.6910528088922032,0.38073064949578267,0.63899673862401,0.6574554156458321,1.9465272148423987,0.46951932474978164,0.436922289295232,Waste Management,Industrials,HCCI
2022Q1,2022,Q1,2022-05-04,2022-03-26,12878000.0,139366000.0,17551000.0,0.54,37583000.0,0.2696712254,561415000.0,356450000.0,178387000.0,99247000.0,204965000.0,30195000.0,149945000.0,688081560.0,710805560.0,15.183591753279945,1.7974044555502937,0.16706001799025677,0.2631224575676813,0.02397612524559158,15.183591753279945,0.03612848926918221,4.937226870255299,13.357694517782264,1.9303732921868424,0.0,3.370856102003643,0.0,0.2482406063250893,1.4218364283051377,0.02293846797823357,44.553325563325565,0.26967122540648364,-0.2987012987012987,1.5738805331174817,0.649401212770191,0.6576093345172042,-0.2672165028856653,-0.2894112453788004,-0.2913840439276486,6.048195412742978,0.43293222860390446,0.39591679582803735,Waste Management,Industrials,HCCI
2021Q4,2021,Q4,2022-03-02,2022-01-01,18123000.0,169500000.0,24768000.0,0.77,51288000.0,0.3025840708,526864000.0,342056000.0,156216000.0,85349000.0,184808000.0,29536000.0,137067000.0,750997080.0000001,779915080.0000001,14.58412211136693,1.830320214648092,0.16168688693856478,0.2490440161844844,0.035692464009860335,14.58412211136693,0.052982552564492365,4.430661238938054,10.359723555702699,2.195538391374512,0.0,4.002302275189599,0.0,0.3217149017583285,1.3917210512132538,0.03439787117738164,47.315844254032264,0.30258407079646016,-0.025316455696202552,4.001367703996682,0.5086814011741353,0.6451977041230886,0.17393394218224267,-0.0208018154311649,-0.003620564808110065,6.114801837653257,0.31137800191246817,0.3260018195213243,Waste Management,Industrials,HCCI
2021Q3,2021,Q3,2021-10-20,2021-09-11,18508000.0,123175000.0,24858000.0,0.79,43689000.0,0.3546904810229348,504834000.0,322564000.0,173577000.0,90205000.0,182270000.0,27854000.0,118944000.0,650210250.0,656660250.0,13.766548589475482,1.9242503187184745,0.16188093511926693,0.25335437308565123,0.03839974233056831,13.766548589475482,0.05737776069245173,5.278751775928557,8.782827020747785,2.0157557879986605,0.0,2.8536655417534287,0.0,0.24399109410221975,1.5028656948062746,0.0366615560758586,31.455190847080452,0.3546904810229348,0.23437500000000003,0.0,0.0,0.5899776313797066,0.12166880616174583,0.22480312355237905,0.2054116962467268,1.8692625218609613,0.21557876560734235,0.27105698034768094,Waste Management,Industrials,HCCI
2021Q2,2021,Q2,2021-07-28,2021-06-19,15111000.0,117279000.0,20622000.0,0.64,38950000.0,0.3321140187075265,469841000.0,304026000.0,158799000.0,77885000.0,165815000.0,25956000.0,100436000.0,657184320.0,668586320.0,12.990343531020338,2.038890672144829,0.16744813671007852,0.2587739206515232,0.03303571846282199,12.990343531020338,0.049702985928835035,5.6035975750134295,10.872614651578319,2.1616056521481712,0.0,3.0177608260132534,0.0,0.2496142311973625,1.6263080182320087,0.03216194414706252,33.487099108280255,0.3321140187075265,0.641025641025641,6.844525962923617,0.3839033793215464,0.5193887505643013,0.3613645101534375,0.6414295024983706,0.617538630480822,1.478559414377415,0.15051244796630586,0.2363089471425333,Waste Management,Industrials,HCCI
2021Q1,2021,Q1,2021-05-05,2021-03-31,9206000.0,105382000.0,12749000.0,0.39,28611000.0,0.2714979787819552,442301000.0,287317000.0,132833000.0,72883000.0,154984000.0,25530000.0,85325000.0,634109490.0,664012490.0,12.292688144440167,1.8225512122168408,0.17312192375780294,0.266507028821824,0.021445848507077026,12.292688144440167,0.032041264526637823,6.017246683494335,17.22000570280252,2.2070030314948297,0.0,3.0070896983940463,0.0,0.23825856147736496,1.3622243870312694,0.02081388014044734,58.75736564121571,0.2714979787819552,0.6956521739130435,5.95126328228437,0.27727435269338135,0.4540688382041763,-0.1344687802516941,0.722035166479611,0.5502188715953308,76.36765070808198,0.24513117221520483,0.20247215041785108,Waste Management,Industrials,HCCI
2020Q4,2020,Q4,2021-03-02,2021-01-02,5346000.0,132035000.0,8224000.0,0.23,33056000.0,0.2503578596584239,461669000.0,277500000.0,151483000.0,73001000.0,184169000.0,24978000.0,76119000.0,491036350.0,532609350.0,11.907316026603732,2.075081163271736,0.23642046574493847,0.3933261261261261,0.012070417091837534,11.907316026603732,0.019264864864864863,3.718986253644867,22.96279227459783,1.7695003603603605,0.0,3.962647129473937,0.0,0.28599494442988377,1.589759044396652,0.011579724867816553,33.39474632752992,0.2503578596584239,0.3529411764705882,3.0436983769680825,0.2513773101841179,0.3952769647963331,0.6520565745414564,0.3506821627084386,0.521554116558742,-0.5520762908179428,0.11983497532974015,0.15854720484329943,Waste Management,Industrials,HCCI
2020Q3,2020,Q3,2020-10-14,2020-09-05,3958000.0,87134000.0,5405000.0,0.17,20009000.0,0.2296348153418872,453607000.0,270841000.0,134837000.0,71982000.0,182766000.0,24835000.0,70773000.0,358028780.0,418080780.0,11.627071348845195,1.8732044122141647,0.24845736507593577,0.41611868217884296,0.008951381738826595,11.627071348845195,0.014613740164893793,4.108944614042739,22.61424835775644,1.3219149980985154,0.0,2.702838735655325,0.0,0.19209139188769134,1.4104498346808925,0.008725614904531897,219.78439533456108,0.2296348153418872,2.545454545454546,0.0,0.0,0.3457815375140684,1.7694117647058825,2.4890895410082767,3.104750778816199,-0.18055023803975087,0.018344950852751188,0.1866482844837532,Waste Management,Industrials,HCCI
2020Q2,2020,Q2,2020-07-23,2020-06-13,-2658000.0,79518000.0,-2568000.0,-0.11,7225000.0,0.09085993108478584,452792000.0,266040000.0,129860000.0,75531000.0,452792000.0,25622000.0,66815000.0,387511600.0,421853600.0,11.437661220980223,1.719294064688671,0.1879980211664517,0.3199669222673282,-0.005372610510730284,11.437661220980223,-0.009990978800180425,4.873256369627002,-36.447667419112115,1.4565914900015036,0.0,2.82152056826165,0.0,0.17561706037209138,1.295931471845997,-0.005870245057333168,90.1399395208188,0.09085993108478584,-1.4782608695652175,-2.284154929270092,-0.08751684927479501,0.34443547529195095,-0.6991338385941535,-1.5023625023625025,-1.3693901035673188,-1.3709024853172809,-0.10930134305352021,0.20399249510940456,Waste Management,Industrials,HCCI
2020Q1,2020,Q1,2020-04-30,2020-03-21,5291000.0,107264000.0,6952000.0,0.23,24014000.0,0.2238775357995227,466658000.0,268010000.0,147234000.0,83401000.0,198648000.0,29112000.0,69473000.0,311634990.0,373413990.0,11.532768191402385,1.765374515893095,0.25439829596835367,0.44295735233759936,0.011467951413321098,11.532768191402385,0.01974180067907914,2.905308304743437,14.724768002268002,1.1627737397858289,0.0,2.8596455070074196,0.0,0.2298556973200931,1.3436289732737017,0.0113380677069717,734.9881839622642,0.2238775357995227,3.555555555555556,6.351754597000836,0.21488919224569672,0.3722882990689571,-0.216764514024788,3.459786145978615,4.527143581938103,0.06827826127862235,0.2824195420814637,0.25904492938978607,Waste Management,Industrials,HCCI
2019Q4,2019,Q4,2020-03-03,2019-12-28,-2151000.0,138814000.0,-1971000.0,-0.09,30660000.0,0.22087109369371966,471314000.0,264997000.0,152757000.0,90444000.0,205683000.0,29373000.0,64182000.0,731876400.0,789671400.0,11.427210004312203,1.6889677590553271,0.2514014011890162,0.44713336377392954,-0.0038534321828121183,11.427210004312203,-0.00811707302346819,5.272352932701312,-85.06234309623431,2.7618290018377567,0.0,3.6820889932931604,0.0,0.2945255180198339,1.2856574233780018,-0.004563836423276202,286.2246382479468,0.22087109369371966,-1.3599999999999999,0.8182513024399044,-0.029437928262595923,0.1632720376408457,0.24009060022650056,-1.3603015075376885,-1.232347047035247,-1.6003648777973118,0.24961800743880347,0.28907448251369244,Waste Management,Industrials,HCCI
2019Q3,2019,Q3,2019-10-17,2019-09-07,5970000.0,104840000.0,8483000.0,0.25,24724000.0,0.23582602060282334,448553000.0,265781000.0,150049000.0,75830000.0,182246000.0,28259000.0,66333000.0,563859200.0,613711200.0,11.463489324994608,1.9787551101147303,0.24256442382505522,0.4093708730119911,0.013626066348968126,11.463489324994608,0.022462102257121464,5.378283098054178,23.612194304857624,2.121518091962932,0.0,2.8350613963692983,0.0,0.23372934747956206,1.51132797046024,0.013309463987533245,84.62542398319076,0.23582602060282334,-0.16666666666666663,0.9700272106665166,0.07052168112387873,0.30241890714756786,-0.05456770295590991,-0.15391156462585034,-0.11023704636039437,0.0,0.0,0.3239841116193621,Waste Management,Industrials,HCCI
2019Q2,2019,Q2,2019-07-25,2019-06-15,7056000.0,105000000.0,9534000.0,0.3,26151000.0,0.24905714285714287,432741000.0,258669000.0,143618000.0,78886000.0,173632000.0,29052000.0,60363000.0,599016930.0,646636930.0,11.179885032631715,1.820576528154552,0.230595205908384,0.3857748705875076,0.017089558744851515,11.179885032631715,0.027278104450088724,5.704923142857143,21.223672406462583,2.3157662108718093,0.0,2.714064436183395,0.0,0.24263936165050226,1.3582131176634638,0.016305365102913753,53.76206515885838,0.24905714285714287,3.727272727272727,1.9125919845485924,0.07077257114906813,0.29192868137050465,0.9678681616374445,3.8089171974522293,3.9934065934065934,2.7052295085477014,0.2533081318793997,0.3076322046926351,Waste Management,Industrials,HCCI
2019Q1,2019,Q1,2019-05-02,2019-03-23,-2512000.0,95772000.0,-3185000.0,-0.11,13289000.0,0.13875663033036795,411585000.0,251447000.0,130593000.0,72449000.0,159407000.0,29661000.0,53307000.0,598036790.0,647191790.0,10.877146688584158,1.8025507598448565,0.22315439095205122,0.3652737952729601,-0.005579476701726366,10.877146688584158,-0.009990176856355415,6.244380299043562,-59.517992635350325,2.3783810902496354,0.0,2.7808570176325813,0.0,0.23269069572506287,1.3253184999102816,-0.006103235054727456,374.00674796747967,0.13875663033036795,-2.0,-0.2053323212112047,0.15573573954376105,0.27713318932491315,-0.45973086148717324,-2.0031948881789137,-1.7295006871278058,-0.3659904749731692,0.17365187810438043,0.28662826735740543,Waste Management,Industrials,HCCI
2018Q4,2018,Q4,2019-03-06,2018-12-29,2504000.0,127060000.0,4366000.0,0.11,24597000.0,0.193585707539745,347822000.0,253583000.0,135217000.0,50029000.0,93591000.0,33059000.0,55819000.0,515532160.0,500999160.0,10.998568702290076,2.7027723920126325,0.08350823122171686,0.11454237862948226,0.009906252998447523,10.998568702290076,0.009874478967438668,4.057391468597513,51.47086261980831,2.032991801500889,0.0,3.0993980459179045,0.0,0.36530179229605947,1.9053548941613865,0.007199084589243923,-179.2531849791377,0.193585707539745,-0.5925925925925927,-0.24743947235768393,0.09857897599271126,0.27333937713259165,0.040966608828134916,-0.6053585500394011,-0.5126688246456078,1.9675809604352106,0.21723155179404577,0.2887916573095543,Waste Management,Industrials,HCCI
2018Q3,2018,Q3,2018-10-17,2018-09-08,6345000.0,99674000.0,8959000.0,0.27,23629000.0,0.23706282480887694,340712000.0,249628000.0,133856000.0,48027000.0,90534000.0,29745000.0,53315000.0,513970400.0,496608400.0,10.830787920860812,2.7870989235221852,0.08497792857310574,0.11598458506257311,0.023719549469059305,10.830787920860812,0.02541782171871745,5.156514236410699,20.251000788022065,2.0589453106222058,0.0,2.556564128424945,0.0,0.292546197374909,2.027317966976909,0.018622766442039026,110.36512776465536,0.23706282480887694,0.03846153846153849,2.8457117017855045,0.16887685590213825,0.2789287567450271,-0.016728392493029837,0.05767627937989665,0.052885180397226464,0.0,0.0,0.25361528998207666,Waste Management,Industrials,HCCI
2018Q2,2018,Q2,2018-07-26,2018-06-16,5999000.0,100303000.0,8509000.0,0.26,24031000.0,0.23958406029729917,333145000.0,241974000.0,127709000.0,50551000.0,90695000.0,26931000.0,46970000.0,441005349.99999994,428058349.99999994,10.507360284858223,2.526339736108089,0.08670098605712227,0.11936819658310396,0.02325066006033361,10.507360284858223,0.024791919793035615,4.396731403846345,18.378285964327386,1.8225319662443071,0.0,2.8321265456165756,0.0,0.3010791096969788,1.893889339478942,0.01800717405334014,46.053190267335,0.23958406029729917,50.75100000000001,3.5828380940339253,0.24311894635365344,0.26441338601161324,0.628006232640065,50.99166666666667,30.040955631399317,1.927358684580664,0.16254014455442914,0.23508361068824143,Waste Management,Industrials,HCCI
2018Q1,2018,Q1,2018-05-03,2018-03-24,-120000.0,83147000.0,-293000.0,-0.005226025607525477,14761000.0,0.17752895474280492,314518000.0,234737000.0,114956000.0,41081000.0,79065000.0,25394000.0,40971000.0,523533600.0,514790600.0,10.222846441947565,2.7982765755458727,0.09161319860866468,0.12275014164788678,-0.00021077584935593477,10.222846441947565,-0.0005112104184683284,6.29648213405174,-1090.6950000000002,2.230298589485254,0.0,2.6929983460659996,0.0,0.2643632478904228,2.055451425233076,-0.0003815361918872688,-127.53559074299635,0.17752895474280492,-1.0102471090343637,0.7848659049338432,0.09301304085147329,0.24087880877482049,-0.470912935947525,-1.0102380342974149,-1.0335585843545985,0.8771578529087609,-0.046903251786165036,0.21642023169438868,Waste Management,Industrials,HCCI
2017Q4,2017,Q4,2018-03-01,2017-12-30,11721000.0,115791000.0,8731000.0,0.51,27899000.0,0.2409427330276101,314657000.0,235228000.0,114914000.0,40431000.0,78731000.0,21639000.0,41359000.0,497792250.0,484647250.0,10.277799624240835,2.842225025351834,0.09135026393819301,0.12219633717074498,0.04659348677732279,10.277799624240835,0.04982825173873859,4.2990582169598675,10.617529434348606,2.116211717992756,0.0,4.061740376172652,0.0,0.3679911776950775,2.161212930672009,0.037250085013204856,59.42368986510684,0.2409427330276101,1.5499999999999998,35.39612835194993,0.17722231348244874,0.24297317650433525,0.41748806015648815,1.4917091836734695,0.14595091219320122,2.0034770441880236,-0.17969240896475855,0.04626386553176605,Waste Management,Industrials,HCCI
2017Q3,2017,Q3,2017-10-19,2017-09-09,4704000.0,83331000.0,7619000.0,0.2,19682000.0,0.23619061333717345,307461000.0,222283000.0,107099000.0,42749000.0,84610000.0,20934000.0,29638000.0,465063000.0,460262000.0,9.798245614035087,2.505298369552504,0.09318580242697448,0.12889424742332972,0.019669715902439825,9.798245614035087,0.02116221213498108,5.580912265543435,24.71635841836735,2.0922112802148614,0.0,3.040460494888698,0.0,0.2710294964239367,1.8557861002596552,0.015299501400177584,476.9876923076923,0.23619061333717345,-0.33333333333333326,2.621650960697818,0.06883989250234876,0.1855178091948794,-0.14840775354794047,-0.32160369195269684,-0.3304920913884007,0.586406129624305,-0.13039060884358084,0.113223032080682,Waste Management,Industrials,HCCI
2017Q2,2017,Q2,2017-07-26,2017-06-17,6934000.0,86382000.0,11380000.0,0.3,23112000.0,0.26755574077932903,297469000.0,213802000.0,94895000.0,43749000.0,83152000.0,18862000.0,24934000.0,325211700.0,328551700.0,9.499777837021238,2.1690781503577226,0.09608396169012569,0.13368443700246022,0.0299047002305665,9.499777837021238,0.032431876221924956,3.7648086406890324,11.725255985001443,1.5210882031038064,0.0,3.354363270066801,0.0,0.2903899229835714,1.590550641157512,0.02330999196554935,24.64845384265575,0.26755574077932903,0.42857142857142855,3.221517064524446,0.028654227158155514,0.07291744653439164,0.20607420550018266,0.4554995801847187,0.4786902286902287,1.9424808646154699,-0.09439267675160086,0.09777832405907609,Waste Management,Industrials,HCCI
2017Q1,2017,Q1,2017-05-02,2017-03-25,4764000.0,80453000.0,7696000.0,0.21,19163000.0,0.23818875616819757,282681000.0,204752000.0,78469000.0,41628000.0,77156000.0,19724000.0,18000000.0,300647850.0,318271850.0,9.159933789647923,1.8850052849043912,0.10086281002260498,0.1392513870438384,0.020886535218532072,9.159933789647923,0.02326717199343596,3.736937715187749,15.777070214105793,1.4683512248964599,0.0,3.107381869803285,0.0,0.28460703053972497,1.2986931872777938,0.01685291901471977,35.85543828264758,0.23818875616819757,0.4,10.434591429437758,0.032252956895404694,0.6766590962451328,-0.28764729935690125,0.3836770258495498,0.3255253186358939,3.3640386632084285,0.004055881685812833,0.07550774019218806,Waste Management,Industrials,HCCI
2016Q4,2016,Q4,2017-03-03,2016-12-31,3443000.0,106750000.0,5806000.0,0.15,26901000.0,0.252,314307000.0,197549000.0,108795000.0,54206000.0,116038000.0,18558000.0,12227000.0,349874500.0,376718500.0,8.864662328920799,2.007065638490204,0.2018854177603426,0.32120638423884706,0.015053753671083525,8.864662328920799,0.017428587337825045,3.277512880562061,25.404770548939876,1.7710770492384167,0.0,4.302672701799763,0.0,0.33963608828311176,1.5522820351990554,0.010954258097974274,32.33889453738793,0.252,0.4999999999999999,12.613275193912276,0.25253892196419564,0.6201794591717174,0.0,0.0,0.5214884696016772,0.07057096016678054,-0.04509175936074009,0.02629023047776003,Waste Management,Industrials,HCCI
2016Q3,2016,Q3,2016-08-31,2016-08-31,0.0,0.0,3816000.0,0.1,0.0,0.0,311396000.0,192795000.0,104423000.0,54320000.0,117936000.0,20723000.0,8784000.0,307507270.0,344316270.0,8.658328468136705,1.9223674521354934,0.2137985073668255,0.3453201587178091,,8.658328468136705,0.0,0.0,0.0,1.5949960839233381,0.0,0.0,0.0,0.0,1.4200478645066275,0.0,54.090988566402814,0.0,0.25000000000000006,-1.0,-1.0,0.6112258577801518,-1.0,-1.0,0.14114832535885166,-1.0,-1.0,0.022398863698187704,Waste Management,Industrials,HCCI
2016Q2,2016,Q2,2016-06-30,2016-06-30,1831000.0,80552000.0,3344000.0,0.08,18841000.0,0.23389859966232993,304138000.0,190197000.0,96943000.0,49083000.0,113352000.0,21553000.0,6449000.0,271623660.0,314383660.0,8.549716803020768,1.9750830226351284,0.22386219413555689,0.3579709459139734,0.008194303376304904,8.549716803020768,0.00962686057088177,3.3720287516138643,37.08679137083561,1.4281174781936623,0.0,2.8632208973228783,0.0,0.2648534546817563,1.4019517959374936,0.0060202934194345985,54.586748392282956,0.23389859966232993,2.0,0.6376675427390049,0.6204183370640262,0.6084616412295032,0.3262705898915951,2.035633484162896,2.613899613899614,0.44799527163548974,0.03347086469562543,0.028838459829565146,Waste Management,Industrials,HCCI
2016Q1,2016,Q1,2016-03-31,2016-03-31,-1768000.0,78453000.0,-2072000.0,-0.08,14206000.0,0.1810765681363364,299628000.0,187890000.0,90829000.0,46231000.0,111028000.0,22253000.0,4617000.0,220916500.0,268134500.0,8.453993250843645,1.9646773809781315,0.2323447741866581,0.37051998509766354,-0.005362184328969698,8.453993250843645,-0.009409761030390122,2.8159088881241,-31.238192873303166,1.175775719836074,0.0,2.887116343863749,0.0,0.26183467499699625,1.3906253379766824,-0.005900650139506321,296.9307795698925,0.1810765681363364,0.2727272727272727,-4.353576187591936,0.7501711470101866,0.6062744997102582,-0.17517273413458748,0.28938906752411575,0.3990719257540603,-2.2747503834747924,0.06550687871566838,0.026170268140964157,Waste Management,Industrials,HCCI
2015Q4,2015,Q4,2016-03-16,2016-01-02,-2488000.0,100355000.0,-3448000.0,-0.11,17223000.0,0.17162074635045588,303265000.0,189165000.0,96201000.0,46511000.0,113432000.0,24774000.0,6385000.0,234959600.0,282246600.0,8.534016060633402,2.0683494227172066,0.23377244324270852,0.37477863241085824,-0.008175281105284482,8.534016060633402,-0.013152538788888007,2.341284440237158,-23.609284565916397,1.2420881241244417,0.0,3.355614757406959,0.0,0.33091520617281917,1.4018189245554815,-0.008204045966399023,51.77602468047598,0.17162074635045588,-1.9166666666666665,-2.6853155237228585,0.7900424947672343,0.6534482058082964,0.0,0.0,-1.718932443703086,-6.538706086249513,0.05347500681650845,0.032084049022120836,Waste Management,Industrials,HCCI
2015Q3,2015,Q3,2015-10-21,2015-09-12,0.0,0.0,4796000.0,0.12,0.0,0.0,304889000.0,191394000.0,102830000.0,37023000.0,112872000.0,27115000.0,8873000.0,261183869.99999997,314335870.0,8.639642486344965,2.7774626583475137,0.24142556799359766,0.3845888585849086,,8.639642486344965,0.0,0.0,0.0,1.364639800620709,0.0,0.0,0.0,0.0,1.7451854252761796,0.0,48.84680568543108,0.0,0.3333333333333333,-1.0,-1.0,0.6955158051842563,-1.0,-1.0,0.25582613249541764,-1.0,-1.0,0.045335097332864754,Waste Management,Industrials,HCCI
2015Q2,2015,Q2,2015-07-30,2015-06-20,1970000.0,82941000.0,3819000.0,0.09,18578000.0,0.2239905474976188,306518000.0,188337000.0,103792000.0,39114000.0,117434000.0,28574000.0,6164000.0,344245900.0,402699900.0,8.507408076610353,2.6535767244464896,0.25395898446420767,0.41331761682515916,0.008404037896866267,8.507408076610353,0.010459973345651678,4.150491313102084,43.686027918781726,1.8278187504314076,0.0,2.2525022747952685,0.0,0.270590960400368,1.7140154420412128,0.00642702875524439,735.5681623931624,0.2239905474976188,3.25,0.04270895609505036,0.6130338975244237,0.36766946723661675,0.29716520039100686,3.093517534537726,4.904907975460123,0.2193008299484603,0.004096281519184898,-0.03916210391663771,Waste Management,Industrials,HCCI
2015Q1,2015,Q1,2015-05-07,2015-03-28,-941000.0,84036000.0,-978000.0,-0.04,14322000.0,0.17042695987433956,312414000.0,185889000.0,108095000.0,46866000.0,125566000.0,27336000.0,4194000.0,253041360.0,311829360.0,8.404041774040417,2.306469508812359,0.25308404873021056,0.42534523290781057,-0.0021684471419403514,8.404041774040417,-0.005062160751846532,3.0111066685706125,-67.22671625929861,1.3612497780933783,0.0,2.5502633889376645,0.0,0.2689892258349498,1.450539836982034,-0.00301202891035613,-209.12509090909091,0.17042695987433956,0.9215686274509804,-1.6884576820054227,0.695544835546575,1.0127540078535018,0.4399758696963603,0.9028795541335535,0.932751151756859,-3.2824898319360094,0.08963136123308516,0.5382985739038347,Waste Management,Industrials,HCCI
2014Q4,2014,Q4,2015-03-17,2015-01-03,-9689000.0,117090000.0,-14543000.0,-0.51,9946000.0,0.08494320608079255,319819000.0,186496000.0,116535000.0,53027000.0,132405000.0,30798000.0,5135000.0,233325649.99999997,290923650.0,9.823334211219384,2.197654025307862,0.2474931132922059,0.4244219715168154,-0.03485560831170147,9.823334211219384,-0.05195285689773507,1.992703475958664,-6.020374909691402,1.2511027046156484,0.0,3.478927203065134,0.0,0.36611333285389547,1.3467101665189432,-0.030295260756865602,-123.32222515856235,0.08494320608079255,-4.923076923076923,-11.473912859214323,1.2055758104481402,1.3958424451859595,-0.3511221294363257,-5.018664454583161,-4.320319634703196,-37.36177445130973,0.6126688209674088,0.7953943104716141,Waste Management,Industrials,HCCI
2014Q3,2014,Q3,2014-10-16,2014-09-06,2411000.0,77916000.0,4380000.0,0.13,15328000.0,0.19672467785820627,225806000.0,162356000.0,89227000.0,34400000.0,62593000.0,30160000.0,14824000.0,311552940.0,314979940.0,8.801691423614876,2.5938081395348838,0.08554688537948504,0.11897928010051985,0.013360820130025342,8.801691423614876,0.014850082534676883,3.998574618820268,32.30536499377851,1.9189493458818891,0.0,2.075198938992042,0.0,0.3450572615430945,1.5163372093023255,0.010677307068899852,-211.50912423625255,0.19672467785820627,0.3,1.4588319070132416,1.0289782672629377,1.1792492829009444,0.05303654850233581,0.2498703991705547,0.3184828416616496,2.0795414745459007,0.6246610072158887,0.637904228988206,Waste Management,Industrials,HCCI
2014Q2,2014,Q2,2014-07-24,2014-06-14,1929000.0,78081000.0,3322000.0,0.1,14556000.0,0.18642179275367887,222590000.0,159426000.0,88874000.0,35532000.0,62310000.0,29940000.0,12413000.0,314664839.99999994,316618839.99999994,8.653639472398632,2.5012383203872566,0.08977492250325711,0.1253434195175191,0.01117511600844922,8.653639472398632,0.012099657521357872,4.029979636531293,40.78082426127527,1.9737360280004514,0.0,2.1217434869739478,0.0,0.35078395255851563,1.518349656647529,0.008666157509322071,-1748.1379999999997,0.18642179275367887,2.111111111111111,0.8601851506215237,1.023477583514781,1.1753084698280303,0.6925581395348838,2.162748643761302,2.1788502484031227,1.0833450537315144,0.8966525045644895,0.6280126545787887,Waste Management,Industrials,HCCI
2014Q1,2014,Q1,2014-05-01,2014-03-22,-1659000.0,65965000.0,-2818000.0,-0.09,8600000.0,0.1303721670582885,214177000.0,156727000.0,82390000.0,30505000.0,56493000.0,27955000.0,10484000.0,332892180.0,333374180.0,8.516845995000544,2.700868710047533,0.09534637239292734,0.1302966304465727,-0.009064729358611816,8.516845995000544,-0.010585285241215617,5.0464970817857955,-50.16458408679927,2.1240257262628646,0.0,2.052047934179932,0.0,0.30799292174229725,1.61419439436158,-0.0077459297683691525,-155.8483988764045,0.1303721670582885,-1.6428571428571428,-10.632874144114771,0.6123144649844516,1.1765205198770852,-0.5092164583690008,-1.626984126984127,-1.6017510143070681,-4.800572712382048,0.7773021837184665,0.6182166384345782,Waste Management,Industrials,HCCI
2013Q4,2013,Q4,2014-03-03,2013-12-28,2646000.0,91976000.0,4683000.0,0.14,17523000.0,0.19051709141515177,215958000.0,158370000.0,85776000.0,29364000.0,56654000.0,27307000.0,12143000.0,363766400.0,362092400.0,8.637578401963458,2.9211279117286475,0.09704664795932542,0.13233566963440047,0.015259891298142435,8.637578401963458,0.0167077097935215,3.9550143515699747,34.36946334089191,2.296940077034792,0.0,2.7265170102904017,0.0,0.42589762824252864,1.8332652227217001,0.012252382407690384,122.81107359891965,0.19051709141515177,1.0,2.439772854874156,0.546418520127872,1.2209193672388956,0.471902561948761,1.0229357798165137,0.8792134831460674,1.166841274799331,0.9833769362952581,0.6735131982157255,Waste Management,Industrials,HCCI
2013Q3,2013,Q3,2013-10-17,2013-09-07,1308000.0,67603000.0,2492000.0,0.07,11905000.0,0.17610165229353728,211045000.0,154739000.0,95939000.0,29685000.0,55400000.0,27979000.0,9497000.0,289428480.0,280029480.0,8.468640542907181,3.2319016338217956,0.10182188632756048,0.1388725531378644,0.007876321540755966,8.468640542907181,0.008452943343307116,4.281296392171945,55.31889908256881,1.8704300790363126,0.0,1.9907073162014368,0.0,0.3203250491601317,2.1187131547919824,0.006197730341870217,-161.3313712374582,0.17610165229353728,0.16666666666666682,-0.5288722437327379,0.5400262663732377,1.1282750146087095,0.04899110053749229,0.26867119301648884,0.22396856581532418,0.3979248621472981,0.9646266555958448,0.6619569515309676,Waste Management,Industrials,HCCI
2013Q2,2013,Q2,2013-07-25,2013-06-15,1031000.0,63550000.0,2036000.0,0.06,11349000.0,0.1785837922895358,204555000.0,150728000.0,101858000.0,27055000.0,52947000.0,29444000.0,8189000.0,269893440.0,250449440.0,8.310067262101665,3.764849380890778,0.10530175258487937,0.14290642747200255,0.0064761354217715405,8.310067262101665,0.006840135873892044,4.246946341463414,65.44457807953444,1.7905992250942095,0.0,1.7728909115609293,0.0,0.31067439075065384,2.522195527628904,0.005040209234680159,-89.25047619047619,0.1785837922895358,4.0,-0.5694511355132289,0.5059006713277969,1.175213335303259,0.46988732029529856,3.3431818181818183,3.823855755894591,-0.3339535337090422,0.5084772586723649,0.3359445277235854,Waste Management,Industrials,HCCI
2013Q1,2013,Q1,2013-05-02,2013-03-23,-440000.0,60007000.0,-721000.0,-0.02,7721000.0,0.12866832202909662,203653000.0,149222000.0,102176000.0,27826000.0,53577000.0,28033000.0,7158000.0,281294890.0,258839890.0,8.238392314911941,3.671961474879609,0.10813000545044757,0.14757207382289475,-0.0021382880946859556,8.238392314911941,-0.0029486268780742784,4.6877012681853785,-159.82664204545455,1.8850765302703356,0.0,1.865158919844469,0.0,0.29465316003201525,2.5079422123194135,-0.002160537777494071,-241.45484120171673,0.12866832202909662,-1.0,0.9331359314828754,0.0976678207421411,0.5824588978895451,-0.3006340579710145,-0.6356877323420075,-3.8716216216216215,-1.3931111886890672,0.47849861695273105,0.9730812382833297,Waste Management,Industrials,HCCI
2012Q4,2012,Q4,2013-02-27,2012-12-29,-269000.0,77645000.0,-148000.0,-0.01,11040000.0,0.14218558825423402,199111000.0,149391000.0,102563000.0,24434000.0,49720000.0,27231000.0,7598000.0,269198300.0,242313300.0,8.268721979299276,4.19755259065237,0.10487115227184837,0.13977414971450758,-0.000811854627367454,8.268721979299276,-0.001800643947761244,3.467039732114109,-250.1842936802974,1.8019713369613966,0.0,2.445925599500569,0.0,0.38995836493212327,2.9365638045346647,-0.0013510052181948762,132.80626541687224,0.14218558825423402,-1.1666666666666665,-1.0963059821622632,0.12171735268051719,3.9582174130578855,0.1810012836970475,-1.260154738878143,-1.0791867308721241,-1.3055672722668943,0.5368809775293887,1.0166834049910791,Waste Management,Industrials,HCCI
2012Q3,2012,Q3,2012-10-18,2012-09-08,1034000.0,62066000.0,1869000.0,0.06,9348000.0,0.1506138626623272,204428000.0,149265000.0,108722000.0,27203000.0,55163000.0,26415000.0,7867000.0,347835600.0,322712600.0,8.264950166112957,3.9966915413741133,0.10397792865947914,0.14240444846414096,0.00645030436484427,8.264950166112957,0.006927276990587211,5.60428576031966,84.0995164410058,2.3303225806451615,0.0,1.9957599848570888,0.0,0.30360811630500717,2.7789949637907583,0.005058015536032246,-88.48527092342916,0.1506138626623272,-0.14285714285714296,-0.8134242599538696,-0.03343470880894444,2.8999892318353604,-0.0979446106339863,-0.1510673234811166,-0.15696887686062247,0.07705188913346839,0.6507790998830559,1.04635516696135,Waste Management,Industrials,HCCI
2012Q2,2012,Q2,2012-07-26,2012-06-16,1218000.0,62271000.0,2217000.0,0.07,10363000.0,0.16641775465304878,201005000.0,147767000.0,108190000.0,26793000.0,53238000.0,28449000.0,6832000.0,308579610.0,279640610.0,8.854155431721493,4.037994998693689,0.10762916345364543,0.14640616646477225,0.00769691893985725,8.854155431721493,0.008242706422949643,4.955430457195163,63.33735837438423,2.0882850027408013,0.0,1.8245984041618335,0.0,0.309798263724783,2.8474228343223977,0.006059550757443845,-60.50580588235294,0.16641775465304878,2.5,-0.7609399094338192,0.07932608551087278,3.6164712474802836,0.2681106216348507,3.511111111111111,2.447900466562986,0.2965858308006805,0.7814306009537417,1.225713165568123,Waste Management,Industrials,HCCI
2012Q1,2012,Q1,2012-05-03,2012-03-24,270000.0,50509000.0,643000.0,0.02,8172000.0,0.1617929477914827,150398000.0,79140000.0,58308000.0,45488000.0,71258000.0,28650000.0,5614000.0,301308800.0,334338800.0,5.4632058539279305,1.2818325712275764,0.2244843681431934,0.42661106899166035,0.0033721606721805308,5.4632058539279305,0.003411675511751327,5.965447741986576,278.98962962962963,3.807288349759919,0.0,1.4777312390924957,0.0,0.33583558291998566,0.5731401688357369,0.0017952366387850903,-22.25816650661151,0.1617929477914827,3.0,-0.9517901527210587,0.0715672797982405,2.2048564802197648,-0.0207309766327142,2.413612565445026,3.541501976284585,0.9915435592986331,0.5682723995905076,0.39614825163760586,Waste Management,Industrials,HCCI
2011Q4,2011,Q4,2012-02-29,2011-12-31,-191000.0,54907000.0,-253000.0,-0.01,8345000.0,0.15198426430145517,152416000.0,78553000.0,44474000.0,28932000.0,73863000.0,21260000.0,5344000.0,237751919.99999997,257456919.99999997,5.4714076756982655,1.5371906539471865,0.14362665336972497,0.27867808995200694,-0.0018018499733840922,5.4714076756982655,-0.0024314793833462756,4.3300839601508,-311.193612565445,3.0266434127277124,0.0,2.1901222953904047,0.0,0.3602443313038001,0.7007120143785428,-0.0012531492756665966,-22.85636608344549,0.15198426430145517,-1.25,-1.0515195987172141,-0.07058366510220096,2.6763848661636054,0.18419185468993898,-1.3141447368421053,-1.2657563025210083,0.867274392285762,0.17895560964410961,0.4068243097226866,Waste Management,Industrials,HCCI
2011Q3,2011,Q3,2011-10-24,2011-09-10,608000.0,37244000.0,952000.0,0.04,7047000.0,0.18921168510364086,123319000.0,76979000.0,52601000.0,22700000.0,46340000.0,18167000.0,5535000.0,236935500.0,246363500.0,5.373752181500873,2.317224669603524,0.17946139686504106,0.287493991867912,0.0061931465761074205,5.373752181500873,0.007898257966458384,6.361709268607024,97.42413651315789,3.077923849361514,0.0,1.6621896845929431,0.0,0.3020134772419497,1.3537885462555066,0.004930302710855586,-49.692848154362416,0.18921168510364086,-0.20000000000000004,-0.7741062169573318,-0.10583739367447867,0.0,-0.02652300041442188,-0.15438108484005564,-0.2203112203112203,-0.7206645965272442,0.08220598921086802,0.35049096069689045,Waste Management,Industrials,HCCI
2011Q2,2011,Q2,2011-08-01,2011-06-18,719000.0,31968000.0,1221000.0,0.05,7239000.0,0.22644519519519518,107837000.0,76043000.0,45339000.0,18251000.0,31794000.0,17682000.0,4927000.0,241628340.0,246349340.0,5.315462043897665,2.4841926469782476,0.11261440878362713,0.15969911760451325,0.008220454737646168,5.315462043897665,0.009455176676354168,7.558444069069069,84.01541724617525,3.1775224544008,0.0,1.3985408890397013,0.0,0.2964474160074928,1.340364911511698,0.006667470348767121,-18.3148897142424,0.22644519519519518,1.5,-0.6972906586373957,-0.19978915426514093,0.0,0.16251806648466355,1.1272189349112427,1.1197916666666667,-0.6193166783154411,-0.03956624450284272,0.3913562377424553,Waste Management,Industrials,HCCI
2011Q1,2011,Q1,2011-05-09,2011-03-26,338000.0,28739000.0,576000.0,0.02,6227000.0,0.21667420578308222,96266000.0,74994000.0,42683000.0,17850000.0,21272000.0,13552000.0,4208000.0,185237000.0,176834000.0,5.263106182890027,2.391204481792717,0.02479587808779839,0.03182921300370696,0.004398542747749917,5.263106182890027,0.0045070272288449745,6.445492188315529,137.0096153846154,2.4700242686081553,0.0,1.6611570247933884,0.0,0.2985373859929778,1.4637535014005603,0.0035111046475391106,-18.345746261265724,0.21667420578308222,-0.6969696969696969,-0.7935660743853526,-0.2493004740224068,0.0,-0.7582029278142353,-0.6438356164383562,-0.6402248594628357,1.0652924286698155,-0.3317381471271728,0.01095564417058554,Waste Management,Industrials,HCCI
2010Q4,2010,Q4,2011-03-04,2011-01-01,949000.0,36039000.0,1601000.0,0.066,25753000.0,0.714586975221288,89572000.0,73544000.0,49794000.0,14352000.0,16028000.0,11647000.0,3870000.0,143344940.0,121587940.0,5.161344655765316,3.4694816053511706,0.0,0.0,0.012903839878168172,5.161344655765316,0.012903839878168172,3.9774949360415106,37.762102212855645,1.9491044816708367,0.0,0.8831458744741135,0.0,0.40234671549144824,2.4569397993311037,0.01059482874112446,-31.664444444444445,0.714586975221288,0.32,-0.7420802312332351,-0.38534045322720567,2.4680452465257754,0.384793246222509,0.30536451169188444,0.2676167854315123,-0.569206784338456,-0.3398474062958128,2.0949243439404572,Waste Management,Industrials,HCCI
2010Q3,2010,Q3,2010-10-22,2010-09-11,727000.0,26736000.0,1263000.0,0.05,18597000.0,0.6955789946140036,85466000.0,72342000.0,52892000.0,11711000.0,13124000.0,10312000.0,2921000.0,134588979.7,108358979.69999999,5.095583573994506,4.51643753735804,0.0,0.0,0.010049487158220675,5.095583573994506,0.010049487158220674,5.033998343058049,46.28231764099037,1.8604542271432918,0.0,0.7892746314972847,0.0,0.3128261530901177,3.3813508667065153,0.00850630660145555,-1319.4998009803921,0.6955789946140036,-0.375,-0.7274581757686156,-0.352328679222053,0.0,-0.017591125198098256,-0.21911922663802363,-0.24597014925373134,-0.8331254111614235,-0.4703426114555673,1.4044574581920246,Waste Management,Industrials,HCCI
2010Q2,2010,Q2,2010-07-30,2010-06-19,931000.0,25338000.0,1675000.0,0.08,18930000.0,0.7470992185650012,80747000.0,67858000.0,50523000.0,11975000.0,12889000.0,11310000.0,2192000.0,88362900.0,65635900.0,6.220368503070859,4.219039665970772,0.0,0.0,0.014046888580287858,6.220368503070859,0.013719826696925933,3.4873668008524747,23.72795381310419,1.3021736567538094,0.0,0.5665782493368701,0.0,0.3137949397500836,3.0309812108559497,0.011529840117899117,-125.69402560455192,0.7470992185650012,0.3333333333333334,-0.4859801474680842,-0.168246613941256,0.0,0.051725095838657704,0.40634441087613293,0.4692982456140351,-0.720452993972052,-0.3281311008582102,2.2432401446532295,Waste Management,Industrials,HCCI
2010Q1,2010,Q1,2010-05-11,2010-03-27,662000.0,24005000.0,1140000.0,0.06,17999000.0,0.7498021245573839,55655000.0,44731000.0,27151000.0,9993000.0,10924000.0,10494000.0,1261000.0,101880630.0,100477630.0,4.175394380659013,2.7170019013309314,0.0,0.0,0.01479957970982093,4.175394380659013,0.01479957970982093,4.244142053738805,38.47455815709969,2.277629160984552,0.0,0.5723270440251572,0.0,0.4313179408858144,1.4269988992294607,0.011894708471835415,385.91147727272727,0.7498021245573839,0.24999999999999992,-0.4622311503341297,-0.16599341224026704,0.0,-0.18948980051335165,0.2681992337164751,0.26807563959955505,-0.8401666666092853,-0.3113639408049037,1.4493932859416567,Waste Management,Industrials,HCCI
2009Q4,2009,Q4,2010-03-05,2010-01-02,522000.0,29957000.0,899000.0,0.048,22207000.0,0.7412958573956003,53987000.0,43925000.0,25865000.0,9047000.0,10062000.0,9845000.0,599000.0,112057980.00000001,110967980.00000001,4.100158685708951,2.8589587708632695,0.0,0.0,0.011883892999430847,4.100158685708951,0.011883892999430847,3.740627566178189,53.66761494252874,2.551120774046671,0.0,0.787201625190452,0.0,0.5548928445736937,1.4823698463579087,0.00966899438753774,-772.8136551724139,0.7412958573956003,-0.040000000000000036,-0.8113042133940374,-0.32043109201358994,1.7550060668959238,0.3272966349889427,-0.08260105448154657,-0.2008888888888889,-0.8113042133940374,-0.32043109201358994,1.7550060668959238,Waste Management,Industrials,HCCI
2009Q3,2009,Q3,2009-10-23,2009-09-12,569000.0,22284000.0,1125000.0,0.05,16731000.0,0.7508077544426495,54170000.0,43232000.0,26299000.0,10220000.0,10938000.0,9303000.0,77000.0,134656320.0,133466320.0,4.038863976083707,2.5732876712328765,0.0,0.0,0.01448800428326629,4.038863976083707,0.013161547002220577,6.042735595045773,59.163585237258346,3.1147372316802366,0.0,0.5969042244437278,0.0,0.41137160790105226,1.3395303326810175,0.010503968986523907,-125.61223880597015,0.7508077544426495,-0.1666666666666666,-0.7170814028654039,-0.28401839287944075,0.0,-0.025113623120848385,-0.054817275747508304,0.03305785123966942,-0.7170814028654039,-0.28401839287944075,0.0,Waste Management,Industrials,HCCI
2009Q2,2009,Q2,2009-07-31,2009-06-20,602000.0,22401000.0,1089000.0,0.06,17162000.0,0.7661265122092764,53049000.0,42546000.0,28556000.0,9885000.0,10503000.0,9737000.0,-492000.0,109623750.0,107413750.0,3.9781206171107995,2.888821446636318,0.0,0.0,0.014959890357392732,3.9781206171107995,0.014149391247120764,4.893698942011517,45.52481312292359,2.576593569313214,0.0,0.5380507343124166,0.0,0.42226997681388906,1.5424380374304503,0.011347999019774171,-1501.695205479452,0.7661265122092764,4.999999999999999,-0.6609756782353657,-0.24994380115325734,0.0,0.05553847100067655,5.02,5.482142857142857,-0.6609756782353657,-0.24994380115325734,0.0,Waste Management,Industrials,HCCI
2009Q1,2009,Q1,2009-05-08,2009-03-28,100000.0,23756000.0,168000.0,0.01,16259000.0,0.6844165684458663,52475000.0,41811000.0,29388000.0,10135000.0,10664000.0,9565000.0,-1094000.0,74795000.0,72564000.0,3.9130556855404772,2.899654662062161,0.0,0.0,0.0023917150988974193,3.9130556855404772,0.0023917150988974193,3.1484677555143965,186.98749999999998,1.7888833082203248,0.0,0.7837950862519603,0.0,0.4527108146736541,1.6000986679822398,0.0019056693663649356,39.99732620320856,0.6844165684458663,1.100411687920474,-0.9185531615109632,-0.17248158730048943,0.0,-0.20256020403158567,1.0933706816059756,1.1020656136087486,-0.9185531615109632,-0.17248158730048943,0.0,Waste Management,Industrials,HCCI
2008Q4,2008,Q4,2009-03-30,2009-01-03,-1071000.0,34661000.0,-1646000.0,-0.09959,20389000.0,0.5882403854476213,52016000.0,41556000.0,29261000.0,10061000.0,10460000.0,10609000.0,-1194000.0,123946000.0,123639000.0,3.889190453907347,2.9083590100387635,0.00038449707782220856,0.000481278275098662,-0.025558196914967985,3.889190453907347,-0.02577245163153335,3.575949914889934,-28.932306255835666,2.982625854268938,0.0,1.3452728815156942,0.0,0.6663526607197785,1.622502733326707,-0.020589818517379267,107.96689895470384,0.5882403854476213,-1.6639333333333333,-1.3881662295955524,-0.2116612981057351,1.6132508805511716,0.038876999898094365,-1.6602959309494452,-1.5826548672566372,-1.3881662295955524,-0.2116612981057351,1.6132508805511716,Waste Management,Industrials,HCCI
2008Q3,2008,Q3,2008-10-17,2008-09-06,1622000.0,25646000.0,2825000.0,0.15,19626000.0,0.7652655384855338,56181000.0,42477000.0,33509000.0,12539000.0,13704000.0,14530000.0,-123000.0,149556750.0,150358750.0,3.979110070257611,2.6723821676369726,0.020736547943254836,0.027426607340443065,0.03748448498257241,3.979110070257611,0.038185370906608285,5.831581923106917,23.05128699136868,3.52088777456035,0.0,0.41431520991052995,0.0,0.45648884854310173,1.266368928941702,0.02887097061284064,297.4341865825549,0.7652655384855338,0.15384615384615377,-0.191317032376456,-0.17375932563676325,0.0,0.021786395621677054,0.1508541295938379,0.14156219857201682,-0.191317032376456,-0.17375932563676325,0.0,Waste Management,Industrials,HCCI
2008Q2,2008,Q2,2008-07-25,2008-06-14,1409388.0,24837826.0,2474679.0,0.13,19207537.0,0.7733179626912597,53569081.0,40783682.0,31101243.0,11080399.0,12785399.0,13426349.0,-1745374.0,140167870.70000002,141438479.70000002,3.820345860900632,2.8068703121611414,0.031828061414755277,0.04180593601136847,0.03342274857279477,3.820345860900632,0.034557644893366914,5.643322837514041,24.86325105293929,3.436861603128428,0.25897765554978475,0.41934624222862077,0.002604020437616593,0.46365973685454864,1.3759993660878096,0.026309728927401237,354.81045614479183,0.7733179626912597,1.3578276215831548,-0.20482636322734732,-0.16682348870522642,0.0,0.1493431089690656,1.5091223038215202,2.724020002619457,-0.20482636322734732,-0.16682348870522642,0.0,Waste Management,Industrials,HCCI
2008Q1,2008,Q1,2008-05-12,2008-03-31,-2768270.0,22997443.0,-1435412.0,-0.3633034236564367,16711752.0,0.7266787007581669,50832413.0,39668793.0,28466396.0,10408620.0,11163620.0,12006044.0,-2789759.0,119248602.35000001,119724872.35000001,5.206070328840211,2.734886661248081,0.014852727923815067,0.019032593202419845,-0.054973788669456396,5.206070328840211,-0.06978457852246726,5.1852983112079025,-10.769235149569948,3.0061061436883145,-4.118253638554043,0.5235438917265337,0.09560227772346717,0.4524169057250932,1.3846706864118394,-0.05445875646312521,-46.11541338263712,0.7266787007581669,-3.4220228243762447,-4.16168244649905,0.12336133321148023,0.0,-0.22753731664428023,-3.349938625725583,-1.8808440420793735,-4.16168244649905,0.12336133321148023,0.0,Waste Management,Industrials,HCCI
2007Q4,2007,Q4,2007-12-31,2007-12-31,1178018.0,29193285.0,1629587.0,0.15,21634381.0,0.7410738805173861,47983619.0,12707256.0,25580236.0,10969972.0,35276363.0,10447373.0,0.0,108123812.61,129689448.61,1.6676803960880973,2.3318415033329165,0.4594276225809479,1.7348355931445782,,1.6676803960880973,0.09270435725856156,3.703722024088759,22.946129135972456,8.508824612489116,0.0,0.7235219801188298,0.0,0.6084010670391493,1.2694140878390574,0.024550420008961807,-106.01569060237183,0.7410738805173861,0.3636363636363636,-0.40129101529444366,-0.06891292614049506,0.12055897370022967,0.39692650587465245,-0.3490117065579713,-0.2328012112572349,-0.40129101529444366,-0.06891292614049506,0.12055897370022967,Waste Management,Industrials,HCCI
2007Q3,2007,Q3,2007-09-30,2007-09-30,1809584.0,20966983.0,2124074.0,0.11,15487129.0,0.7386436570297215,44049499.0,12497063.0,23845670.0,29291045.0,31552436.0,9155087.0,0.0,83678430.0,102901009.0,2.119223842631847,0.814094205242592,0.44098117892328353,1.5543652136505994,,2.119223842631847,0.14480074238243018,3.99096188516965,11.560451186571058,6.695847656365339,0.0,0.5985583752508304,0.0,0.4759868665021593,0.46396425938371266,0.041080694243537254,-49.04514899326027,0.7386436570297215,-0.6451612903225807,0.6332134576524615,0.22281183041330166,0.0,0.16905511890075464,0.005165851610079299,0.010206823604724217,0.6332134576524615,0.22281183041330166,0.0,Waste Management,Industrials,HCCI
2007Q2,2007,Q2,2007-06-30,2007-06-30,1800284.0,20386092.0,2102613.0,0.31,13247561.0,0.6498332784920229,40161923.0,11310144.0,22780226.0,13135388.0,28851779.0,8887896.0,0.0,83678430.0,99959442.0,1.9179487875190775,1.7342636547926868,0.41594123867026983,1.4769926890409175,,1.9179487875190775,0.15917427753351326,4.104682251017017,11.620170761946449,7.398529143395521,0.0,0.803174452086298,0.0,0.5075975072209565,1.004901796581875,0.044825642437489856,430.5797086534355,0.6498332784920229,-0.1842105263157895,0.8387599990268759,0.23796976928264169,0.0,-0.07120226362688464,-0.21035776992841268,-0.19744532234054735,0.8387599990268759,0.23796976928264169,0.0,Waste Management,Industrials,HCCI
2007Q1,2007,Q1,2007-03-31,2007-03-31,2279873.0,19188100.0,2619900.0,0.38,14263128.0,0.7433319609549669,36360813.0,10052408.0,20891781.0,11192014.0,26308405.0,7688432.0,0.0,83678430.0,99427822.0,1.7046647447854841,1.8666685906575886,0.44292188956281037,1.6021036949554774,,1.7046647447854841,0.2267986934075895,4.360954445724173,9.17577755427605,8.32421744123398,0.0,0.6405691043375294,0.0,0.527713723012739,1.1122154600592886,0.0627013757915699,26.880145325118374,0.7433319609549669,0.4615384615384615,2.36456005926678,0.21109921071305968,0.0,0.0,0.49720866669424835,1.0598839336496346,2.36456005926678,0.21109921071305968,0.0,Waste Management,Industrials,HCCI
