Quarters,Year,Quarter,FillingDate,Date,NetIncome,Revenue,OperatingIncome,EPSDiluted,GrossProfit,GrossProfitRatio,TotalAssets,CommonStockEquity,CurrentAssets,CurrentLiability,TotalLiability,Inventory,RetainedEarnings,MarketCap,EnterpriseValue,bookValuePerShare,currentRatio,debtToAssets,debtToEquity,roic,shareholdersEquityPerShare,roe,priceToSalesRatio,peRatio,pbRatio,payoutRatio,inventoryTurnover,dividendYield,assetTurnover,quickRatio,returnOnAssets,priceToFreeCashFlowsRatio,grossProfitMargin,epsdilutedGrowth,fiveYNetIncomeGrowthPerShare,fiveYRevenueGrowthPerShare,fiveYShareholdersEquityGrowthPerShare,grossProfitGrowth,netIncomeGrowth,operatingIncomeGrowth,threeYNetIncomeGrowthPerShare,threeYRevenueGrowthPerShare,threeYShareholdersEquityGrowthPerShare,Industry,Sector,Symbol
2023Q1,2023,Q1,2023-03-31,2023-03-31,-3851000.0,150633000.0,-7248000.0,-0.11,29602000.0,0.1965173634,710481000.0,421881000.0,374546000.0,139085000.0,286165000.0,211179000.0,307927000.0,142540234.62,232982234.62,12.223696240187934,2.6929287845562064,0.19202343201296024,0.32338266003920535,-0.011527066095619968,12.223696240187934,-0.00912816647348423,0.9462749505088527,-9.253455895871202,0.33786834349022593,0.0,0.5731204333764247,0.0,0.21201552187883982,1.1745838875507784,-0.005420271618804725,28.496648264694123,0.19651736339314757,0.9485981308411215,-3.5666934049973413,0.10168218508795492,-0.09012428634071373,-0.04296660308428438,0.9478805760069294,-0.6424201223657376,-2.433286170211105,0.18632564457019982,-0.12858002384888942,Building Products & Equipment,Industrials,CSTE
2022Q4,2022,Q4,2022-12-31,2022-12-31,-73888000.0,159369000.0,-4413000.0,-2.14,30931000.0,0.1940841694,752981000.0,426633000.0,407858000.0,164984000.0,324032000.0,238232000.0,311839000.0,197023001.84,300536001.84000003,12.364416373973972,2.472106386073801,0.2066373520713006,0.36470221478413534,-0.006105192885542901,12.364416373973972,-0.1731886656681504,1.2362692985461414,-0.6666271987332179,0.4618091001868116,-0.1167307275877003,0.5391299237717855,0.04377661450414941,0.21165075878408618,1.0281360616787083,-0.09812730998524531,-48.65966950852062,0.19408416944324178,-200.88679245283018,-10.516468500029136,0.07062608800161423,-0.09643388567821055,-0.2567700699233486,-201.98901098901098,-2.012852880422309,-266.84659943673256,0.18679371110233398,-0.12002023660480299,Building Products & Equipment,Industrials,CSTE
2022Q3,2022,Q3,2022-09-30,2022-09-30,-364000.0,180727000.0,4357000.0,-0.0106,41617000.0,0.2302754984,853379000.0,498512000.0,435027000.0,191843000.0,352476000.0,247141000.0,385818000.0,321135406.69,419722406.69,14.452304614546021,2.2676198766699853,0.1841467858946611,0.3152321308213243,0.001769450617418827,14.452304614546021,-0.0007301729948326218,1.776908855290023,-220.56003206730767,0.6441879166198607,-23.695054945054945,0.5628770620819694,0.026857829502201003,0.21177811968656365,0.979373758750645,-0.00042653967346278736,-458.1104232382311,0.23027549840366962,-1.033125,-1.0521918579656504,0.1631394874641965,0.043563396628351736,-0.12431351920042083,-1.032654525881403,-0.5171764184397163,-1.0509132053164711,0.2614585519733026,0.019123303348350176,Building Products & Equipment,Industrials,CSTE
2022Q2,2022,Q2,2022-06-30,2022-06-30,11147000.0,180272000.0,9024000.0,0.32,47525000.0,0.2636294045,872803000.0,512805000.0,444975000.0,190646000.0,357602000.0,252112000.0,394970000.0,314799067.55,409906067.55,14.872692242826817,2.334037955162972,0.17024460273395028,0.28975926521777284,0.010076063727174046,14.872692242826817,0.021737307553553496,1.7462449384818497,7.0601746557369705,0.6138767514942327,0.0,0.5265397918385479,0.0,0.2065437446938198,1.0116288828509383,0.012771495973318149,-41.13944949686357,0.2636294044554895,0.6842105263157895,-0.23694620549872294,0.20557211775449044,0.09289463402538314,0.10082924117483553,0.6747295673076923,0.7254302103250478,0.7329353108320977,0.27421829895443917,0.06290751195140849,Building Products & Equipment,Industrials,CSTE
2022Q1,2022,Q1,2022-03-31,2022-03-31,6656000.0,170438000.0,5230000.0,0.19,43172000.0,0.2533003204,861782000.0,508455000.0,414250000.0,169604000.0,350702000.0,229438000.0,383886000.0,362670698.52,467539698.52,14.748769674054671,2.4424541874012404,0.1803263470344008,0.3056357003077952,0.005222735697232586,14.748769674054671,0.013090637322870264,2.1278746436827465,13.621946308593749,0.7132798350296485,0.0,0.5546857974703405,0.0,0.1977739149808188,1.0896676965165917,0.007723531009002277,-12.632208238244514,0.2533003203510954,2.9832985386221296,-0.40280340874385595,0.24390579653666347,0.12084108317114958,0.08805887393517818,3.0151377535573722,0.3880042462845011,17.38334598102531,0.3253570110764944,0.06905791040569606,Building Products & Equipment,Industrials,CSTE
2021Q4,2021,Q4,2021-12-31,2021-12-31,-3303000.0,171057000.0,3768000.0,-0.0958,39678000.0,0.2319577685,867653000.0,499882000.0,408526000.0,183294000.0,365489000.0,204725000.0,377716000.0,390905256.42,480953256.42,14.501370311350904,2.2288018156622695,0.1894340248924397,0.32880359764904515,0.0037745088542598714,14.501370311350904,-0.006607559384014627,2.2852339069433,-29.587137179836514,0.7819950636750272,-1.0435967302452316,0.6417340334595188,0.008817993473836645,0.19714909070792125,1.1118803670605693,-0.0038068213905789526,-65.96443746540669,0.23195776846314387,-1.563529411764706,-1.2182392542370082,0.26181661897341263,0.1372247870826038,-0.07151214489633546,-1.5553127101546738,-0.5754844524560613,-3.4104224155862433,0.19344292171713356,0.05555245589400028,Building Products & Equipment,Industrials,CSTE
2021Q3,2021,Q3,2021-09-30,2021-09-30,5948000.0,163341000.0,8876000.0,0.17,42734000.0,0.26162445436234627,842445000.0,506485000.0,397225000.0,162754000.0,341547000.0,175400000.0,385119000.0,428036173.2,494567173.2,14.696289925619773,2.440646620052349,0.17992984705232984,0.2992803340671491,0.01021654479391354,14.696289925619773,0.011743684413161298,2.620506628464378,17.990760474108942,0.8451112534428462,0.0,0.6876111744583808,0.0,0.19388921531969447,1.3629465328041093,0.007060401569241909,-28.169540848963475,0.26162445436234627,2.4,-0.7341821003376253,0.13022671696244936,0.18857018881370666,-0.06661715883278001,2.4885630498533726,0.7158322056833559,-0.437110353674463,0.1027450644776054,0.05999929689468001,Building Products & Equipment,Industrials,CSTE
2021Q2,2021,Q2,2021-06-30,2021-06-30,1705000.0,163462000.0,5173000.0,0.05,45784000.0,0.28008956210006,828471000.0,502580000.0,408608000.0,171418000.0,331478000.0,167495000.0,379254000.0,508497807.96,537327807.96,14.588225718730195,2.3836936611091017,0.15705800203024609,0.2589000756098532,0.004974281720461059,14.588225718730195,0.0033924947272076086,3.1108013358456397,74.55979588856304,1.0117748576545027,0.0,0.7025761963043673,0.0,0.19730563894209935,1.406579239053075,0.002058008065460348,38.57809027843108,0.28008956210006,-0.8780487804878049,-0.9321955703553018,0.16034382577957865,0.2364163716998747,0.05731836866657429,-0.8798449612403101,-0.48465829846582986,-0.8455462299455039,0.0924065286772275,0.06399758153736941,Building Products & Equipment,Industrials,CSTE
2021Q1,2021,Q1,2021-03-31,2021-03-31,14190000.0,146032000.0,10038000.0,0.41,43302000.0,0.2965240495233921,809996000.0,507464000.0,386877000.0,140144000.0,308119000.0,155402000.0,384864000.0,472858220.59000003,396881220.59000003,14.734819902901247,2.760567701792442,0.029435947831841145,0.04698461368688222,0.01412309927095416,14.734819902901247,0.027962574685100813,3.23804522700504,8.330835457892883,0.931806434722463,0.0,0.6610597032213228,0.0,0.18028731006079043,1.6516939719146022,0.017518605030148297,-184.35018346588694,0.2965240495233921,6.857142857142856,0.23208627094409254,0.27713860739228413,0.28874648087370985,0.12428923795923666,6.949685534591195,0.24063774564330737,8.477851128605705,0.07031409713681412,0.09679220682165796,Building Products & Equipment,Industrials,CSTE
2020Q4,2020,Q4,2020-12-31,2020-12-31,-2385000.0,136896000.0,8091000.0,-0.07,38515000.0,0.2813449625993455,820921000.0,492937000.0,385736000.0,157015000.0,325870000.0,152073000.0,370830000.0,443884487.05,384539487.05,14.31444016488974,2.45668248256536,0.06687976065906463,0.11137934462213224,0.045194160253041966,14.31444016488974,-0.004838346482410531,3.242494207646681,-46.528772227463314,0.9004892857505118,0.0,0.6469327231000901,0.0,0.1667590425875328,1.4881571824347992,-0.002905273467239844,0.0,0.2813449625993455,-1.1891891891891893,-1.1306494895605028,0.10165959068422416,0.26236419023975,-0.00872497040201781,-1.1862262825017569,-0.46228484083205956,0.6275246220631885,-0.07851449964643041,0.046069841655140366,Building Products & Equipment,Industrials,CSTE
2020Q3,2020,Q3,2020-09-30,2020-09-30,12807000.0,123922000.0,15047000.0,0.37,38854000.0,0.313535933893901,710667000.0,496229000.0,369832000.0,110285000.0,220025000.0,127487000.0,378036000.0,337336854.40000004,210485854.40000004,14.415988459516507,3.353420682776443,0.012838643133844684,0.018386672282353512,0.022206454946220686,14.415988459516507,0.025808648829471877,2.722170836493924,6.585009260560632,0.6798007661785184,0.0,0.6672680351722137,0.0,0.17437421464624078,2.197442988620393,0.01802109848916581,13.453114831505484,0.313535933893901,3.176470588235294,-0.3369854011903296,-0.0712817470143068,0.34237232977641374,0.9261352369621257,3.177320639238354,6.181473829201102,0.8401345446849056,-0.20079541027568926,0.040941101353940114,Building Products & Equipment,Industrials,CSTE
2020Q2,2020,Q2,2020-08-05,2020-06-30,-5882000.0,99037000.0,-2904000.0,-0.17,20172000.0,0.20368145238648183,688860000.0,481362000.0,347694000.0,107141000.0,213085000.0,133611000.0,365229000.0,407786572.65,299842572.65,13.988051796143417,3.245200250137669,0.013239264872397875,0.018946240043875504,-0.005680253954758391,13.988051796143417,-0.012219493852859179,4.117517419247352,-17.331969255780347,0.8471515671158089,0.0,0.5902582871170787,0.0,0.14376941613680574,1.9981426344723308,-0.008538745173184682,-182.04757707589286,0.20368145238648183,-3.125,-1.2633919879990978,-0.20402451494018686,0.36877585949369623,-0.4458394000164831,-3.196415235250187,-2.269785745518146,-1.4034319263894466,-0.33639372636048614,0.027888327067851045,Building Products & Equipment,Industrials,CSTE
2020Q1,2020,Q1,2020-05-06,2020-03-31,2678000.0,126557000.0,2287000.0,0.08,36401000.0,0.2876253387801544,700311000.0,482539000.0,370869000.0,123735000.0,223359000.0,130136000.0,371111000.0,363607112.12,240777112.12,14.027330764412332,2.997284519335677,0.012899983007549503,0.01872180279728685,0.00349232760454814,14.027330764412332,0.005549810481639826,2.8730699378145816,33.94390516430172,0.7535289626745196,0.0,0.6927829347759267,0.0,0.18071542500403392,1.9455529963227867,0.0038240153303318097,-71.37948804868473,0.2876253387801544,9.0,-0.832765676893037,0.19935509866520656,0.4667637544822631,0.04053397364434154,10.738181818181818,3.601609657947686,-0.7592014172986856,-0.07435047931877377,0.06601492568170046,Building Products & Equipment,Industrials,CSTE
2019Q4,2019,Q4,2020-02-12,2019-12-31,-275000.0,133867000.0,497000.0,-0.01,34983000.0,0.26132654052156246,703866000.0,483311000.0,374406000.0,126366000.0,226142000.0,122686000.0,368433000.0,518368968.7,400453968.7,14.050796266346797,2.96286975927069,0.030484495628429274,0.044395844497642306,-0.0002103198421360424,14.050796266346797,-0.0005689918085870175,3.872268510536577,-471.24451700000003,1.0725370800581822,-18.763636363636362,0.805992533785436,0.009954299565694663,0.1901881892291999,1.926681227545384,-0.00039069936607251946,18.88067633217993,0.26132654052156246,-1.0476190476190477,-1.013750480098804,0.2026539257891118,0.5371106535815808,-0.17926520270270271,-1.0385802469135803,-0.9615889945127135,-1.0182091511887972,-0.010395559059841564,0.10188992138417664,Building Products & Equipment,Industrials,CSTE
2019Q3,2019,Q3,2019-11-06,2019-09-30,7128000.0,142839000.0,12939000.0,0.21,42624000.0,0.2984058975489887,694209000.0,487692000.0,361879000.0,107911000.0,212104000.0,123638000.0,373868000.0,571221952.84,464604952.84000003,14.181114853386909,3.353495009776575,0.014720350787731073,0.020953798709021268,0.018406906034037794,14.181114853386909,0.014615782091976084,3.999061550696939,20.0344399845679,1.1712760365968684,0.0,0.8105517721088985,0.0,0.20575792016525282,2.2077545384622512,0.01026780119531726,31.711650077166492,0.2984058975489887,0.1052631578947368,-0.7267143562615462,0.179157834431011,0.5390276504101625,0.07195131152076051,0.11131898971000935,0.22031500518721117,-0.6807693567889884,-0.009531245327557699,0.14690513348511783,Building Products & Equipment,Industrials,CSTE
2019Q2,2019,Q2,2019-08-15,2019-06-30,6414000.0,141071000.0,10603000.0,0.19,39763000.0,0.2818651600966889,688699000.0,481072000.0,352112000.0,108740000.0,213214000.0,136801000.0,366740000.0,517431024.95000005,428199024.95000005,13.99246131539875,3.2381092514254184,0.014705989118613502,0.02105298167426082,0.013923877349877501,13.99246131539875,0.013332723583995744,3.6678766362328195,20.16803184245401,1.0755791751546546,0.0,0.7405501421773233,0.0,0.20483694618403686,1.980053338237999,0.009313212303197769,40.26387245739632,0.2818651600966889,20.0,-0.6421983902070881,0.2344345940628143,0.6307883255894362,0.27164284115257925,16.83703703703704,15.464285714285714,-0.744406737423223,0.003446897557915768,0.18592271495522683,Building Products & Equipment,Industrials,CSTE
2019Q1,2019,Q1,2019-05-01,2019-03-31,-405000.0,128197000.0,644000.0,-0.01,31269000.0,0.2439136641263056,676377000.0,474128000.0,338175000.0,105750000.0,207836000.0,147523000.0,360326000.0,541966864.58,465404864.58000004,13.796043722699428,3.197872340425532,0.015062605617872872,0.021487868254985994,-0.0014803037363962826,13.796043722699428,-0.0008541997097830121,4.2276095741710025,-334.54744727160494,1.14308132947221,0.0,0.657036529897033,0.0,0.18953483042740957,1.802855791962175,-0.0005987784918765718,475.40953033333335,0.2439136641263056,-1.25,-1.0309124006960455,0.37527674188962634,0.7130682286479719,-0.1564877259239277,-1.2964860907759883,-0.8403965303593557,-1.0352397736977397,0.12353660763106193,0.2066386229877141,Building Products & Equipment,Industrials,CSTE
2018Q4,2018,Q4,2019-02-06,2018-12-31,1366000.0,142881000.0,4035000.0,0.04,37070000.0,0.25944667240570823,616922000.0,472088000.0,350104000.0,111281000.0,150421000.0,158492000.0,360731000.0,466652405.38,390654405.38,13.738180637426462,3.146125573997358,0.028470373888433223,0.037204927894799275,0.006310098441304078,13.738180637426462,0.0028935283252275,3.2660214120841817,85.40490581625183,0.9884860563708461,3.773060029282577,0.667610983519673,0.011044623236867371,0.23160302274841876,1.6848518615037607,0.0022142183290594273,16.122595542426755,0.25944667240570823,-0.870967741935484,-0.9187914838836895,0.49199825390240726,0.7969005330986135,-0.15309223001530695,-0.8703492786636294,-0.7124019957234498,-0.9250117282428246,0.1522705268642292,0.2115449207905402,Building Products & Equipment,Industrials,CSTE
2018Q3,2018,Q3,2018-10-18,2018-09-30,10536000.0,147689000.0,14030000.0,0.31,43771000.0,0.29637278334879374,632448000.0,476419000.0,367519000.0,102028000.0,156029000.0,158786000.0,364417000.0,617840860.54,545800860.54,13.864433654506447,3.602138628611754,0.02095192015786278,0.02781375218032866,0.024307892214298136,13.864433654506447,0.02211498701773019,4.183391183771303,14.660233023443432,1.2968434519614036,0.4891799544419134,0.6544531633771239,0.008341953938584354,0.23351959370572759,2.0458403575489084,0.01665907710989678,-87.33967494204127,0.29637278334879374,-0.03125000000000003,-0.3386614507115103,0.5827022769961455,0.7855592596361785,-0.09431190382586024,-0.04305177111716621,0.05687382297551789,-0.45361065777724535,0.10875219611928497,0.2910132494969085,Building Products & Equipment,Industrials,CSTE
2018Q2,2018,Q2,2018-07-06,2018-06-30,11010000.0,149243000.0,13275000.0,0.32,48329000.0,0.3238275832032323,646803000.0,471114000.0,379812000.0,122186000.0,175689000.0,153780000.0,359064000.0,518849167.2,433934167.2,13.710769621911806,3.108473965920809,0.03049769404285385,0.04187096965914831,0.023431345584440277,13.710769621911806,0.02337013971140743,3.476539383421668,11.781316239782017,1.101324026031916,0.0,0.6562231759656653,0.0,0.23073949873454513,1.849900970651302,0.017022184498216613,-169.44780117570215,0.3238275832032323,5.4,-0.4377370016681817,0.6890062598432082,0.8758987816828832,0.41131293073239106,6.374413931681179,8.302733006306937,-0.5062407400372577,0.2012864564494295,0.34164290689333526,Building Products & Equipment,Industrials,CSTE
2018Q1,2018,Q1,2018-05-09,2018-03-31,1493000.0,136058000.0,1427000.0,0.05,34244000.0,0.25168678063766925,641077000.0,461390000.0,368770000.0,124533000.0,179687000.0,142357000.0,348017000.0,674854667.8499999,587232667.8499999,13.434468089083694,2.961223129612231,0.038199779433671775,0.053076572964303514,0.00217396655856478,13.434468089083694,0.0032358742062029953,4.960051359346749,113.00312589584728,1.4626556012267278,6.6711319490957806,0.7152019219286723,0.014758733212487477,0.21223347585391458,1.818096408180964,0.002328893409060066,-26.91022680636414,0.25168678063766925,1.263157894736842,-0.8570204888480554,0.7927834959984186,0.9722949343239445,-0.26107502751224565,1.2338292873923258,1.290513029315961,-0.9066134498077796,0.2915028760122528,0.4047712415685732,Building Products & Equipment,Industrials,CSTE
2017Q4,2017,Q4,2018-01-04,2017-12-31,-6385000.0,148140000.0,-4912000.0,-0.19,46343000.0,0.3128324557850682,652987000.0,469895000.0,377967000.0,127457000.0,183092000.0,132940000.0,356391000.0,755457120.0,632740120.0,13.684019550970676,2.965447170418259,0.02448747065408653,0.03402887879207057,-0.010168497375875872,13.684019550970676,-0.013588142031730492,5.0996160388821385,-29.57937039937353,1.607714744783409,0.0,0.7657364224462163,0.0,0.2268651596433007,1.8700267541209976,-0.009778142597019543,141.63050618672665,0.3128324557850682,-2.0,-1.5940214161149175,0.9450213374335361,1.1001297484067534,-0.06788285932660204,-1.9196312833069278,-1.4463831334060342,-1.3198045768177809,0.3331471479675908,0.4969864936405104,Building Products & Equipment,Industrials,CSTE
2017Q3,2017,Q3,2017-11-01,2017-09-30,6943000.0,154682000.0,11004000.0,0.19,49718000.0,0.32142072122160303,637907000.0,475560000.0,362237000.0,109290000.0,162347000.0,121797000.0,362911000.0,1023300799.4,905603799.4,13.848995337743698,3.314456949400677,0.02942905470546647,0.039475565648919166,0.017604796955731326,13.848995337743698,0.014599629910000841,6.615513113355141,36.846492848912575,2.1517806363024645,0.0,0.8617946254833863,0.0,0.24248362222079395,2.2000182999359503,0.010884031684869424,95.61771625864324,0.32142072122160303,-0.5476190476190476,-0.43797484462817976,0.9959829866253471,1.2360865401403727,-0.04242984534196183,-0.5227522683530382,-0.4302578440509475,-0.7334096038723682,0.27883091443501956,0.5029838609690487,Building Products & Equipment,Industrials,CSTE
2017Q2,2017,Q2,2017-08-02,2017-06-30,14548000.0,148914000.0,19314000.0,0.42,51921000.0,0.348664329747371,627079000.0,467277000.0,353444000.0,114314000.0,159802000.0,119389000.0,356462000.0,1203513953.0,1096108953.0,13.608532588404483,3.091869762233847,0.03507373074205961,0.047068441202969546,0.03275528812461732,13.608532588404483,0.031133567455706144,8.081939596008434,20.681776756255154,2.575589966978901,0.0,0.812411528700299,0.0,0.23747247157056767,2.047474500061235,0.02319962875490967,129.36837074062132,0.348664329747371,0.3548387096774193,0.2455041574248579,0.9755601172366605,1.3474935599555617,0.05442618955748259,0.31110310021629417,0.275946356609632,-0.18741372056479944,0.3047242263258407,0.5860423390379758,Building Products & Equipment,Industrials,CSTE
2017Q1,2017,Q1,2017-05-10,2017-03-31,11096000.0,136411000.0,15137000.0,0.31,49241000.0,0.3609752879166636,600706000.0,451626000.0,326359000.0,104670000.0,149080000.0,107062000.0,342106000.0,1244157021.25,1145203021.25,13.158662628895243,3.117980319098118,0.036715131861509626,0.048834655223569945,0.026444246546334163,13.158662628895243,0.02456900178466253,9.12065024997984,28.031656030326243,2.754839228144527,0.0,0.8142011171097121,0.0,0.22708446394742188,2.095127543708799,0.018471598419193415,95.68230571791125,0.3609752879166636,-0.29545454545454547,0.841820697790988,0.6212339652877774,0.8558682465619213,-0.04259993778192565,-0.2636538589156547,-0.20777725440937878,-0.1519567205798392,0.46533015370519704,0.6339239954689835,Building Products & Equipment,Industrials,CSTE
2016Q4,2016,Q4,2017-02-08,2016-12-31,15069000.0,134975000.0,19107000.0,0.44,51432000.0,0.38104834228560847,584700000.0,437653000.0,310300000.0,93337000.0,147047000.0,101474000.0,331326000.0,983313066.4499999,896752066.4499999,12.751542593924817,3.324512251304413,0.033707884385154784,0.0450333940359143,0.035339437784752584,12.751542593924817,0.03443138742336965,7.285149593998888,16.313508966255224,2.246786989806993,0.0,0.8232946370498847,0.0,0.23084487771506756,2.024009771044709,0.025772190867111338,32.88122609764253,0.38104834228560847,-0.3230769230769231,1.3185095489895555,0.1470080775462837,1.2669846784685197,-0.12023400215528302,-0.3255605782571723,-0.3218456078083407,-0.10306315759918223,0.4111517700431154,0.66785211881924,Building Products & Equipment,Industrials,CSTE
2016Q3,2016,Q3,2016-10-19,2016-09-30,22343000.0,144306000.0,28175000.0,0.65,58461000.0,0.40511829029977964,563401000.0,425497000.0,288300000.0,86475000.0,137904000.0,102005000.0,318505000.0,1297687606.74,1243597606.74,12.364679901897851,3.333911535125759,0.03630096503201095,0.04806614382710101,0.05318038023810942,12.364679901897851,0.052510358474912866,8.992610194586504,14.520069000805622,3.0498161132510924,0.0,0.8415763933140532,0.0,0.2561337306820542,2.154322058398381,0.039657366600343275,48.32920959144911,0.40511829029977964,-0.10958904109589036,0.26184974568401537,0.10645461361402972,0.0,-0.025227598626071296,-0.12066590578141603,-0.09943744805983507,0.40043474342120683,0.5442186052596683,0.5924104252246142,Building Products & Equipment,Industrials,CSTE
2016Q2,2016,Q2,2016-09-19,2016-06-30,25409000.0,142348000.0,31286000.0,0.73,59974000.0,0.42131958299378985,546394000.0,410735000.0,269390000.0,84604000.0,135659000.0,103854000.0,296162000.0,1210051216.0,1172067216.0,11.798796952739892,3.1841284100042553,0.03239420637854735,0.04309347876367974,0.06431311215314904,11.798796952739892,0.06186227129414343,8.500654845870683,11.905734346097839,2.946063072297223,0.0,0.7931711826217575,0.0,0.2605226265295739,1.9565977967944779,0.04650307287415308,70.49937170822652,0.42131958299378985,1.212121212121212,0.9524885009916563,0.21134344274974198,0.0,0.40724576470036133,1.1576936141304348,1.1978222690551457,0.28079596435753856,0.5901161571569581,0.6143038968137984,Building Products & Equipment,Industrials,CSTE
2016Q1,2016,Q1,2016-05-04,2016-03-31,11776000.0,116914000.0,14235000.0,0.33,42618000.0,0.3645243512325299,545726000.0,402619000.0,266692000.0,92523000.0,143107000.0,105131000.0,270754000.0,1209605262.45,1168982262.45,11.4334511260211,2.882440041935519,0.035281441602562455,0.047821886200104816,0.02821963040564707,11.4334511260211,0.02924849547587173,10.346111350650906,25.67945954589844,3.0043422254041663,0.0,0.7066992609220877,0.0,0.21423571535898966,1.7461712222906736,0.021578594386193806,259.79494468427833,0.3645243512325299,-0.37735849056603776,-0.17866482805376535,0.23978931655431907,0.0,-0.11613920112820939,-0.37060395510422234,-0.3713288875149053,0.09987307958603234,0.5024535612460268,0.6785285124920684,Building Products & Equipment,Industrials,CSTE
2015Q4,2015,Q4,2016-01-13,2015-12-31,18710000.0,127361000.0,22643000.0,0.53,48218000.0,0.3785931329056776,529742000.0,400221000.0,249701000.0,80860000.0,129521000.0,95479000.0,258978000.0,1529674681.7,1481891681.7,11.339390229511439,3.0880657927281723,0.028247713037667394,0.03738934238833045,0.04817053534374612,11.339390229511439,0.04674917108297665,12.010542330069645,20.439266190539822,3.822075007808186,0.0,0.8289047853454686,0.0,0.24042080862004522,1.684108335394509,0.03531907985396665,100.1423686873977,0.3785931329056776,-0.05357142857142862,1.7993374603269352,0.052462457115618415,1.0159305216707826,-0.10851036293379185,-0.05533676663637282,-0.08394692127194757,0.6935263368748253,0.626917221507721,0.7402920728873554,Building Products & Equipment,Industrials,CSTE
2015Q3,2015,Q3,2015-10-28,2015-09-30,19806000.0,136816000.0,24718000.0,0.56,54087000.0,0.3953265699918138,511504000.0,379037000.0,236691000.0,90887000.0,132467000.0,94290000.0,240268000.0,1072960552.0,1038192552.0,10.739187734834822,2.604233828820403,0.034850167349619945,0.04702970950065561,0.05167259585976513,10.739187734834822,0.05225347393526226,7.842361653607766,13.543377663334343,2.8307541269058163,0.0,0.8773889065648531,0.0,0.2674778691857737,1.5667917303904848,0.03872110482029466,61.17220935005701,0.3953265699918138,-0.1384615384615384,0.09060224355644937,0.02279726364667416,0.0,0.028152682203550924,-0.1346935209052383,-0.12595473833097595,0.5598478604216571,0.7176347711421461,0.7339707726276904,Building Products & Equipment,Industrials,CSTE
2015Q2,2015,Q2,2015-07-01,2015-06-30,22889000.0,127527000.0,28280000.0,0.65,52606000.0,0.4125087236428364,500519000.0,360449000.0,236625000.0,109182000.0,140070000.0,99776000.0,220461000.0,2417480782.76,2399828782.76,10.21938814826668,2.167252843875364,0.03998649401920806,0.05552519219085086,0.06202427371469455,10.21938814826668,0.06350135525414136,18.956619247375066,26.40439493599546,6.706859452405196,0.0,0.7508919980756895,0.0,0.2547895284694487,1.2534025755161107,0.045730531708087004,-371.5771261543191,0.4125087236428364,0.41304347826086957,0.7359323040528798,0.07108298598407956,0.0,0.16092156949287195,0.3989976162826233,0.36322005302482524,0.9077123240274713,0.6470282217947297,0.7628607426184587,Building Products & Equipment,Industrials,CSTE
2015Q1,2015,Q1,2015-05-06,2015-03-31,16361000.0,107811000.0,20745000.0,0.46,45314000.0,0.4203096159019024,468860000.0,336122000.0,216189000.0,105743000.0,132738000.0,90839000.0,197573000.0,2133743954.29,2108998954.29,9.563456092739138,2.044475757260528,0.03494646589600307,0.04874718108305913,0.05113663516833978,9.563456092739138,0.04867577843759111,19.791523632004154,32.60411885413483,6.348123461987017,0.0,0.6879974460308899,0.0,0.22994284008019453,1.185421257199058,0.03489527790811756,-124.46736010558246,0.4203096159019024,-0.20689655172413784,0.14331874541344802,0.1454583438401917,0.0,-0.0736364379753046,-0.19869722793613478,-0.09765115267507612,1.652014283780422,0.2512511470130212,0.3488083850504352,Building Products & Equipment,Industrials,CSTE
2014Q4,2014,Q4,2014-12-31,2014-12-31,20418000.0,113640000.0,22990000.0,0.58,48916000.0,0.43044702569517773,439000000.0,321011000.0,213485000.0,89179000.0,117989000.0,80212000.0,181212000.0,2100731362.44,2070190362.44,9.141044096992893,2.3938931811300868,0.02674031890660592,0.03656884032011364,0.05952265215224924,9.141044096992893,0.06360529701474404,18.485844442449842,25.721561397296504,6.544110209432076,0.0,0.8069116840373012,0.0,0.2588610478359909,1.3190773612621804,0.04651025056947608,-2167.9374225386996,0.43044702569517773,-0.2266666666666667,2.0702994082288737,-0.05618377573643268,0.6251058850684315,-0.09290509216333494,-0.23081559615746844,-0.2638017164083515,2.0702994082288737,-0.05618377573643268,0.6251058850684315,Building Products & Equipment,Industrials,CSTE
2014Q3,2014,Q3,2014-10-28,2014-09-30,26545000.0,123284000.0,31228000.0,0.75,53926000.0,0.43741280295902146,435213000.0,322501000.0,249331000.0,83280000.0,112712000.0,75706000.0,180821000.0,1808796124.0,1744847124.0,9.21433403071578,2.993888088376561,0.031704016194369196,0.04278436345933811,0.07893075047791107,9.21433403071578,0.08230982229512467,14.671783232211803,17.035186701827087,5.608652760766634,0.0,0.9161493144532797,0.0,0.2832727882668946,2.0848342939481266,0.060993122907633736,667.2062427148653,0.43741280295902146,0.47058823529411764,0.47399292710698276,-0.07060048176104902,0.0,0.13237579270085253,0.4580358123695485,0.325635692150953,0.47399292710698276,-0.07060048176104902,0.0,Building Products & Equipment,Industrials,CSTE
2014Q2,2014,Q2,2014-08-07,2014-06-30,18206000.0,116064000.0,23557000.0,0.51,47622000.0,0.410308105872622,419232000.0,299599000.0,246041000.0,88733000.0,119633000.0,72945000.0,154274000.0,1713753648.48,1651634648.48,8.58018241597436,2.772824090248273,0.04330060682390657,0.06059098995657529,0.06288050207175298,8.58018241597436,0.060767893083755284,14.765591815550042,23.532814023948145,5.720158106268713,0.0,0.9382685585029817,0.0,0.27684909548889397,1.950751129793876,0.043427028471109075,-136.01219432380952,0.410308105872622,0.3783783783783784,0.39474751497326577,-0.015323431998292177,0.0,0.2152499553423329,0.37196684250188394,0.3642786818787282,0.39474751497326577,-0.015323431998292177,0.0,Building Products & Equipment,Industrials,CSTE
2014Q1,2014,Q1,2014-04-28,2014-03-31,13270000.0,94414000.0,17267000.0,0.37,39187000.0,0.4150549706611308,398363000.0,280330000.0,237266000.0,87613000.0,118033000.0,69066000.0,136068000.0,1892905263.0,1877773263.0,8.053411704207408,2.7081140926574823,0.03929581813572044,0.055841329861234974,0.05005621308408929,8.053411704207408,0.0473370670281454,20.048989164742515,35.661365165787494,6.752417732672208,0.0,0.7996264442706976,0.0,0.23700494272811481,1.9198064214214785,0.03331132660412739,3718.870850687623,0.4150549706611308,-0.22916666666666666,-0.06368755134951655,0.012849734508535994,0.0,-0.05761970035831951,-0.21964128197588945,-0.12673848176806757,-0.06368755134951655,0.012849734508535994,0.0,Building Products & Equipment,Industrials,CSTE
2013Q4,2013,Q4,2013-12-31,2013-12-31,17005000.0,96813000.0,19773000.0,0.48,41583000.0,0.42951876297604663,377556000.0,265599000.0,225272000.0,79570000.0,111957000.0,57867000.0,122798000.0,1725501776.05,1721049776.05,7.6454875405574345,2.8311172552469523,0.04713472968248419,0.06700326431951928,0.06133739556301602,7.6454875405574345,0.06402509045591286,17.82303798095297,25.367565069832402,6.4966425929691,1.1848867980005882,0.9544299860023848,0.011677182996661338,0.25642023964656896,1.921402538645218,0.045039676233459405,168.34163668780488,0.42951876297604663,0.04347826086956513,1.5849195164997736,-0.18718305011852923,0.3592240300497606,-0.009881422924901186,0.056014407253306836,-0.05469235550031075,1.5849195164997736,-0.18718305011852923,0.3592240300497606,Building Products & Equipment,Industrials,CSTE
2013Q3,2013,Q3,2013-11-07,2013-09-30,16103000.0,94320000.0,20917000.0,0.46,41998000.0,0.44527141645462254,384451000.0,269693000.0,235962000.0,82202000.0,114758000.0,53707000.0,125942000.0,1586601658.48,1586242658.48,7.764756940820566,2.8705140994136396,0.050947975164585345,0.07262702406069123,0.06010135797212015,7.764756940820566,0.059708631666376216,16.821476446988974,24.63208188660498,5.882991618173256,0.0,0.9742119276816802,0.0,0.24533685697267013,2.2171601664193084,0.04188570194901301,64.04818579363798,0.44527141645462254,-0.1785714285714286,-0.09895855439763925,-0.2834857643565473,0.0,-0.05239169675090253,-0.18333502383608885,-0.0595719809369661,-0.09895855439763925,-0.2834857643565473,0.0,Building Products & Equipment,Industrials,CSTE
2013Q2,2013,Q2,2013-08-09,2013-06-30,19718000.0,88977000.0,22242000.0,0.56,44320000.0,0.498106252177529,353716000.0,252890000.0,207146000.0,69531000.0,100826000.0,53300000.0,109839000.0,941818777.78,929468777.78,7.308906938791106,2.9791891386575773,0.052324463694037024,0.07318597018466527,0.07297496861311145,7.308906938791106,0.07797065917988058,10.584968899603268,11.941104292778173,3.724223092174463,0.0,0.8378424015009381,0.0,0.251549265512445,2.212624584717608,0.055745287179545175,94.56961319208756,0.498106252177529,0.8666666666666669,0.5244336766559428,-0.23820443097970984,0.0,0.2952625887716632,0.8746910058946568,0.7016295616249714,0.5244336766559428,-0.23820443097970984,0.0,Building Products & Equipment,Industrials,CSTE
2013Q1,2013,Q1,2013-04-17,2013-03-31,10518000.0,76444000.0,13071000.0,0.3,34217000.0,0.44760870702736644,332489000.0,235637000.0,193689000.0,65512000.0,96852000.0,54232000.0,90121000.0,900815495.16,906631495.16,6.8115918442434715,2.956542312858713,0.061226085675014814,0.08639135619618311,0.04245073403723923,6.8115918442434715,0.044636453528096184,11.78399214012872,21.41128292355961,3.8228949407775517,0.0,0.7786362295323794,0.0,0.22991437310708024,2.128724508486995,0.0316341292493887,271.5753678504673,0.44760870702736644,-0.03225806451612906,-0.25324549969404936,-0.17482353629211206,0.0,0.07408104969080578,-0.02221809054569118,0.07227235438884332,-0.25324549969404936,-0.17482353629211206,0.0,Building Products & Equipment,Industrials,CSTE
2012Q4,2012,Q4,2013-02-07,2012-12-31,10757000.0,76222000.0,12190000.0,0.31,31857000.0,0.41795019810553385,321049000.0,223917000.0,183587000.0,65875000.0,97132000.0,50550000.0,79603000.0,549393815.225,543296815.225,6.515797207935342,2.786899430740038,0.0714408081009441,0.1024308114167303,0.043637641350990464,6.515797207935342,0.04804012200949459,7.207811592781612,12.768286121246629,2.4535600924672982,0.0,0.8776458951533136,0.0,0.23741547240452393,1.8437343453510437,0.03350578883597208,40.85927526587833,0.41795019810553385,-0.13888888888888887,0.6529636412343816,-0.35309403379462373,0.15838631519254676,-0.08779314491882141,-0.12990374504570087,-0.27023467432950193,0.6529636412343816,-0.35309403379462373,0.15838631519254676,Building Products & Equipment,Industrials,CSTE
2012Q3,2012,Q3,2012-10-24,2012-09-30,12363000.0,77556000.0,16704000.0,0.36,34923000.0,0.45029398112331737,310651000.0,212838000.0,175116000.0,66892000.0,90807000.0,50606000.0,68846000.0,496577862.5,480620862.5,6.19340758469675,2.617891526639957,0.039967680773601244,0.05833544761743674,0.0638506187015208,6.19340758469675,0.0580864319341471,6.4028297294857905,10.041613332120034,2.333125957300858,0.0,0.8424495119155831,0.0,0.24965636679102915,1.622720205704718,0.0397970713115361,40.82356646662282,0.45029398112331737,0.058823529411764594,-0.3008278106932567,-0.40453157980345134,0.0,0.07574544110399212,0.057570573139435414,0.2012081116065008,-0.3008278106932567,-0.40453157980345134,0.0,Building Products & Equipment,Industrials,CSTE
2012Q2,2012,Q2,2012-06-30,2012-06-30,11690000.0,75440000.0,13906000.0,0.34,32464000.0,0.4303287380699894,287527000.0,199217000.0,152953000.0,67890000.0,81921000.0,49937000.0,56483000.0,417537787.5,394150787.5,5.797047889946967,2.2529533068198555,0.05635992445926817,0.08134345964450825,0.05295519043897632,5.797047889946967,0.05867973114744224,5.534700258483563,8.929379544482464,2.095894363934805,2.325235243798118,0.8606043614954844,0.06510069462874662,0.2623753595314527,1.2638532920901457,0.04065705133778741,-82.35459319526628,0.4303287380699894,0.8888888888888891,-0.09004503342093932,-0.3496875330909968,0.0,0.1532094774608362,1.424305267523849,0.9419075548107806,-0.09004503342093932,-0.3496875330909968,0.0,Building Products & Equipment,Industrials,CSTE
2012Q1,2012,Q1,2012-03-31,2012-03-31,4822000.0,67346000.0,7161000.0,0.18,28151000.0,0.41800552371336086,335669000.0,194778000.0,196931000.0,116956000.0,134405000.0,53900000.0,44793000.0,319213624.23999995,263375624.23999995,7.090300000160169,1.6838041656691405,0.05560239402506636,0.09582191007197938,0.029105536181232912,7.090300000160169,0.024756389325283144,4.7399047343569025,16.54985608875985,1.6388587224429862,0.0,0.7271799628942486,0.0,0.2006321703821324,1.2229470912137899,0.014365342048267787,255.57535967974374,0.41800552371336086,-0.04947368421052631,-0.568886656302749,-0.0845496153393165,0.0,0.07520433885875792,0.30148448043184883,0.16212268743914313,-0.568886656302749,-0.0845496153393165,0.0,Building Products & Equipment,Industrials,CSTE
2011Q4,2011,Q4,2011-12-31,2011-12-31,3705000.0,67081000.0,6162000.0,0.1893687707641196,26182000.0,0.3903042590301278,234367000.0,110051000.0,98357000.0,96165000.0,118111000.0,48085000.0,40753000.0,217367150.0,255449150.0,5.624891387682085,1.022794155877918,0.1624887462825398,0.3460395634751161,0.04827155075040687,5.624891387682085,0.033666209302959535,3.240368360638631,14.667149122807018,1.9751492489845617,0.7252361673414305,0.8505563065405012,0.012361573494430967,0.28622203637884175,0.3826548120418031,0.01580853959815162,13.58035424215919,0.3903042590301278,-0.48819251144832543,0.0,0.0,0.0,-0.16739807924696304,-0.6319658289460613,-0.5469450775678258,0.0,0.0,0.0,Building Products & Equipment,Industrials,CSTE
2011Q3,2011,Q3,2011-09-30,2011-09-30,10067000.0,74151000.0,13601000.0,0.37,31446000.0,0.42408059230489137,,,,,,,,217367150.0,,,0.0,0.0,0.0,0.0,,0.0,2.9314122533748703,5.398012069136784,0.0,0.09218237806695143,0.0,0.004269274359074037,0.0,0.0,0.0,28.4735590778098,0.42408059230489137,0.37037037037037024,0.0,0.0,0.0,0.1808486669170109,0.37640142193054416,0.3736996263003737,0.0,0.0,0.0,Building Products & Equipment,Industrials,CSTE
2011Q2,2011,Q2,2011-06-30,2011-06-30,7314000.0,66045000.0,9901000.0,0.27,26630000.0,0.40320993262169735,,,,,,,,217367150.0,,,0.0,0.0,0.0,0.0,,0.0,3.291197668256492,7.429831487558108,0.0,0.0027344818156959257,0.0,9.201022325590597e-05,0.0,0.0,0.0,-64.86635332736496,0.40320993262169735,-0.06896551724137918,0.0,0.0,0.0,0.32910760630864444,-0.08184785337685162,0.2250680524622618,0.0,0.0,0.0,Building Products & Equipment,Industrials,CSTE
2011Q1,2011,Q1,2011-03-31,2011-03-31,7966000.0,52394000.0,8082000.0,0.29,20036000.0,0.3824101996411803,,,,,,,,217367150.0,,,0.0,0.0,0.0,0.0,,0.0,4.148703095774326,6.8217157293497355,0.0,0.4158925433090635,0.0,0.015241493482340824,0.0,0.0,0.0,-255.7260588235294,0.3824101996411803,0.0,0.0,0.0,0.0,0.0,0.0,0.0,0.0,0.0,0.0,Building Products & Equipment,Industrials,CSTE
