Year,Date,FillingDate,NetIncome,Revenue,OperatingIncome,EPSDiluted,GrossProfit,GrossProfitRatio,TotalAssets,CommonStockEquity,CurrentAssets,CurrentLiability,TotalLiability,Inventory,RetainedEarnings,EnterpriseValue,bookValuePerShare,currentRatio,debtToAssets,debtToEquity,roic,shareholdersEquityPerShare,roe,priceToSalesRatio,peRatio,pbRatio,payoutRatio,inventoryTurnover,dividendYield,assetTurnover,quickRatio,returnOnAssets,priceToFreeCashFlowsRatio,grossProfitMargin,epsdilutedGrowth,fiveYNetIncomeGrowthPerShare,fiveYRevenueGrowthPerShare,fiveYShareholdersEquityGrowthPerShare,grossProfitGrowth,netIncomeGrowth,operatingIncomeGrowth,threeYNetIncomeGrowthPerShare,threeYRevenueGrowthPerShare,threeYShareholdersEquityGrowthPerShare,Industry,Sector,Price,MarketCap,AvgVolume,Symbol
2022,2022-12-31,2023-02-23,122115000.0,407513000.0,199292000.0,0.72,385740000.0,0.9465710296,5457609000.0,3092918000.0,158804000.0,306400000.0,2195104000.0,0.0,-386049000.0,4754488400.0,18.21077484691474,0.518289817232376,0.3707064760410649,0.6541301773923525,0.038574117301011186,18.21077484691474,0.03948213305364061,6.75587380034502,22.545194284076487,0.8901323604440856,1.4840437292715882,0.0,0.06582528012720468,0.0746687789469711,0.518289817232376,0.022375182978480138,12.261095573171819,0.9465710296358644,0.07462686567164169,0.8485990836016936,0.8619176572609812,1.1618625237347644,0.05851263799438555,0.19222658309413626,0.017263028941861058,0.2759324531109305,0.1313198989517779,0.5385769666910399,REIT—Diversified,Real Estate,15.49,3057865147,1047291,BNL
2021,2021-12-31,2022-02-23,102426000.0,382876000.0,195910000.0,0.67,364417000.0,0.9517885686,4618648000.0,2577292000.0,157128000.0,192425000.0,1877510000.0,0.0,-318476000.0,5466523740.0,16.838772483453877,0.8165674938287645,0.36576028309583236,0.6554624000695304,0.045238000016176665,16.838772483453877,0.039741713395300186,9.921945329558396,37.08896901177435,1.4739791765931063,1.508005779782477,0.0,0.04065914529206088,0.0828978523585257,0.7267922567233988,0.022176619651465106,15.611450445674553,0.9517885686227395,0.5227272727272728,1.5935292315800875,1.4669098361070767,1.6019736306452634,0.198113486696103,1.0012504640393896,0.4016899554258158,0.35906539365567575,0.48410992708737166,0.674158497563532,REIT—Diversified,Real Estate,15.49,3057865147,1047291,BNL
2020,2020-12-31,2021-02-25,51181000.0,321637000.0,139767000.0,0.44,304159000.0,0.945659237,4258483000.0,2299105000.0,226484000.0,78959000.0,1779402000.0,0.0,-259673000.0,3734489000.0,19.625309432351685,2.8683747261236845,0.36190774977850093,0.6703382403152531,0.035070260006007055,19.625309432351685,0.0222612712338062,7.131632865621803,44.81735409624665,0.997691275518082,1.397628026025283,0.0,0.031184974084454732,0.07552853915349668,2.5862409604984866,0.012018599111467628,13.635535185647537,0.9456592369658964,-0.21428571428571436,2.191450609889155,2.9436922747481544,0.0,0.07543180411915495,-0.35535430888984054,-0.01464979378899503,0.12325969293111436,1.1305056672391813,1.3297866968954088,REIT—Diversified,Real Estate,15.49,3057865147,1047291,BNL
2019,2019-12-31,2020-02-27,79394000.0,298815000.0,141845000.0,0.56,282825000.0,0.9464886301,3917858000.0,1667614000.0,110536000.0,238271000.0,2138838000.0,0.0,-208261000.0,4265258600.0,11.836115606279987,0.4639087425662376,0.5056778474360224,1.1880291242457788,0.03687008991879572,11.836115606279987,0.04760933885179664,7.685489684252799,28.925858377207348,1.377140993059545,0.7804242134166309,0.0,0.026980157450801196,0.07626999242953675,0.41097321956931393,0.020264644609375836,16.137924346658984,0.946488630088851,0.14166887525228855,3.1164514958262033,2.0464592296556083,0.0,0.28677892380558073,0.144418018018018,0.2824233547605486,1.1839137371403419,1.09153140289356,0.8289492732959854,REIT—Diversified,Real Estate,15.49,3057865147,1047291,BNL
2018,2018-12-31,2019-03-14,69375000.0,237479000.0,110607000.0,0.49051,219793000.0,0.9255260465135865,3096797000.0,1417099000.0,92065000.0,173260000.0,1567877000.0,0.0,-155150000.0,3723752600.0,10.058051557221134,0.5313690407480087,0.46687755122470087,1.0202709902413312,0.037080258045647754,10.058051557221134,0.04895564812338447,9.670495496443896,33.103273513513514,1.6205922098597205,0.7473153153153154,0.0,0.022575269331301755,0.07668536232759203,0.5130151217822925,0.02240217876728762,18.663315210766267,0.9255260465135865,0.2611359505120288,2.5969824233939955,1.4211304365556756,0.0,0.292367848532957,0.2659902552966295,0.30306778822365166,2.5969824233939955,1.4211304365556756,0.0,REIT—Diversified,Real Estate,15.49,3057865147,1047291,BNL
2017,2017-12-31,2018-03-15,54799000.0,181563000.0,84882000.0,0.388943,170070000.0,0.9366996579699608,2578756000.0,1186825000.0,69808000.0,297378000.0,1294555000.0,0.0,-120280000.0,3464928600.0,8.423650739573574,0.23474500467418571,0.4567101346540735,0.9923484928275019,0.034334376282565394,8.423650739573574,0.04617277189139089,12.648720278911453,41.90842168652713,1.9350279948602365,0.8127885545356667,0.0,0.019394396682730835,0.07040720409375684,0.23134529117823108,0.021250168685986576,25.144410624739965,0.9366996579699608,0.5073732593875834,1.8412402136153887,0.8510592745142017,0.0,0.25949788935792045,0.5073719535676955,0.13908049061971603,1.8412402136153887,0.8510592745142017,0.0,REIT—Diversified,Real Estate,15.49,3057865147,1047291,BNL
2016,2016-12-31,2016-12-31,36354000.0,142869000.0,74518000.0,0.258027,135030000.0,0.9451315540810112,1952054000.0,911788000.0,66822000.0,121362000.0,953517000.0,0.0,-89960000.0,3141481600.0,6.471538483377339,0.55060068225639,0.44393085437185653,0.9504150087520344,0.040804145794957496,6.471538483377339,0.03987111038969585,16.07444302122924,63.171579468559166,2.5187210184823665,0.9828629586840513,0.0,0.015558625681873718,0.07318906136817936,0.5363622880308498,0.01862346021165398,35.1954698012291,0.9451315540810112,0.8912359912924294,0.8848965624513921,0.456568725404237,0.0,0.4676376283897614,0.8848965624513921,0.7582049406601703,0.8848965624513921,0.456568725404237,0.0,REIT—Diversified,Real Estate,15.49,3057865147,1047291,BNL
2015,2015-12-31,2015-12-31,19287000.0,98086000.0,42383000.0,0.136433,92005000.0,0.9380033847847807,,,,,,,,,,0.0,0.0,0.0,0.0,,0.0,23.413530983014905,119.07189298491211,0.0,1.2342510499300046,0.0,0.010365595263412831,0.0,0.0,0.0,81.85556030795551,0.9380033847847807,0.0,0.0,0.0,0.0,0.0,0.0,0.0,0.0,0.0,0.0,REIT—Diversified,Real Estate,15.49,3057865147,1047291,BNL
TTM,,,,,,,,,,,,,,,,4976386147.0,16.54331381292645,1.446113242456398,0.3827424141676668,0.6632431661788246,0.04014569840027364,16.54331381292645,0.045603325638294924,7.067528490930607,21.41045811333645,0.9363299381951262,1.4077201268370203,0.0,0.07101355713363461,0.08108596389565859,41.75048748854969,0.025236943642533885,13.590088961676749,0.9477308026551782,,,,,,,,,,,REIT—Diversified,Real Estate,15.49,3057865147,1047291,BNL
