Quarters,Year,Quarter,FillingDate,Date,NetIncome,Revenue,OperatingIncome,EPSDiluted,GrossProfit,GrossProfitRatio,TotalAssets,CommonStockEquity,CurrentAssets,CurrentLiability,TotalLiability,Inventory,RetainedEarnings,MarketCap,EnterpriseValue,bookValuePerShare,currentRatio,debtToAssets,debtToEquity,roic,shareholdersEquityPerShare,roe,priceToSalesRatio,peRatio,pbRatio,payoutRatio,inventoryTurnover,dividendYield,assetTurnover,quickRatio,returnOnAssets,priceToFreeCashFlowsRatio,grossProfitMargin,epsdilutedGrowth,fiveYNetIncomeGrowthPerShare,fiveYRevenueGrowthPerShare,fiveYShareholdersEquityGrowthPerShare,grossProfitGrowth,netIncomeGrowth,operatingIncomeGrowth,threeYNetIncomeGrowthPerShare,threeYRevenueGrowthPerShare,threeYShareholdersEquityGrowthPerShare,Industry,Sector,Symbol
2024Q1,2024,Q1,2023-06-07,2023-04-30,3295000.0,216566000.0,8772000.0,-0.03,148163000.0,0.684147096,2238415000.0,1257256000.0,556645000.0,441057000.0,978706000.0,13553000.0,-42038000.0,2369011200.0,2557162200.0,19.360271019402525,1.262070435340557,0.20053028593893446,0.3570235496987089,0.0022839173791977733,19.360271019402525,0.0026207868564556464,10.93898026467682,179.74288315629738,1.8842711428698689,3.156297420333839,5.047074448461595,0.004390017235883056,0.09674970905752509,1.0905914655021913,0.0014720237310775705,44.51689717378232,0.6841470960353887,-1.25,3.647879172611453,-0.2628424668345536,0.07511747048344335,-0.09333847358887747,-0.7455205437133148,-0.7394713394713395,1.821731603240921,-0.2527362561270975,0.05764994216324907,Software—Infrastructure,Technology,VRNT
2023Q4,2023,Q4,2023-03-29,2023-01-31,12948000.0,236247000.0,33670000.0,0.12,163416000.0,0.6917167202,2313601000.0,1292111000.0,619656000.0,471051000.0,1019131000.0,12628000.0,-45333000.0,2496907200.0,2672425200.0,19.648889902676398,1.3154753943840476,0.1977942609810421,0.3541622972020206,0.007778285728506006,19.648889902676398,0.010020810905564614,10.569053575283496,48.21028730305839,1.932424691067563,0.0,5.767421602787456,0.0,0.10211224839546663,1.1286548590280034,0.005596470610100877,42.1184353018572,0.6917167202123201,6.999999999999999,-0.2651198357674908,-0.2807568356386012,0.11888654709268294,0.055686193441691,2.1766437684003925,0.5531875634283605,0.9487213688649129,-0.30104492016504725,0.05477679607507787,Software—Infrastructure,Technology,VRNT
2023Q3,2023,Q3,2022-12-07,2022-10-31,4076000.0,225193000.0,21678000.0,-0.02,154796000.0,0.6873925921,2172431000.0,1270076000.0,544795000.0,393887000.0,899993000.0,10611000.0,-52559000.0,2323605690.0,2515558690.0,19.365933244895782,1.3831251094857155,0.2043913017260387,0.34960585035856123,0.0024215459045730052,19.365933244895782,0.0032092567688862712,10.318285603904206,142.51752269381745,1.829501297560146,0.0,6.634341720855716,0.0,0.10365944879261987,1.2128986232091945,0.001876239107248976,189.1570897101921,0.6873925921320823,0.41860465116279066,0.5920602409441486,-0.22012954610014956,0.16446540586339564,0.04737675413074956,2.822898032200358,7.758787878787879,-0.6445873891909931,-0.2939621712710934,-0.01909975567002369,Software—Infrastructure,Technology,VRNT
2023Q2,2023,Q2,2022-09-07,2022-07-31,-2236000.0,222899000.0,2475000.0,-0.0344,147794000.0,0.66305367,2167290000.0,1272317000.0,525721000.0,400493000.0,892614000.0,6557000.0,-56635000.0,2930904960.0,3110274960.0,19.58676375504172,1.3126846162105206,0.20111383340485123,0.34258129066891346,-0.005208163052347756,19.58676375504172,-0.001757423660927269,13.1490269583982,-327.6950983899821,2.3035964779217757,-4.651162790697675,11.454171114839104,0.0035483920979819147,0.10284687328414749,1.1205788865223612,-0.0010317031869292988,-209.42514898177922,0.6630536700478692,-4.909090909090909,0.6227940747796834,-0.21094170921042446,0.1856567179589894,0.04691473461263291,-4.895470383275262,3.9698795180722892,-1.2160665681068603,-0.2987838532861008,0.019421614274234056,Software—Infrastructure,Technology,VRNT
2023Q1,2023,Q1,2022-06-07,2022-04-30,574000.0,217906000.0,498000.0,0.0088,141171000.0,0.6478527438,2201041000.0,1269101000.0,535200000.0,439874000.0,929267000.0,5225000.0,-54223000.0,3543508320.0,3694960320.0,19.540563844365405,1.2167120584531024,0.19831434307675322,0.34394268068498884,0.00018940823443970228,19.540563844365405,0.00045228866733222964,16.261637219718594,1543.3398606271778,2.792140515215101,18.118466898954704,14.686124401913876,0.002934944428181842,0.09900133618592294,1.0765401001195798,0.0002607856918612602,75.87974731792973,0.6478527438436757,1.1362229102167183,1.029004249166062,-0.19674455126551793,0.2068645750990626,-0.07481633428797997,1.1347417840375587,-0.9196255648805681,-0.846227214567981,-0.3035777832147781,0.01408913805491454,Software—Infrastructure,Technology,VRNT
2022Q4,2022,Q4,2022-03-29,2022-01-31,-4260000.0,234168000.0,6196000.0,-0.0646,152587000.0,0.6516133716,2361105000.0,1388515000.0,655178000.0,479466000.0,970205000.0,5337000.0,-54509000.0,3383468280.0,3488456280.0,21.064915953637964,1.3664743694026271,0.19643048487890205,0.3340208784204708,-0.0022609199053921923,21.064915953637964,-0.0030680259125756655,14.448892589935431,-198.56034507042253,2.4367531355440883,0.0,15.285928424208358,0.0,0.09917729198828515,1.2432351824738355,-0.0018042399639152007,58.92183062535918,0.6516133715964607,-1.323,-1.5042379841061235,-0.24883598886804717,0.3091647084461083,-0.0009755394929813534,-1.315532182801274,-0.7488243878709259,-1.1545635563765069,-0.2974671912600797,0.10118851550253698,Software—Infrastructure,Technology,VRNT
2022Q3,2022,Q3,2021-12-06,2021-10-31,13501000.0,224820000.0,24668000.0,0.2,152736000.0,0.6793701628,2298285000.0,1398501000.0,560450000.0,392569000.0,897272000.0,5760000.0,-49886000.0,3074577300.0,3217021300.0,21.328366631081288,1.427647114265263,0.19592478739581906,0.3219811784188928,0.007700843815559775,21.328366631081288,0.009653908005786195,13.675728582866293,56.93239945189245,2.1984805874289686,0.0,12.514583333333333,0.0,0.09782076635404226,1.2858987846722487,0.005874380244399628,76.16561300071841,0.6793701627969042,1.5,2.742024739162615,-0.16706621907999744,0.36160619903862445,0.07522703273495249,1.7002,1.1381641674612117,-0.29129197336352125,-0.26547227497382225,0.15789201402635794,Software—Infrastructure,Technology,VRNT
2022Q2,2022,Q2,2021-09-09,2021-07-31,5000000.0,214617000.0,11537000.0,0.08,142050000.0,0.6618767386,2278019000.0,1378366000.0,572495000.0,391617000.0,897030000.0,5425000.0,-63123000.0,2781827980.0,2913999980.0,21.14252845353867,1.461874739860629,0.19868622693664978,0.32836779200879884,0.003432006644354807,21.14252845353867,0.003627483556617038,12.961824925332103,139.091399,2.018207050957438,1.5312,13.376405529953917,0.00275214716907118,0.0942121202676536,1.300832190635238,0.0021948895070673245,-138.53725,0.6618767385621829,3.7904191616766467,1.433857240990398,-0.2123523052628921,0.2912103178386936,0.104897171836595,5.257822277847309,1.5972534894191805,-0.7742651086057898,-0.30475925191315184,0.1620680232730809,Software—Infrastructure,Technology,VRNT
2022Q1,2022,Q1,2021-06-09,2021-04-30,799000.0,200904000.0,4442000.0,0.0167,128564000.0,0.6399275276,2701311000.0,1363417000.0,998536000.0,822182000.0,1335342000.0,5593000.0,-68123000.0,3189154770.0,3673649770.0,20.76448729078144,1.2144950874623868,0.31240867860087196,0.618969104829997,0.002105127249875358,20.76448729078144,0.0005860276056408275,15.87402326484291,997.8581883604505,2.3390897795758745,6.508135168961202,12.934024673699266,0.0016305260719598127,0.0743727767739442,0.6652115954861576,0.00029578230718343794,136.4811387854667,0.6399275275753594,1.059642857142857,1.0467850540910155,-0.22382575832752347,0.2234807464071516,-0.45784240134270077,1.0430820662137388,1.40748555178424,1.6350301067107522,-0.32366259289712146,0.153096618821997,Software—Infrastructure,Technology,VRNT
2021Q4,2021,Q4,2021-03-31,2021-01-31,-18546000.0,349100000.0,-10901000.0,-0.28,237134000.0,0.6792724148,3261295000.0,1472906000.0,1277742000.0,1163439000.0,1773262000.0,20083000.0,-113797000.0,5091912320.0,5321354320.0,22.400590087144312,1.0982458040344187,0.27390499786127903,0.6064779422447868,-0.0043756429514699635,22.400590087144312,-0.012591434891296525,14.585827327413348,-68.63895610913404,3.4570517874188846,0.0,5.575163073246029,0.0,0.10704336774195526,0.9910678600253214,-0.005686698075457755,59.88582826631541,0.6792724147808651,-2.866666666666667,-2.003186511760646,0.17721440895952284,0.3155476498090387,0.053938257228953145,-2.8227027027027027,-1.3324996187280769,-2.0527138141156644,0.06293209750262344,0.27557938487046657,Software—Infrastructure,Technology,VRNT
2021Q3,2021,Q3,2020-12-09,2020-10-31,10175000.0,328201000.0,32785000.0,0.15,224998000.0,0.6855494042,3124683000.0,1453277000.0,1155700000.0,1032048000.0,1653206000.0,21748000.0,-93875000.0,3181504920.0,3521470920.0,22.163410654100137,1.1198122567942577,0.27739805925913125,0.5964320635364078,0.008084224934013753,22.163410654100137,0.00700141817423657,9.693769732572418,78.16965405405406,2.189193746271358,0.0,4.7454018760345775,0.0,0.10503497474783842,1.0086052199122522,0.0032563303221478787,226.79675791274593,0.6855494041760994,0.15384615384615377,0.2644531169482257,0.09612342662768945,0.2960152389496804,0.06629069712335908,0.19790440310807628,0.15537778404285313,2.975019021793526,0.13680755818139376,0.33267654371606875,Software—Infrastructure,Technology,VRNT
2021Q2,2021,Q2,2020-09-09,2020-07-31,8494000.0,309109000.0,28376000.0,0.13,211010000.0,0.6826394573,3302707000.0,1419617000.0,1312677000.0,1039934000.0,1866577000.0,20898000.0,-104050000.0,2915785060.0,3252335060.0,21.85572866951997,1.262269528643164,0.323265430448417,0.7520697483898826,0.00565015978230354,21.85572866951997,0.005983303947473156,9.432870152599891,85.81896220861785,2.053923741403491,0.0,4.694181261364724,0.0,0.09359261962989754,1.1378472095344512,0.0025718297142313866,57.77263839904894,0.682639457278824,3.1069692058346843,1.8140356503766806,-0.007102113723619963,0.2855012571426847,0.14078575328838885,3.1368553459119495,2.9405638105818634,2.4329984064818744,0.09430746381534566,0.3230052624816601,Software—Infrastructure,Technology,VRNT
2021Q1,2021,Q1,2020-06-09,2020-04-30,-3975000.0,287295000.0,7201000.0,-0.0617,184969000.0,0.6438295132,3094708000.0,1178402000.0,1110614000.0,677791000.0,1901802000.0,25030000.0,-112544000.0,2751430240.0,3272489240.0,18.304989437057287,1.6385788539535049,0.34824933402440555,0.9145690519873524,0.002129047373914821,18.304989437057287,-0.0033732121975353063,9.577020971475314,-173.04592704402518,2.334882527354842,0.0,4.088134238913304,0.0,0.09283428355760867,1.3971342198406294,-0.0012844507462416487,42.9931128021626,0.6438295132181208,-1.6201005025125628,-6.156053411073147,0.01066898905581949,0.09455634609460925,-0.15669423446917544,-1.596130773845231,-0.7455117331071529,0.7973614940337388,0.06843391712275407,0.1305530114228091,Software—Infrastructure,Technology,VRNT
2020Q4,2020,Q4,2020-03-31,2020-01-31,6668000.0,339203000.0,28296000.0,0.0995,219338000.0,0.6466275357,3016058000.0,1229368000.0,999058000.0,702902000.0,1773621000.0,20495000.0,-105590000.0,3827652000.0,4405792000.0,18.628481377094886,1.4213332726326002,0.3173964161166662,0.7786814037782015,0.004501800590362836,18.628481377094886,0.00542392513877049,11.284251613340684,143.50824835032992,3.113511983393093,0.0,5.848499634057087,0.0,0.11246567539483657,1.2046586864171678,0.0022108328155493033,42.52804906503117,0.6466275357234459,-0.4147058823529412,-0.05307784202075047,0.0031173859085129266,0.13547458029920362,0.036593492284789336,-0.4291584624604058,-0.05101116812556595,-0.21167020232902786,0.08680919195457934,0.1577425917346876,Software—Infrastructure,Technology,VRNT
2020Q3,2020,Q3,2019-12-04,2019-10-31,11681000.0,324867000.0,29817000.0,0.17,211595000.0,0.651328082,2982447000.0,1318814000.0,984081000.0,628705000.0,1647857000.0,24001000.0,-110459000.0,3032006610.0,3498501610.0,19.743020105091393,1.5652507932973334,0.2948360859388281,0.6667604377872847,0.007606644444558547,19.743020105091393,0.0088572004846779,9.333070487307113,64.8918459464087,2.299040357472699,0.0,4.7194700220824135,0.0,0.10892632794480506,1.3347484114171193,0.003916582591409001,139.9107844584929,0.6513280819535379,0.06250000000000006,-0.0061210727259341565,0.04373747432515432,0.18447143898329038,0.017949236038948543,0.10636484182610342,0.9520130932896891,2.479461362415943,0.181452737826257,0.26039743351288136,Software—Infrastructure,Technology,VRNT
2020Q2,2020,Q2,2019-09-04,2019-07-31,10558000.0,324305000.0,15275000.0,0.16,207864000.0,0.6409521901,2931706000.0,1273324000.0,960790000.0,638780000.0,1643728000.0,28459000.0,-122140000.0,3835160640.0,4322340640.0,19.21360453887011,1.5041015686151726,0.29870866996895323,0.6877479730217918,0.010767225733256234,19.21360453887011,0.008291683813389208,11.825783259585883,90.81172191702973,3.01192833874175,0.0,4.091535190976493,0.0,0.11061989162624083,1.2814051786217477,0.0036013160937692934,-483.4439228539014,0.6409521900679915,1.8520499108734405,1.8772659054899807,0.0104373765546204,0.07620918760141447,0.033784086218301,1.807232119117256,0.05577826928393696,1.9012308598987608,0.17084412702455645,0.1734076403387382,Software—Infrastructure,Technology,VRNT
2020Q1,2020,Q1,2019-06-06,2019-04-30,3761000.0,315259000.0,14468000.0,0.0561,201071000.0,0.6377962247,2957541000.0,1260930000.0,988297000.0,660746000.0,1682964000.0,27845000.0,-132698000.0,3951800820.0,4405685820.0,19.269079128335218,1.4957290698695112,0.2927800493720966,0.686722498473349,0.004757079030843573,19.269079128335218,0.0029827191041532836,12.53509279671635,262.6828516352034,3.1340366396231354,0.0,4.100843957622553,0.0,0.10659497197164806,1.2571956546085787,0.0012716645348280885,48.243878505243366,0.6377962246914441,-0.8631707317073171,-0.8895230435093038,0.005805860307756805,0.5042521614792173,-0.08460540392888849,-0.8622647037281184,-0.6677994121969141,1.220973993924228,0.2221249523645489,0.13536862164569327,Software—Infrastructure,Technology,VRNT
2019Q4,2019,Q4,2019-03-28,2019-01-31,27306000.0,330230000.0,43552000.0,0.41,219655000.0,0.6651576174,2867027000.0,1249236000.0,1006346000.0,661821000.0,1606223000.0,24952000.0,-134274000.0,3158802850.0,3574022850.0,19.129255034070898,1.5205712722926592,0.27387080763452876,0.6285401637480829,0.017956796520712567,19.129255034070898,0.021858159707213047,9.565463010628955,28.920409891598915,2.5285877528345324,0.0,4.4315084963129205,0.0,0.11518203351415944,1.2712742569365432,0.009524151673493134,43.69324088802822,0.6651576174181631,0.41379310344827586,-0.02226163249892223,0.05818795614935828,0.6328579349596734,0.13962042917029843,0.44323467230443975,0.2934956934956935,0.4871632791278573,0.12122141362251866,0.12342783849752823,Software—Infrastructure,Technology,VRNT
2019Q3,2019,Q3,2018-12-06,2018-10-31,18920000.0,303983000.0,33670000.0,0.29,192744000.0,0.6340617732,2703575000.0,1199547000.0,933579000.0,567064000.0,1490076000.0,21737000.0,-161580000.0,2974121740.0,3396041740.0,18.419996314609502,1.646337979487324,0.28678398047030323,0.6463623351148392,0.013349834934098715,18.419996314609502,0.01577262083103038,9.783842320129745,39.29864878435518,2.4793707457898693,0.0,5.117495514560427,0.0,0.11243742082242957,1.3833077042450235,0.006998141349879326,144.40288114196932,0.634061773191264,-0.12121212121212131,-0.31040892263626835,0.1106953104911963,0.669554490550475,-0.0014299036369288156,-0.1392174704276615,0.15185932742636243,1.3674102440579938,0.022240147558579004,0.07711743006099732,Software—Infrastructure,Technology,VRNT
2019Q2,2019,Q2,2018-09-05,2018-07-31,21980000.0,306327000.0,29231000.0,0.33,193020000.0,0.6301109599,2704332000.0,1177035000.0,913305000.0,582271000.0,1514489000.0,19727000.0,-180500000.0,2904760600.0,3302625600.0,18.193881967415834,1.5685222173180529,0.2858162385387593,0.6566856550569864,0.017896088488001956,18.193881967415834,0.018674041128768474,9.482548387833916,33.038678343949044,2.467862552940227,0.0,5.743752217772596,0.0,0.11327270468270907,1.3152483980826797,0.008127700297152865,90.57563454942314,0.6301109598566238,18.187500000000004,0.026409134473373716,0.12767014248835415,0.7755728359540212,0.10224709476629644,18.942857142857143,2.7562323310203034,3.1149531590452217,-0.012083792356668278,0.07012026435137686,Software—Infrastructure,Technology,VRNT
2019Q1,2019,Q1,2018-06-07,2018-04-30,-1225000.0,289207000.0,7782000.0,-0.0192,175115000.0,0.6055005584,2700364000.0,1151189000.0,918991000.0,602223000.0,1537093000.0,17954000.0,-202480000.0,2691368800.0,3079848800.0,18.00758665999249,1.5259978446522302,0.28541226293936667,0.6694964944939537,0.005215724646321706,18.00758665999249,-0.0010641171866652651,9.306029245488526,-549.2589387755102,2.3379035067221805,0.0,6.354684192937507,0.0,0.10709926513610758,1.2993990598167124,-0.0004536425459678769,52.47969737149988,0.6055005584235513,-1.073846153846154,0.8745295927680516,0.1480746732750112,0.799470609299885,-0.14505482702391298,-1.0716499970755102,-0.7853655845767714,-2.6001077691541155,0.0245249605400006,0.07677299264872141,Software—Infrastructure,Technology,VRNT
2018Q4,2018,Q4,2018-03-29,2018-01-31,17097000.0,318731000.0,36257000.0,0.26,204826000.0,0.6426296783,2580620000.0,1120592000.0,782192000.0,505511000.0,1448284000.0,19871000.0,-238312000.0,2664109250.0,3102466250.0,17.561110153421822,1.547329336057969,0.30081879548325596,0.6927579350914517,0.01120590866423928,17.561110153421822,0.01525711409683453,8.358488035365244,38.955799994151015,2.3774123409769126,0.0,5.732222837300589,0.0,0.1235094667173005,1.2676915042402639,0.006625152095232929,38.693835238413385,0.6426296783180802,5.5,-0.5848499871258404,-0.12488886148036234,0.3803363470411389,0.20969046958144588,5.8690237042989155,1.035537839658657,1.5110045606320228,-0.025178093734076423,0.07041437127358595,Software—Infrastructure,Technology,VRNT
2018Q3,2018,Q3,2017-12-06,2017-10-31,2489000.0,280726000.0,17812000.0,0.04,169321000.0,0.6031539651,2442953000.0,1060360000.0,771682000.0,461537000.0,1369586000.0,19522000.0,-255409000.0,2690629800.0,3143969800.0,16.630750168603647,1.6719829612793773,0.3135574036831654,0.722401825795013,0.0033187323777394244,16.630750168603647,0.002347316005884794,9.584540797788591,270.25208919244676,2.537468218340941,0.0,5.7066386640713045,0.0,0.11491256688114752,1.3067793048011318,0.0010188489094960075,-203.5272163388805,0.6031539650762665,1.4381161007667032,-0.7161191824488491,-0.13075470524454877,0.3881958409116863,0.031797103038945056,1.4316684009712106,2.1660149306789904,-0.7781257924253868,-0.055076216247886535,-0.0022474535951259402,Software—Infrastructure,Technology,VRNT
2018Q2,2018,Q2,2017-09-06,2017-07-31,-5766000.0,274777000.0,5626000.0,-0.0913,164103000.0,0.597222475,2421894000.0,1043801000.0,753588000.0,463598000.0,1365799000.0,18615000.0,-257898000.0,2505285250.0,2903935250.0,16.519759436575136,1.6255203861966618,0.3153680549190014,0.7317371797881014,0.013657754780503793,16.519759436575136,-0.005524041460010098,9.117521663021286,-108.62318981963233,2.400156016328783,0.0,5.945420359924792,0.0,0.11345541960135332,1.34629571309626,-0.0023807813223865287,84.67806563915366,0.597222474952416,0.6956666666666667,-1.2874555215913934,-0.18701884964619142,0.4360731632866745,0.09262144455097475,0.6971638655462185,1.5542857142857143,0.49749507936369985,-0.10204985873181478,-0.07468081553151219,Software—Infrastructure,Technology,VRNT
2018Q1,2018,Q1,2017-06-08,2017-04-30,-19040000.0,260995000.0,-10150000.0,-0.3,150192000.0,0.5754593,2399522000.0,1011706000.0,710455000.0,489053000.0,1376450000.0,18149000.0,-251471000.0,2486903000.0,2893124000.0,16.191181883652078,1.4527157588236859,0.31102527920144096,0.7376767558954874,-0.005515168560873877,16.191181883652078,-0.018819696631234766,9.528546523879768,-32.65366334033613,2.458128151854392,0.0,6.105184858669899,0.0,0.10876957994133832,1.2469077993591697,-0.007934913703645977,47.41112212605331,0.5754592999865897,-3.3076923076923075,-2.1847525897495914,-0.17120053054602555,0.4120624959306658,-0.16369973996469755,-3.3746570217011724,-1.5149931503374092,-1.5857193278254003,-0.12796664125382642,0.2639742762575403,Software—Infrastructure,Technology,VRNT
2017Q4,2017,Q4,2017-03-28,2017-01-31,8018000.0,295859000.0,19709000.0,0.13,179591000.0,0.607015504,2362784000.0,1006580000.0,672054000.0,462399000.0,1347744000.0,17537000.0,-230816000.0,2336541300.0,2778049300.0,16.090348156910387,1.4534071224202474,0.3169443334642523,0.7439756402869121,0.014647108437437946,16.090348156910387,0.007965586441216794,7.897482584609561,72.85299638313795,2.321267360766159,0.0,6.629868278496892,0.0,0.12521627029808904,1.2481363497758429,0.003393454501130869,25.07314489907607,0.6070155040069763,2.0833333333333335,-0.7098420817294812,-0.13238007167293406,0.46561614871969476,0.1534721508580824,2.0785579768630615,2.5711179561514768,-0.7002948527278722,-0.01032032153924201,0.37345927049850564,Software—Infrastructure,Technology,VRNT
2017Q3,2017,Q3,2016-12-07,2016-10-31,-7434000.0,258902000.0,5519000.0,-0.12,155696000.0,0.6013704027,2261895000.0,985195000.0,671059000.0,405700000.0,1265817000.0,20392000.0,-238834000.0,2264220000.0,2710458000.0,15.6641227442563,1.6540769041163421,0.32807314221040323,0.7532183983881363,0.0058290411223044705,15.6641227442563,-0.007545714300214678,8.745471259395448,-76.14406779661017,2.2982455249975895,0.0,5.061102393095331,0.0,0.11446243083785941,1.3955607591816612,-0.0032866247106961197,-651.1993097497843,0.6013704027006358,0.3333333333333333,-1.4853317939520758,-0.1987231125641756,4.015450461104729,-0.023604665746895775,0.32894024192092436,4.458951533135509,-1.2805463783823754,-0.020526579302349246,0.4197671933009478,Software—Infrastructure,Technology,VRNT
2017Q2,2017,Q2,2016-09-07,2016-07-31,-11078000.0,261921000.0,1011000.0,-0.18,159460000.0,0.6088095265,2339252000.0,1026138000.0,730304000.0,446035000.0,1302898000.0,21069000.0,-230597000.0,2202153520.0,2601951520.0,16.374194166081573,1.637324425213268,0.316303673139961,0.7210667571028458,0.0006329090533014869,16.374194166081573,-0.010795818885958808,8.407701253431378,-49.696549918757896,2.1460598087196847,0.0,4.863116426978024,0.0,0.11196784271211481,1.418453708789669,-0.0047357018397333845,2001.9577454545454,0.6088095265366275,0.30769230769230776,-1.6506759125980106,-0.17342087652137375,4.608967781000251,0.10177572030677814,0.31587723090224173,1.0865211810012836,-1.534038233330996,-0.004628289148384618,0.5979863134211982,Software—Infrastructure,Technology,VRNT
2017Q1,2017,Q1,2016-06-07,2016-04-30,-16193000.0,245424000.0,-11685000.0,-0.26,144730000.0,0.5897141274,2387729000.0,1056621000.0,712361000.0,461284000.0,1321519000.0,20751000.0,-218892000.0,2106810720.0000002,2520783720.0,16.971650229689356,1.5443002575419915,0.3090292072509066,0.6983374360343018,-0.006647027686469835,16.971650229689356,-0.015325268000541348,8.584371210639548,-32.52656580003706,1.9939133520912422,0.0,4.852489036672932,0.0,0.10278553386921213,1.3289210117844972,-0.006781757896310679,40.73099507008217,0.5897141273877046,-1.9285714285714286,-7.254325104360353,-0.16407093340386183,5.45874454621693,-0.19197614953437994,-1.9250499857183663,-1.4295324217026908,-0.7030542689667831,0.000401463993648578,0.6959510653081801,Software—Infrastructure,Technology,VRNT
2016Q4,2016,Q4,2016-03-30,2016-01-31,17505000.0,280794000.0,27204000.0,0.28,179116000.0,0.637891123,2355735000.0,1060137000.0,754112000.0,442430000.0,1287571000.0,18312000.0,-201436000.0,2280583800.0,2666565800.0,17.02757789913267,1.7044775444703117,0.3133149526580876,0.696218507607979,0.019440124379173133,17.02757789913267,0.016512016843106127,8.121910724588131,32.57046272493573,2.1512161164075967,0.0,5.552533857579729,0.0,0.11919591974479303,1.501946070564835,0.007430801851651395,38.32591883035039,0.6378911230296944,1.3333333333333337,-0.19991463108748544,-0.097556251654857,7.332943222536794,0.003243025255269216,1.293031176316479,0.3144568998840356,-0.5643540375000603,-0.20984341430485276,0.3383997065622559,Software—Infrastructure,Technology,VRNT
2016Q3,2016,Q3,2015-12-02,2015-10-31,7634000.0,284054000.0,20696000.0,0.12,178537000.0,0.6285318989,2369392000.0,1063797000.0,734671000.0,419931000.0,1295697000.0,17827000.0,-218941000.0,2959761480.0,3430812480.0,17.101196026106805,1.7495040851949486,0.3137138135015228,0.6987338749780269,0.009679984355084097,17.101196026106805,0.0071761811699036565,10.41971413886092,96.92695441446162,2.782261540500678,0.0,5.918943176081225,0.0,0.11988476368621148,1.4807789851189839,0.003221923598965473,223.04155840241145,0.6285318988643005,1.7500000000000002,-0.7472687630685081,-0.1346892831042639,11.42420403950835,0.010779412680529685,1.7697892507814863,4.306666666666667,-0.10757335755428633,-0.09849146821742774,0.42746472392292384,Software—Infrastructure,Technology,VRNT
2016Q2,2016,Q2,2015-09-02,2015-07-31,-9917000.0,295882000.0,3900000.0,-0.16,176633000.0,0.5969710898,2379503000.0,1049567000.0,727531000.0,439152000.0,1320506000.0,18467000.0,-230732000.0,3594095260.0,4029709260.0,17.001717071906437,1.656672404998725,0.3117461923771477,0.7067686007658396,0.0027398948169651115,17.001717071906437,-0.009448658351491616,12.147056123725,-90.60439800342846,3.4243600075078575,0.0,6.457410516055667,0.0,0.12434613446589476,1.3905367617590265,-0.0041676770317162866,-548.465627956661,0.5969710898263497,-14.333333333333334,-1.4657889095591117,-0.11736813326993313,7444.172768637775,0.06173247657231476,-14.566347469220247,-0.5941727367325702,-1.5060261232837564,-0.10398505921915335,0.4779700461436975,Software—Infrastructure,Technology,VRNT
2016Q1,2016,Q1,2015-06-03,2015-04-30,731000.0,269536000.0,9610000.0,0.012,166363000.0,0.6172199632,2398153000.0,1020829000.0,767060000.0,499943000.0,1369340000.0,19977000.0,-219490000.0,3749748630.0,4168003630.0,16.723661145787258,1.5342949096196967,0.3082718241913673,0.724198665986174,0.0023785292924202585,16.723661145787258,0.0007160846723594255,13.911865687700343,1282.4037722298222,3.6732387402787343,0.0,5.16458927766932,0.0,0.11239316257136221,1.2922233134577341,0.0003048179161212817,62.09323933166636,0.6172199631960109,-0.88,1.0250485163777987,-0.16443986867798208,16.621727457455577,-0.18042130984402865,-0.8873651771956856,-0.7705567758571292,-0.9534379348726435,-0.12383038042432414,0.45850098333232325,Software—Infrastructure,Technology,VRNT
2015Q4,2015,Q4,2015-03-27,2015-01-31,6490000.0,311653000.0,41884000.0,0.1,202986000.0,0.6513205392,2350996000.0,997856000.0,710192000.0,477888000.0,1346093000.0,17505000.0,-219074000.0,3246731740.0,3709076740.0,16.405899084228007,1.4861055310030802,0.31791504536800574,0.7490229051085527,0.006650154215299131,16.405899084228007,0.006503944456915627,10.417777913256089,125.06670801232666,3.2537076892858288,0.0,6.207769208797487,0.0,0.13256211409972624,1.2197732523101648,0.002760532131913453,34.317729367495346,0.651320539189419,-0.411764705882353,1.1907735470746168,-0.031105062024614907,37.290524298262184,0.1185588881970122,-0.3917525773195876,0.7195172017407012,-0.7584382928677427,-0.05999305118730433,0.49435863025646354,Software—Infrastructure,Technology,VRNT
2015Q3,2015,Q3,2014-12-03,2014-10-31,10670000.0,282574000.0,24358000.0,0.17,181471000.0,0.6422069971,2307110000.0,1010827000.0,627166000.0,444735000.0,1286648000.0,21502000.0,-223657000.0,3486423560.0,4028440560.0,16.66821119978893,1.4102015807166066,0.3182995175782689,0.7264863324782579,0.009860963686526858,16.66821119978893,0.010555713292185508,12.33809041171516,81.68752483598877,3.4490803668679213,0.0,4.702027718351781,0.0,0.12247963902891497,1.0893543346037529,0.004624833666361812,296.0366443066995,0.642206997105183,1.9444444444444444,-0.5664006146815117,-0.18865089123770937,422.83201712478177,0.04137471952990055,2.0279383429672446,1.1236268526591107,-0.27754818278171156,-0.09299915380537441,4.336946659105198,Software—Infrastructure,Technology,VRNT
2015Q2,2015,Q2,2014-09-04,2014-07-31,-10380000.0,276816000.0,11470000.0,-0.18,174261000.0,0.6295192474,2333615000.0,1020444000.0,610278000.0,457178000.0,1304163000.0,22933000.0,-234327000.0,2682996520.0,3228279520.0,17.85303894467966,1.3348805060610966,0.31365585154363507,0.7172877688535578,0.01401990621362362,17.85303894467966,-0.010172042757858345,9.692346251661753,-64.61937668593448,2.629244250541921,0.0,4.471939999127894,0.0,0.1186211093089477,1.0103788896228603,-0.004448034487265466,287.19722971526437,0.6295192474423443,-1.352941176470588,-4.689427339302018,-0.07113597403821609,41.920566883579866,0.1273921200750469,-1.3712977536128201,10.516064257028113,-1.6684509321020382,-0.04220159041816692,5.1155449372330395,Software—Infrastructure,Technology,VRNT
2015Q1,2015,Q1,2014-06-05,2014-04-30,27956000.0,257393000.0,996000.0,0.51,154570000.0,0.6005213817,2323280000.0,688357000.0,585833000.0,493913000.0,1627890000.0,16739000.0,-222049000.0,2352068490.0,3194613490.0,12.809740030146827,1.1861056501853566,0.4432788987982508,1.4961146614329484,-0.0012589885690652215,12.809740030146827,0.040612647216487954,9.13804373079299,21.033664419087142,3.416931170889524,0.0,6.142720592627994,0.0,0.1107886264247099,0.9352618781040386,0.012032987844771185,48.21689776757344,0.6005213817003571,0.21428571428571436,-0.13994155649574486,-0.11232647343489965,9.670086778541942,-0.07662622388692748,0.22147944247826276,-0.9747713974518099,11.50978703171879,0.015712684733567458,3.874884730621853,Software—Infrastructure,Technology,VRNT
2014Q4,2014,Q4,2014-03-31,2014-01-31,22887000.0,255745000.0,39479000.0,0.42,167397000.0,0.6545465209,1772907000.0,626974000.0,694391000.0,413483000.0,1139789000.0,10693000.0,-250005000.0,2431857920.0,2703072920.0,11.715198624761763,1.679370131299231,0.36653530049799565,1.0364592471139153,0.044134141241168344,11.715198624761763,0.036503906063090334,9.508916772566424,26.563747105343644,3.8787221160686083,0.0,8.262227625549425,0.0,0.14425178534463454,1.4631290766488585,0.012909306579532936,44.8657439625113,0.6545465209486011,0.0,1.7444949266623686,-0.18661478464391598,5.95502693615238,0.10015970346418501,0.017788055320852047,0.04356215801855621,0.21694884885740656,-0.04380006467250952,4.733175062194457,Software—Infrastructure,Technology,VRNT
2014Q3,2014,Q3,2013-12-04,2013-10-31,22487000.0,224314000.0,37831000.0,0.42,152157000.0,0.6783214601,1726524000.0,588869000.0,643885000.0,386187000.0,1129149000.0,14873000.0,-272892000.0,1949218480.0000002,2355673480.0,11.032881178101697,1.667288127254413,0.37295456072432237,1.093477496692813,0.024596180527003304,11.032881178101697,0.03818676140194169,8.689687134998263,21.670503846666964,3.310105439410124,0.0,4.85154306461373,0.0,0.1299223179058038,1.4365812417300428,0.013024435223605349,53.759680070605114,0.6783214600961153,0.2727272727272726,1.667529328624217,-0.13780401959111094,0.0,0.015463160704751735,0.28233348540145986,0.21008860314109332,-0.132357510203873,-0.20360215212187277,7.015507610761694,Software—Infrastructure,Technology,VRNT
2014Q2,2014,Q2,2013-09-04,2013-07-31,17536000.0,222447000.0,31263000.0,0.33,149840000.0,0.673598655,1666327000.0,542843000.0,604425000.0,373510000.0,1116596000.0,14173000.0,-295379000.0,1895517060.0,2311825060.0,10.246767465126375,1.618229766271318,0.38737414685112825,1.1890951895852024,0.022841040824430687,10.246767465126375,0.03230399949893432,8.521207568544417,27.02322450958029,3.4918329240682855,0.0,5.122909757990546,0.0,0.13349540636381696,1.3720944553024015,0.010523744739177844,44.86324726041987,0.6735986549605074,3.2,1.7285449047675827,-0.18095152832544265,0.0,0.13965834588296142,3.20939901726093,1.279807481951433,-0.04022509871201142,-0.22675408909824238,4486.926935522168,Software—Infrastructure,Technology,VRNT
2014Q1,2014,Q1,2013-06-03,2013-04-30,-7937000.0,204786000.0,13713000.0,-0.15,131478000.0,0.6420263104,1684069000.0,520072000.0,606791000.0,408758000.0,1157974000.0,11603000.0,-312915000.0,1717088800.0,2110381800.0,10.007157975755243,1.4844749215917488,0.38564750019150046,1.2487828608346536,0.019251794404136026,10.007157975755243,-0.015261348428679105,8.384795835652827,-54.08494393347612,3.3016366964574138,0.0,6.318021201413427,0.0,0.12160190586015181,1.216132772936554,-0.004712989788423158,74.07950299840373,0.642026310392312,-1.3,0.8004070490029481,-0.1765542140360331,0.5519242452726558,-0.160137211188972,-1.3065780833558653,-0.6141096352994146,0.6805595315570615,-0.2543584224103615,10.347779362315713,Software—Infrastructure,Technology,VRNT
2013Q4,2013,Q4,2013-03-28,2013-01-31,25889000.0,228961000.0,35536000.0,0.5,156547000.0,0.6837277964,1564269000.0,510344000.0,501653000.0,394210000.0,1049051000.0,15014000.0,-303762000.0,1355853200.0,1722569200.0,12.72234132721743,1.2725527003373835,0.368663573848232,1.1300005486495384,0.033243786797265265,12.72234132721743,0.05072852820842412,5.921764842047335,13.092946811387074,2.6567436866113834,0.0,4.8230984414546425,0.0,0.14636932650330603,0.9943456533319804,0.016550222500094292,25.736066662870375,0.6837277964369478,2.571428571428571,1.09600177475977,-0.4547198083169365,0.26916186453746144,0.14907000983572866,3.732041674282581,1.1188957128376364,2.153879879313686,0.07929149662785823,29.142342866781995,Software—Infrastructure,Technology,VRNT
2013Q3,2013,Q3,2012-12-06,2012-10-31,5471000.0,201520000.0,16771000.0,0.14,136238000.0,0.6760520048,1498618000.0,476629000.0,430157000.0,361261000.0,1015468000.0,11711000.0,-329651000.0,1084936950.0,1485492950.0,11.980118134975493,1.1907097638549415,0.39542031391588783,1.2432814621015507,0.01171355985373337,11.980118134975493,0.011478529422255045,5.383768112346169,49.576720435021016,2.276271376689207,0.0,5.574417214584579,0.0,0.13447055887491008,0.9672508241963567,0.0036506968420237846,54.33378155048077,0.6760520047637951,-0.5483870967741935,1.2178792820027577,0.039149797636180705,0.0,-0.0015244125881301027,-0.5660347426033157,-0.3614210105471576,-0.6611094724459695,-0.11801297697992426,303.6252278471333,Software—Infrastructure,Technology,VRNT
2013Q2,2013,Q2,2012-09-06,2012-07-31,12607000.0,212426000.0,26263000.0,0.31,136446000.0,0.6423225029,1487286000.0,456824000.0,418142000.0,369174000.0,1025290000.0,10000000.0,-335122000.0,1108361920.0,1529078920.0,11.503424657534246,1.1326420603834506,0.3993630007947362,1.3002097087718685,0.018381076320705066,11.503424657534246,0.027597061450361626,5.217637765621911,21.97909732688189,2.426233998213754,0.0,7.598,0.0,0.142827942978015,0.9233207105592485,0.008476513595905562,-95.90394739119148,0.6423225028951258,0.24,1.698719948711599,0.043413193878624544,0.0,0.06343379550609086,0.2563029397110115,0.25163227374541297,5.44953828705604,0.025944553534028622,27.366752436236183,Software—Infrastructure,Technology,VRNT
2013Q1,2013,Q1,2012-06-06,2012-04-30,10035000.0,196635000.0,20983000.0,0.25,128307000.0,0.6525135403,1510359000.0,447382000.0,418470000.0,393044000.0,1058408000.0,15165000.0,-347729000.0,1179874080.0,1585673080.0,11.46633518722608,1.0646899583761615,0.3943638565400676,1.3313700595911324,0.0166774965190389,11.46633518722608,0.022430495639073542,6.000325882981158,29.393973094170402,2.6372855412153373,0.0,4.505637982195846,0.0,0.13019090163332028,0.8331102879066975,0.006644115736722196,27.87323600283487,0.6525135403158135,-0.41860465116279066,1.3361282690294147,0.053160140759776764,0.7782155157929489,-0.07177943846804939,-0.415856569066884,-0.2493202633085289,-0.5748033321232537,-0.06602144985613786,8.76082269204019,Software—Infrastructure,Technology,VRNT
2012Q4,2012,Q4,2012-04-02,2012-01-31,17179000.0,211993000.0,27952000.0,0.43,138229000.0,0.6520451147,1502868000.0,426967000.0,400690000.0,383352000.0,1073031000.0,14414000.0,-357764000.0,1099837480.0,1546554480.0,10.978555449847008,1.0452273628414617,0.3974926606994094,1.399122180402701,0.025092177004288653,10.978555449847008,0.040234959610461696,5.1880839461680335,16.00555154549159,2.575930879904068,0.0,5.117524628833079,0.0,0.14105896193145373,0.7966959869780255,0.011430810956118568,19.44274996464432,0.6520451146971834,0.7916666666666667,1.0657065592662596,-0.47925322517589714,0.09520437679557364,0.06967692010059973,0.8176912496032166,0.5289355650366481,1.7689914615070765,-0.07218496012359121,5.643458443722347,Software—Infrastructure,Technology,VRNT
2012Q3,2012,Q3,2011-12-09,2011-10-31,9451000.0,199364000.0,18282000.0,0.24,129225000.0,0.6481862322,1446104000.0,121201000.0,352364000.0,347678000.0,1320794000.0,14814000.0,-374943000.0,1156448600.0,1642938600.0,3.1231736542376374,1.013477988253499,0.4141493281257779,4.9414031237366025,0.02732715017363934,3.1231736542376374,0.07797790447273538,5.800689191629381,30.590641201989207,9.54157638963375,0.0,4.734642905359795,0.0,0.13786283697438081,0.7655416793699917,0.006535491223314506,82.66251608291637,0.6481862322184547,-0.1111111111111112,1.3858657890194492,0.05394035380871573,0.0,0.026817640047675805,-0.0977565632458234,-0.1460999532928538,1.3858657890194492,0.05394035380871573,0.0,Software—Infrastructure,Technology,VRNT
2012Q2,2012,Q2,2011-09-08,2011-07-31,10475000.0,194959000.0,21410000.0,0.27,125850000.0,0.6455203402,1406025000.0,112559000.0,424738000.0,341274000.0,1289549000.0,19722000.0,-384394000.0,1271224290.0,1689182290.0,2.9192883263739398,1.244565949940517,0.4246759481517043,5.304817917714265,0.02355944017926588,2.9192883263739398,0.09306230510221306,6.520469893669951,30.339481861575177,11.293848470579874,0.0,3.504157793327249,0.0,0.13865969666257713,0.9800219178724426,0.007450080901833182,290.63198216735253,0.6455203401740879,5.490384615384616,1.5979487273332458,-0.01369674679161433,0.0,0.04022879247497582,5.736334405144695,0.13677391950727408,1.5979487273332458,-0.01369674679161433,0.0,Software—Infrastructure,Technology,VRNT
2012Q1,2012,Q1,2011-06-08,2011-04-30,1555000.0,176332000.0,18834000.0,0.0416,120983000.0,0.6861091577,1398167000.0,98255000.0,400523000.0,335647000.0,1296901000.0,20650000.0,-394869000.0,1279928160.0,1697570160.0,2.627701112537441,1.1932863991038203,0.4269876202199022,6.076026665309653,0.01374801754368802,2.627701112537441,0.01582616660729734,7.258626681487194,205.776231511254,13.026595694875578,0.0,2.6803389830508473,0.0,0.1261165511702107,0.9441794504345339,0.0011121704345761273,84.83649234440247,0.6861091577252002,-0.8811428571428572,1.0543492097995075,-0.014537952182797364,-0.5924923863741625,-0.03690524522564262,-0.8816590563165906,-0.1773749727014632,1.0543492097995075,-0.014537952182797364,-0.5924923863741625,Software—Infrastructure,Technology,VRNT
2011Q4,2011,Q4,2011-04-06,2011-01-31,13140000.0,186869000.0,22895000.0,0.35,125619000.0,0.672230279,1376127000.0,76407000.0,401944000.0,344202000.0,1298440000.0,16987000.0,-394757000.0,1288528320.0,1701856320.0,2.043405006418485,1.1677561431949843,0.4238228012385485,7.6332534977161774,0.03634376985781021,2.043405006418485,0.1719737720365935,6.895356212105807,24.515378995433792,16.864008795005695,0.1667427701674277,3.605698475304645,0.0017003894799921821,0.13579342604279984,0.9316476952487203,0.009548537307966488,26.60050206440958,0.6722302789654785,-0.027777777777777804,0.0,0.0,0.0,-0.01629600626468285,-0.23488994992430418,-0.24670154311848122,1.0522729038574576,-0.5225666582570173,-0.7961529531987107,Software—Infrastructure,Technology,VRNT
2011Q3,2011,Q3,2010-12-10,2010-10-31,17174000.0,186641000.0,30393000.0,0.36,127700000.0,0.6842012205,1353052000.0,48682000.0,375233000.0,318720000.0,1301179000.0,17495000.0,-407897000.0,1160777760.0,1625005760.0,1.3764419814521602,1.1773123744979919,0.4421367397557522,12.288607698944169,0.03642046512821914,1.3764419814521602,0.3527792613286225,6.219307440487353,16.89731221614068,23.84408528819687,0.0,3.369019719919977,0.0,0.13794074433207298,0.8513303212851405,0.012692786382193736,117.09651568647232,0.684201220524965,0.09090909090909081,1.1112181948432538,1.1431349206060042,-0.8612214564602352,0.061248234023103136,0.4966448801742919,0.27707046514559436,1.7693598878278407,0.08261967646707014,0.0,Software—Infrastructure,Technology,VRNT
2011Q2,2011,Q2,2010-09-08,2010-07-31,11475000.0,180676000.0,23799000.0,0.33,120330000.0,0.6659988045,1342144000.0,-76000.0,359715000.0,354188000.0,1340502000.0,16271000.0,-425071000.0,751947200.0,1221982200.0,-0.0022842029333974513,1.0156047071047014,0.4457301153974536,-7871.5,0.03174108503577268,-0.0022842029333974513,-150.98684210526315,4.161854369146981,16.382291938997824,-9894.04210526316,0.0,3.708807080081126,0.0,0.13461744790424873,0.7361965961579726,0.008549753230651852,94.41828227021597,0.665998804489805,1.6875000000000002,0.49949821764101415,1.255467119315627,-1.0002345118865936,0.04811595212793757,1.7348232581967213,6.976644902059267,1.759078929642667,0.059234145473055104,0.0,Software—Infrastructure,Technology,VRNT
2011Q1,2011,Q1,2010-06-09,2010-04-30,-15616000.0,172613000.0,-3982000.0,-0.48,114806000.0,0.6651063361,1365612000.0,-34967000.0,378251000.0,405248000.0,1399793000.0,14654000.0,-436546000.0,441774146.7126139,912703146.7126138,-1.0705385298349814,0.9333815342703727,0.4542520130168745,-17.74049818400206,-0.007842694444522484,-1.0705385298349814,0.4465925015014156,2.5593329975877475,-7.072460084410443,-12.63403056346309,0.0,3.944793230517265,0.0,0.1263997387252016,0.7157394977890082,-0.01143516606473874,-64.39856366073089,0.6651063361392248,0.14285714285714296,-3.2766403948567175,1.282144399113752,-1.1141726857463063,0.020978772221579945,0.14521867644643932,0.47995298419746635,0.37517950693618785,0.10434531913555349,-1.1660206328284795,Software—Infrastructure,Technology,VRNT
2010Q4,2010,Q4,2010-05-19,2010-01-31,-18269000.0,172736000.0,-7657000.0,-0.56,112447000.0,0.6509760559,1396337000.0,-14766000.0,407526000.0,410098000.0,1410904000.0,14373000.0,-420338000.0,317811156.3918546,754388156.3918545,-0.452071150843462,0.9937283283507844,0.4446720240171248,-42.05011512935121,-0.0114918306292687,-0.452071150843462,1.2372341866449952,1.8398663648101994,-4.349049707042731,-21.52317190788667,-0.10963927965405879,4.194600987963542,0.006302484855284131,0.12370652643308885,0.7611863505796176,-0.013083517804083112,9.65727176127669,0.6509760559466469,-2.4,-3.5943213199612085,1.3833195769728013,-1.049629354448601,-0.08557371716678865,-2.3865361262902245,-1.3226037497366758,0.9168008936797905,-0.49477949804409777,-1.0450979461996224,Software—Infrastructure,Technology,VRNT
2010Q3,2010,Q3,2010-06-18,2009-10-31,13176000.0,186480000.0,23735000.0,0.4,122970000.0,0.6594272844,1395977000.0,1277000.0,387589000.0,375416000.0,1392992000.0,15933000.0,-401547000.0,254739378.5038225,714467378.5038226,0.03932739983369776,1.0324253627975366,0.4447866977751066,486.2270947533281,0.03359802408604114,0.03932739983369776,10.317932654659359,1.3660412832680315,4.8333974366997285,199.48267698028386,0.0,3.986066654114103,0.0,0.13358386277137804,0.7751987128944957,0.00943855092168424,22.453889687423754,0.6594272844272844,7.0,1.3869262343149318,1.7347152259704461,-0.9956496378811645,0.11585996624380683,7.245306633291615,0.717687074829932,1.6429193627078311,0.17819170862395742,0.0,Software—Infrastructure,Technology,VRNT
2010Q2,2010,Q2,2010-06-18,2009-07-31,1598000.0,169269000.0,13818000.0,0.05,110202000.0,0.651046559,1391030000.0,-14164000.0,366816000.0,376743000.0,1403686000.0,17010000.0,-414723000.0,197800000.00038698,664998000.000387,-0.43628523024795934,0.9736504726033397,0.44636851829220076,-43.83733408641627,0.00779106074732144,-0.43628523024795934,-0.11282123693871787,1.1685541948046423,30.944931164015486,-13.964981643630823,0.0,3.4724867724867723,0.0,0.12168608872562059,0.7206344908863602,0.0011487890268362293,8.710586577434691,0.651046559027347,-0.8936170212765958,-0.7265431109497816,1.7301770524650228,-1.0527322865971134,-0.06670957579247792,-0.9186105734949577,-0.6162626010164126,1.1083364293090407,0.01702688540469602,0.0,Software—Infrastructure,Technology,VRNT
2010Q1,2010,Q1,2010-06-18,2009-04-30,19634000.0,175148000.0,36009000.0,0.47,118079000.0,0.6741669902,1352290000.0,-47957000.0,340605000.0,364943000.0,1398903000.0,19407000.0,-416321000.0,91771497.7080468,580599497.7080468,-1.4774638775070088,0.9333101333632924,0.46217897048709966,-13.032508288675272,0.05168063103930139,-1.4774638775070088,-0.40940842838376046,0.5239654332795509,1.1685277797194509,-1.9136204872708218,0.10909646531526943,2.9406399752666563,0.023340580174624124,0.12951955571659926,0.6989639477945871,0.014519075050469944,3.5033975074650425,0.6741669902025715,2.068181818181818,11.097723281678423,1.8848152704538168,-1.177266394099702,-0.04435901586273875,2.053043711450791,0.024175886686196992,1.7905242313113554,0.12760634663136206,-1.2291271926128087,Software—Infrastructure,Technology,VRNT
2009Q4,2009,Q4,2010-04-08,2009-01-31,-18645000.0,190698000.0,35159000.0,-0.44,123560000.0,0.6479354791,1337393000.0,-76743000.0,312966000.0,351620000.0,1414136000.0,20455000.0,-435955000.0,107480132.4488479,616552132.4488479,-2.364305739548353,0.8900688242989591,0.46732710579463177,-8.144065256766089,0.1212533532554463,-2.364305739548353,0.24295375473984598,0.5636143664267476,-1.4411388099872338,-1.4005203399508477,0.0,3.2822292837936935,0.0,0.14258935107331952,0.6515727205505943,-0.013941302220065456,5.350997333906597,0.6479354791345479,0.30158730158730157,-4.008188421166477,2.393348263139576,-1.2926053991266702,0.2859447364312848,0.0878626290298909,24.237937871777923,0.0,0.0,0.0,Software—Infrastructure,Technology,VRNT
2009Q3,2009,Q3,2008-10-31,2008-10-31,-20441000.0,157867000.0,-1513000.0,-0.63,96085000.0,0.608645252,,,,,,,,169111946.0022975,,,0.0,0.0,0.0,0.0,,0.0,1.0712305041731172,-2.068293454360079,0.0,0.0,0.0,0.0,0.0,0.0,0.0,-11.295968606125008,0.6086452520159374,-0.39999999999999997,-4.9446768765245315,1.9009218427785244,0.0,-0.03802448865172252,-0.38922114992524126,0.611852231913802,-3.7441230407838466,0.9795824583566874,0.0,Software—Infrastructure,Technology,VRNT
2009Q2,2009,Q2,2008-07-31,2008-07-31,-14714000.0,166025000.0,-3898000.0,-0.45,99883000.0,0.6016142147,,,,,,,,354700713.193929,,,0.0,0.0,0.0,0.0,,0.0,2.1364295328651046,-6.026585449128874,0.0,0.0,0.0,0.0,0.0,0.0,0.0,-33.9686566935385,0.6016142147266977,0.41558441558441556,-4.028974281305402,1.898645851331026,0.0,0.08845323976200335,0.40614279371998224,0.7150168153238777,-2.9754180482218056,1.1293376246932947,0.0,Software—Infrastructure,Technology,VRNT
2009Q1,2009,Q1,2008-04-30,2008-04-30,-24777000.0,154954000.0,-13678000.0,-0.77,91766000.0,0.5922144636,1337400000.0,208800000.0,313000000.0,351600000.0,1128600000.0,20500000.0,-436000000.0,329088614.3672282,838188614.3672283,6.44822581143263,0.8902161547212741,0.4642590100194407,2.9736590038314175,-0.017704505901723885,6.44822581143263,-0.11866379310344828,2.123782634634977,-3.320505048706746,1.576094896394771,0.0,3.082341463414634,0.0,0.11586212053237625,0.6515927189988624,-0.018526244952893674,7.599847913889155,0.5922144636472759,0.8854166666666666,-6.101139484523286,1.5225867517807123,0.4929784340087555,-0.5053125825458349,0.8856183956014533,0.9121436738049664,-4.643671134557693,1.0665133989974642,-0.3122982137752645,Software—Infrastructure,Technology,VRNT
2008Q4,2008,Q4,2010-03-17,2008-01-31,-216617000.0,337286000.0,-155686000.0,-6.72,185503000.0,0.5499872512,1492300000.0,323000000.0,294100000.0,356800000.0,1169300000.0,19500000.0,-355600000.0,303671421.295448,830471421.2954481,10.02420706349699,0.8242713004484304,0.4087649936339878,1.888544891640867,-0.1894266653554505,10.02420706349699,-0.670640866873065,0.9003380552274568,-0.35047044010332523,0.9401591990571145,0.0,7.783743589743589,0.0,0.22601755679152985,0.5594170403587444,-0.14515646987871073,-4.727507142452682,0.5499872511755602,0.0,-46.50432992304274,4.791541759893295,1.4405725312335667,0.0,0.0,0.0,-32.182081571602595,3.7173849195471234,0.10047925971885009,Software—Infrastructure,Technology,VRNT
