Quarters,Year,Quarter,FillingDate,Date,NetIncome,Revenue,OperatingIncome,EPSDiluted,GrossProfit,GrossProfitRatio,TotalAssets,CommonStockEquity,CurrentAssets,CurrentLiability,TotalLiability,Inventory,RetainedEarnings,MarketCap,EnterpriseValue,bookValuePerShare,currentRatio,debtToAssets,debtToEquity,roic,shareholdersEquityPerShare,roe,priceToSalesRatio,peRatio,pbRatio,payoutRatio,inventoryTurnover,dividendYield,assetTurnover,quickRatio,returnOnAssets,priceToFreeCashFlowsRatio,grossProfitMargin,epsdilutedGrowth,fiveYNetIncomeGrowthPerShare,fiveYRevenueGrowthPerShare,fiveYShareholdersEquityGrowthPerShare,grossProfitGrowth,netIncomeGrowth,operatingIncomeGrowth,threeYNetIncomeGrowthPerShare,threeYRevenueGrowthPerShare,threeYShareholdersEquityGrowthPerShare,Industry,Sector,Symbol
2023Q1,2023,Q1,2023-05-22,2023-03-31,-2293361.0,12432146.0,-2231078.0,-0.0706,12432146.0,1.0,24294218.0,8067858.0,7055704.0,12236000.0,16226360.0,918704.0,-68794607.0,16702439.766,16482606.766,0.24827983636507492,0.576634847989539,0.124361936655051,0.3744830412235813,-0.17365885261125774,0.24827983636507492,-0.28425896935717015,1.343488064409797,-1.820738183609122,2.0702446381679,0.0,0.0,0.0,0.5117327094043529,0.44634079764628964,-0.09439945751701084,-13.527265822969344,1.0,0.772258064516129,-1.8514263394016721,-0.5871654667743748,-0.5363694055126215,0.18360313811092607,0.7156439644175698,0.9061414180202345,-6.467443930216002,-0.5406849803234957,-0.7028965694084226,Gambling,Consumer Cyclical,ELYS
2022Q4,2022,Q4,2023-04-17,2022-12-31,-8065104.0,10503644.0,-23770634.0,-0.31,10503644.0,1.0,21357269.0,7150415.0,6825212.0,10736929.0,14206854.0,900205.0,-66501246.0,7351392.160000001,6390687.160000001,0.27234517713444906,0.6356763651878484,0.11422157954745993,0.341163554842621,-1.7789877808537333,0.27234517713444906,-1.127921106677025,0.6998896916155956,-0.22787654567132676,1.028107062317362,0.0,0.0,0.0,0.4918065132765804,0.5202731619069103,-0.3776280572202373,-3.3764838949253484,1.0,-1.214285714285714,-2.649609165574153,-0.6213093906720677,-0.3875073112042544,0.09512272275252953,-1.109274437257283,-6.6876491524245205,0.18802543836533556,-0.6081115202131038,-0.6830737849660429,Gambling,Consumer Cyclical,ELYS
2022Q3,2022,Q3,2022-11-14,2022-09-30,-3823639.0,9591294.0,-3092055.0,-0.14,9591294.0,1.0,42594426.0,14194472.0,9749192.0,9221130.0,28399954.0,2968452.0,-58436142.0,12797634.774999999,10294205.774999999,0.526845336543838,1.0572665172272813,0.051335472862106414,0.1540462371548586,-0.18289678121195546,0.526845336543838,-0.26937521874712916,1.334296996317702,-0.8367444452130548,0.9015928718588475,0.0,0.0,0.0,0.22517720980674796,0.6949450880748889,-0.08976852980716303,-11.536946484817996,1.0,0.12499999999999993,-5.833457189769159,-0.3568156038557332,1.2174149227800088,-0.07310208465910656,-0.002196443282094348,0.11603316360442788,-1.4362696124701106,-0.46030799585665694,-0.27382801309069593,Gambling,Consumer Cyclical,ELYS
2022Q2,2022,Q2,2022-08-15,2022-06-30,-3815259.0,10347735.0,-3497931.0,-0.16,10347735.0,1.0,42900584.0,16310338.0,9814644.0,8324796.0,26590246.0,1977571.0,-54612503.0,17729694.5952,13322357.595199998,0.6762513251100223,1.178965106171971,0.0375588826483108,0.09878998215732868,-0.17775738526018414,0.6762513251100223,-0.2339166116606535,1.7133889295773421,-1.1617621893559518,1.0870218995584273,0.0,0.0,0.0,0.24120266055119435,0.8863930119128445,-0.08893256557999303,-5.409133262288295,1.0,-0.4545454545454546,-7.858282791441022,-0.030498369736673907,2.338282252066086,-0.1543194802609287,-0.4937103988073053,-0.6983297970994791,0.0806054571931024,-0.5349212508340649,0.02984354249723922,Gambling,Consumer Cyclical,ELYS
2022Q1,2022,Q1,2022-05-16,2022-03-31,-2554216.0,12235986.0,-2059630.0,-0.11,12235986.0,1.0,43598513.0,16186114.0,10016405.0,9396738.0,27412399.0,1513166.0,-50797244.0,55260611.9,50131134.9,0.6883269401510193,1.0659449055619088,0.03384943426854948,0.09117599196447028,-0.11591594754174067,0.6883269401510193,-0.1578029167470339,4.5162369342364395,-5.408764558283246,3.4140752931803147,0.0,0.0,0.0,0.28065145249334533,0.8674022836435368,-0.05858493384854662,-102.11473070910374,1.0,-65.70588235294117,-0.1934072187770571,0.24236067566393255,2.9843090514536796,0.15100267441929374,-66.11040301817533,-6.2726932942845,0.6659648620899342,-0.4637599536804371,-0.1604020705809713,Gambling,Consumer Cyclical,ELYS
2021Q4,2021,Q4,2022-04-15,2021-12-31,39229.0,10630719.0,390622.0,0.0017,10630719.0,1.0,44578841.0,17741517.0,11383485.0,9827179.0,26837324.0,0.0,-48243028.0,69932984.78999999,63265791.78999999,0.7686901491681634,1.1583675233757318,0.014638603996007882,0.036782198500838456,0.00498091511229122,0.7686901491681634,0.002211141245700692,6.578387105331257,445.671472571312,3.94177030013837,0.0,0.0,0.0,0.23847006251239236,0.7724420202379544,0.0008799914739820176,-24.314815894319725,1.0,1.0113333333333334,1.009574476096113,0.158284785743143,1.3408298024797773,0.0,1.0111598932287051,1.126008112968653,1.0089616279710387,-0.5402764545895895,-0.27460341782943887,Gambling,Consumer Cyclical,ELYS
2021Q3,2021,Q3,2021-11-15,2021-09-30,-3515177.0,8030082.0,-3099975.0,-0.15,0.0,0.0,63732313.0,25421824.0,12125887.0,8640476.0,38310489.0,0.0,-40074623.0,113785351.49,105186268.49,1.1014563006470526,1.40338182757524,0.012692964713205999,0.03182116279303956,-0.10695410686962058,1.1014563006470526,-0.1382739885226174,14.169886620086817,-8.092434000478494,4.475892504408811,0.0,0.0,0.0,0.12599702759885711,1.2531815376838036,-0.05515533384140632,-32.309871536109085,0.0,-0.15384615384615377,-33.010770985197894,0.013142379096307303,1.4794431315128522,0.0,-0.2683987948111931,-0.15602598319870495,-1.3196048769441844,-0.5856260333184271,-0.13408743185690228,Gambling,Consumer Cyclical,ELYS
2021Q2,2021,Q2,2021-08-16,2021-06-30,-2771350.0,11689949.0,-2681579.0,-0.13,0.0,0.0,35558157.0,23835591.0,21176572.0,9781600.0,11722566.0,0.0,-36559446.0,89369341.17999999,70867228.17999999,1.0828377851089805,2.164939478203975,0.018248330474495627,0.02722302962825633,-0.10298403471684643,1.0828377851089805,-0.11626940569671632,7.644972718016135,-8.061895933389863,3.7494073958560534,0.0,0.0,0.0,0.3287557620042006,2.098673325427333,-0.07793851632974116,-35.34863622951429,0.0,-3.3333333333333335,-2.7524077480055715,1.1187451634839647,5.8131872169696965,0.0,-3.546334437373991,-3.1274301712952344,0.818670372529519,-0.43753366199373406,1.9104204734792543,Gambling,Consumer Cyclical,ELYS
2021Q1,2021,Q1,2021-05-13,2021-03-31,-609579.0,14157328.0,-649697.0,-0.03,0.0,0.0,38511077.0,26218536.0,23602506.0,10035517.0,12292541.0,0.0,-33788096.0,113985425.2,93203722.2,1.2190877961474675,2.3518973661247347,0.019291722223193083,0.028336631763115988,-0.06503937926117184,1.2190877961474675,-0.02324992516744642,8.05133745576849,-46.74760170543932,4.34751296563622,0.0,0.0,0.0,0.36761703652172595,2.2935069513608517,-0.015828666645703,173.89823699563064,0.0,0.9314350963070307,0.6428490334102493,1.292272938738989,5.757064240319454,0.0,0.9040857027545628,0.8921922574202585,-1.341938495723425,-0.2896791675209985,1.2764893353202853,Gambling,Consumer Cyclical,ELYS
2020Q4,2020,Q4,2021-04-13,2020-12-31,-6355455.0,12584128.0,-6026441.0,-0.4375416340455859,0.0,0.0,35857979.0,20156353.0,21193666.0,13314035.0,15701626.0,0.0,-33178517.0,85699694.80000001,67746833.80000001,1.387665183377059,1.5918289233879888,0.027691354272922075,0.04926268159721156,-0.2820007663447779,1.387665183377059,-0.31530778410161797,6.810141695952235,-3.3711077649043224,4.251746077278961,0.0,0.0,0.0,0.3509435933352518,1.544624676140629,-0.17723963193798511,666.6798509494582,0.0,-4.238263026118019,-2.06909798384012,2.1848980550971775,5.194289518243654,0.0,-4.2382382976408595,-8.890242101186217,-3.3496438188724555,-0.17992803594626136,2.1207998182955436,Gambling,Consumer Cyclical,ELYS
2020Q3,2020,Q3,2020-11-20,2020-09-30,-1213281.0,9701796.0,-609332.0,-0.083528,0.0,0.0,31573410.0,17220787.0,12151234.0,11722452.0,14352623.0,0.0,-26823062.0,29922266.32,20342672.32,1.185565987569888,1.0365778422466563,0.031447410970180285,0.057657179082465856,-0.03798880841496135,1.185565987569888,-0.07045444554885906,3.084198670019448,-6.165568058842099,1.7375667163179012,0.0,0.0,0.0,0.30727742109578915,0.9792144169155054,-0.03842730322762097,-21.919083043005617,0.0,0.58236,-0.041110066090512855,2.5503433977928887,3.012351658450606,0.0,0.5195982665196363,0.6999139138468691,-3.8447966572114525,0.2067554623293997,3.9898737455354545,Gambling,Consumer Cyclical,ELYS
2020Q2,2020,Q2,2020-08-19,2020-06-30,-2525555.0,4810269.0,-2030524.0,-0.2,0.0,0.0,27965363.0,9102521.0,7160558.0,16274785.0,18862842.0,0.0,-25609781.0,32192501.082,31375861.082,0.7320470941034416,0.43997865409589126,0.17760574035817092,0.5456520232142282,-0.14113520437059304,0.7320470941034416,-0.2774566518440331,6.692453391276039,-3.1866759070778503,3.53665771075947,0.0,0.0,0.0,0.17200810159338895,0.39521118097719876,-0.0903101096881882,-28.509450677345736,0.0,-21.0,-1.7718077575084934,1.327659593525084,1.3757041960343872,0.0,-17.024180091238446,-2.79050343370498,-9.806033987311725,-0.1258121368276712,2.613715391277765,Gambling,Consumer Cyclical,ELYS
2020Q1,2020,Q1,2020-07-22,2020-03-31,157609.0,10170174.0,1134052.0,0.01,0.0,0.0,29080128.0,10203367.0,8653622.0,16333119.0,18876761.0,0.0,-23084226.0,18656624.824,16788249.824,0.8356680226502688,0.5298205443797966,0.17056400164400928,0.48611629866886097,0.016413833184671472,0.8356680226502688,0.015446763798655875,1.8344449980895117,29.593209816698288,1.828477288330411,0.0,0.0,0.0,0.34972934094375374,0.4541162652399704,0.005419817959535804,9.774160754831646,0.0,1.026432851182614,1.2288621720856565,2.6018374973261182,1.3417117567930865,1.0,1.0406762085125074,1.708562402803629,1.1418241392103077,0.9887271899159042,3.837177614935946,Gambling,Consumer Cyclical,ELYS
2019Q4,2019,Q4,2020-07-02,2019-12-31,-3874722.0,10455637.0,-1600497.0,-0.378317114976135,-79872868.0,-7.639215860305785,27825182.0,8801285.0,7264550.0,16417841.0,19023897.0,0.0,-23241835.0,40455880.25,40068826.25,0.8593330693873605,0.4424790080498404,0.1723454674977508,0.5448686186164862,-0.10633818898214073,0.8593330693873605,-0.44024503240151863,3.8692889060704765,-2.6102440542831205,4.596587913014975,0.0,0.0,0.0,0.3757616751617294,0.4008812730005121,-0.1392523506225404,78.17259284665327,-7.639215860305785,-5.494422776192001,0.11208856163755615,3.6592356098588055,0.8415306914766071,0.2128129696484412,-5.494422776192001,-5.704521404804177,-1.1310969471640968,1.5671904398234513,1.616857340054577,Gambling,Consumer Cyclical,ELYS
2019Q3,2019,Q3,2020-11-06,2019-09-30,-596623.0,6755845.0,340204.0,-0.058252615823382065,-101466189.0,-15.019022638914896,25357856.0,7430674.0,6843449.0,17190532.0,17927182.0,0.0,-18408977.0,40455880.25,45955667.25,0.7255104108135183,0.39809407876382186,0.41055446485696584,1.401054736084506,0.03637946083909596,0.7255104108135183,-0.08029190891701075,5.9882783352785625,-16.952028437556045,5.444442893067304,0.0,0.0,0.0,0.2664201973542243,0.3759413612097636,-0.023528132662319717,11253.374200278164,-15.019022638914896,0.6359211511038622,-72.50992934951904,3.888232660573985,1.0157847964875524,0.0,0.6486824037064167,1.8085791088621794,-13.243449789941364,0.9208128633633278,0.6331667483093982,Gambling,Consumer Cyclical,ELYS
2019Q2,2019,Q2,2020-08-05,2019-06-30,-1698244.0,9105353.0,-420743.0,-0.16,0.0,0.0,24943974.0,6481413.0,6285517.0,17276580.0,18462561.0,0.0,-17812354.0,38987906.2,44785729.2,0.6566544307013851,0.36381720224720404,0.44205546397699097,1.7012679179678876,-0.027841774690855237,0.6566544307013851,-0.2620175569740734,4.281866524010656,-5.739444125814665,6.01534051294062,0.0,0.0,0.0,0.36503217169806224,0.34729454556399475,-0.06808233523655853,-658.8243299874954,0.0,0.5,-28.116206748817135,0.0,13.798044340739574,0.0,0.45309955893567466,0.6800139024199184,-4.128005018453529,2.68037948291963,3.1316526212381115,Gambling,Consumer Cyclical,ELYS
2019Q1,2019,Q1,2020-07-16,2019-03-31,-3105216.0,9266294.0,-1314879.0,-0.32,0.0,0.0,25665843.0,7828843.0,6747227.0,17026812.0,17837000.0,0.0,-16114110.0,37719964.1,42225982.1,0.819829249254243,0.39627071703146777,0.3773661749586795,1.2371458975483351,-0.08197976503249157,0.819829249254243,-0.39663791954954264,4.070663428119159,-3.0368228892933695,4.818076451399013,0.0,0.0,0.0,0.36103602753277964,0.3800453073658181,-0.12098632411957012,-43.87802560329435,0.0,-0.687209794107578,-33.58140750146481,0.0,18.76222522288084,0.0,-0.757153891641226,-1.2633684431584038,-3.0974430575198886,2.379017084896308,3.5440852749162337,Gambling,Consumer Cyclical,ELYS
2018Q4,2018,Q4,2020-05-15,2018-12-31,-1767185.0,9335285.0,-580939.0,-0.18966224657868275,0.0,0.0,22587710.0,9873632.0,7551363.0,11880219.0,12714078.0,0.0,-13008894.0,36804271.15,35871020.15,1.0596826178420327,0.6356248988339357,0.23714896286520412,0.5425209284688755,-0.044780267053317016,1.0596826178420327,-0.17898023746479513,3.942490363175843,-5.206623974003854,3.72753118102842,0.0,0.0,0.0,0.4132904575098582,0.6204389834901192,-0.07823657201194809,52.99887124064887,0.0,-1.5926945205583836,-183.0240120871864,0.0,29.39599829296792,1.0,-1.3980031656745031,-0.49347404141547874,-0.33036943982472944,2.6832070003953663,3.730233928900356,Gambling,Consumer Cyclical,ELYS
2018Q3,2018,Q3,2018-11-19,2018-09-30,4440128.0,7823286.0,-388985.0,0.32,-71469222.0,-9.13544794348564,22579674.0,11852074.0,7599836.0,9863035.0,10727600.0,0.0,-11241709.0,36804271.15,35619198.15,1.2720179163227363,0.7705372636313265,0.20476894396260992,0.3901102878702917,-0.023174569443217375,1.2720179163227363,0.3746287780518414,4.7044517035424755,2.0722528241302953,3.10530217327364,0.0,0.0,0.0,0.3464747099537398,0.7383502137019691,0.19664269732149367,-217.3664571016838,-9.13544794348564,1.4444444444444446,592.2611842124566,0.0,35.63067757319478,0.0,1.684367644030575,-1.4137517670221806,6.9395955977708255,3.463068654252444,3.304933887820016,Gambling,Consumer Cyclical,ELYS
2018Q2,2018,Q2,2018-08-14,2018-06-30,-6487928.0,8822659.0,940141.0,-0.72,0.0,0.0,22721479.0,3476591.0,8506218.0,18341670.0,19244888.0,0.0,-15616871.0,36909913.9,31217103.9,0.37205544524448214,0.46376464084240965,0.048080320827706684,0.31423195883553745,0.22340739230759196,0.37205544524448214,-1.866175227399484,4.183536267240975,-1.4222535260872193,10.616697189862139,0.0,0.0,0.0,0.38829598196490644,0.44405634819512074,-0.28554162341280687,-8.263840319216484,0.0,-9.999999999999998,-830.0044662367255,0.0,11.230379867220801,0.0,-9.440382631456385,1.0569447574372561,-8.475214031052156,4.681020152073074,0.2074273493391673,Gambling,Consumer Cyclical,ELYS
2018Q1,2018,Q1,2018-05-15,2018-03-31,768677.0,8593867.0,457057.0,0.08,0.0,0.0,13120439.0,4965977.0,8342097.0,7200864.0,8154462.0,0.0,-9128943.0,36629621.9,30821884.9,0.535512192933665,1.1584855650655255,0.10536781581774818,0.2783887239107229,0.054592326203006164,0.535512192933665,0.15478867501802768,4.262297973659588,11.913203432651166,7.376115898241172,0.0,0.0,0.0,0.6549984341225168,1.131363541930524,0.05858622565906522,29.044089827485998,0.0,-0.5703917275899455,93.6094698954285,0.0,15.88598405114035,0.0,-0.5538552885430186,-0.8152683307149436,2.4696410431759737,3.0073635507903482,0.5006140765345792,Gambling,Consumer Cyclical,ELYS
2017Q4,2017,Q4,2018-03-30,2017-12-31,1722932.0,9774503.0,2474167.0,0.18621615350004533,0.0,0.0,12224496.0,4114050.0,7850413.0,7214958.0,8110446.0,0.0,-9897620.0,36546675.85,32304827.85,0.44465049480006263,1.0880746637748966,0.1822578206905217,0.5415612352791045,0.28451591528280373,0.44465049480006263,0.41879218774686744,3.7389804729713623,5.30297711256161,8.883381546164971,0.0,0.0,0.0,0.7995833120645628,1.0741819980102447,0.1409409434957482,11.52314371439679,0.0,5.435122748571707,78.59338776296623,0.0,13.519529188582856,0.0,5.342119890306075,3.4683928597228846,1.437049887925311,3.8216161561465496,-0.047124377817388055,Gambling,Consumer Cyclical,ELYS
2017Q3,2017,Q3,2017-11-08,2017-09-30,271665.0,5121019.0,553704.0,0.02893746720548206,0.0,0.0,8853671.0,2198300.0,4378646.0,5775419.0,6655371.0,0.0,-11620552.0,36546675.85,35621429.85,0.2375943857558799,0.758152092514846,0.25506978969514454,1.0272956375380977,0.06208757370802318,0.2375943857558799,0.12357958422417323,7.136602275836118,33.63211662341487,16.624971955602057,0.0,0.0,0.0,0.5784062904528529,0.7375856193290911,0.03068388242571923,46.62130723748414,0.0,0.2713364780127694,29.13233081027851,0.0,8.084616315995653,0.0,0.27300203837773246,0.6952751855389816,38.05215543609917,3.1016854530662203,-0.33985902421377434,Gambling,Consumer Cyclical,ELYS
2017Q2,2017,Q2,2017-08-08,2017-06-30,213405.0,4094423.0,326616.0,0.022761454348194522,0.0,0.0,7251318.0,1874286.0,2678272.0,4557844.0,5377032.0,0.0,-11892217.0,36546675.85,36507520.85,0.20257463990394628,0.5876181808767479,0.2877653414179326,1.1133188851648042,0.07726499226478092,0.20257463990394628,0.1138593576433906,8.925964867332956,42.813753016564746,19.498985667075356,0.0,0.0,0.0,0.564645351369227,0.5678792429051982,0.02942982227506779,-277.79685046253013,0.0,1.2845181793524316,30.997052239194687,0.0,7.157983638230951,0.0,1.2534152064561177,1.4301421928275393,4.903204695132618,0.0,4.948133299018321,Gambling,Consumer Cyclical,ELYS
2017Q1,2017,Q1,2017-05-18,2017-03-31,-842116.0,3875201.0,-759321.0,-0.08,0.0,0.0,7049879.0,1598426.0,2492222.0,4723809.0,5451453.0,0.0,-12105622.0,36546675.85,36607595.85,0.1727594248493054,0.5275873770510197,0.26810006242660334,1.1824588689122926,-0.23056231323752674,0.1727594248493054,-0.5268407796169482,9.430911028873084,-10.849656059853988,22.864165028596886,0.0,0.0,0.0,0.5496833349905722,0.46842579791011874,-0.11945112816829906,-56.575290448819864,0.0,0.5493522523191094,-112.16976524606982,0.0,6.310875285756754,0.0,0.3750530612244898,0.42381265664873574,-8.679349213014875,0.0,4.7429645457759175,Gambling,Consumer Cyclical,ELYS
2016Q4,2016,Q4,2017-04-10,2016-12-31,-1347500.0,3018449.0,-1317837.0,-0.17752224528291446,0.0,0.0,7431077.0,2492628.0,2793697.0,4196260.0,4938449.0,0.0,-11263504.0,29982862.1,29327796.1,0.32838361351767015,0.6657587947362652,0.2119956501594587,0.6320060594681597,-0.3123376244849045,0.32838361351767015,-0.5405941038935613,9.93320148857907,-5.562683135435993,12.028614819379387,0.0,0.0,0.0,0.4061926689765158,0.5894227240447446,-0.18133306921728842,38.697600409912766,0.0,-39.69273000935363,-28.65447181086453,0.0,11.221377815555508,-1.0,-38.311366468226495,-3.4112670232172624,-171.24490588396998,0.0,9.799597513334362,Gambling,Consumer Cyclical,ELYS
2016Q3,2016,Q3,2016-09-30,2016-09-30,36115.0,2606670.0,546533.0,0.004588,1519558.0,0.5829498939259669,7147865.0,3372012.0,2594396.0,3196243.0,3775853.0,0.0,-9916004.0,29982862.1,29216558.1,0.4442353553698931,0.8117017385724427,0.1276418902707312,0.270570508052759,0.017968633265373263,0.4442353553698931,0.010710222858044396,11.502362055802998,207.55130901287558,8.891683096026942,0.0,0.0,0.0,0.3646781241671464,0.6941847037287215,0.005052557651830302,66.12821230467243,0.5829498939259669,1.143375,65.95382703969872,0.0,17.128779539602498,0.0,1.17684100223775,2.618474668625105,6.903324168901664,0.0,13.094303988187773,Gambling,Consumer Cyclical,ELYS
2016Q2,2016,Q2,2016-06-30,2016-06-30,-204223.0,1525658.0,-337684.0,-0.032,0.0,0.0,3382729.0,967384.0,626655.0,2332867.0,2415345.0,0.0,-9952119.0,24042682.25,24886155.25,0.15893263323396456,0.2686201142199705,0.28515526960628534,0.9971252367208885,-0.19634913888340474,0.15893263323396456,-0.21110851533620567,15.758893703569214,-29.431898280311234,24.853297397930916,0.0,0.0,0.0,0.4510139594392575,0.1603297573329298,-0.06037226156750955,-167.90051572669628,0.0,0.6,-50.78603667083094,0.0,6.785727791803195,0.0,0.577037066185623,0.04034329885188132,-39.15707791060333,0.0,5.370158351566963,Gambling,Consumer Cyclical,ELYS
2016Q1,2016,Q1,2016-03-31,2016-03-31,-482839.0,1747186.0,-351880.0,-0.08,0.0,0.0,3629837.0,1097677.0,772045.0,2462237.0,2532160.0,0.0,-9777684.0,24032266.1,24626326.1,0.18041678350091173,0.3135543004186843,0.21275004910688827,0.7035293624627281,-0.20298649059305535,0.18041678350091173,-0.4398734782636422,13.754841270477215,-12.443208864652606,21.893750256222916,0.0,0.0,0.0,0.4813400711932795,0.1793722537676105,-0.13301947167324593,-53.999510387690265,0.0,0.4388469128365761,-866.7528752244646,0.0,7.726478809602985,0.0,0.41830130715017166,0.49402617869555154,-87.66486664772584,0.0,6.015163794945177,Gambling,Consumer Cyclical,ELYS
2015Q4,2015,Q4,2016-04-18,2015-12-31,-830050.0,1583784.0,-695451.0,-0.1425635924136005,0.0,0.0,3652210.0,1304334.0,687905.0,2280344.0,2347876.0,0.0,-9294845.0,22998140.3,23560476.3,0.22402330070140497,0.30166720459720114,0.1970584933506014,0.5517750821492041,-0.33261269776453306,0.22402330070140497,-0.6363784122778368,14.521008104640533,-6.926733419673514,17.63209446353465,0.0,0.0,0.0,0.43365085797366526,0.14713306413418326,-0.22727334956095077,-61.50797742742141,0.0,-0.7820449051700062,-319.4729344244006,0.0,9.380836917460517,-1.0,-0.7769333690125769,-0.9152098479841375,-58.40404148143508,0.0,7.3075747915563065,Gambling,Consumer Cyclical,ELYS
2015Q3,2015,Q3,2015-09-30,2015-09-30,-467125.0,1095343.0,-363120.0,-0.08,280304.0,0.2559052278601315,3980650.0,1720372.0,1095149.0,2214110.0,2260278.0,0.0,-8464795.0,22998140.3,23473222.3,0.29547908271522283,0.49462267005704325,0.15532086468290354,0.35938622576977536,-0.16856950136979898,0.29547908271522283,-0.27152557702636404,20.996290933524932,-12.308343751672464,13.368120557646836,0.0,0.0,0.0,0.2751668697323301,0.39098509107496915,-0.11734892542675192,-511.80906420385,0.2559052278601315,0.0,-23.38422458986183,0.0,12.241023273144782,0.0634252198523442,-0.0960307088036753,-0.12647743136342485,-75.87060499681047,0.0,9.810628768772963,Gambling,Consumer Cyclical,ELYS
2015Q2,2015,Q2,2015-06-30,2015-06-30,-426197.0,966644.0,-322350.0,-0.08,263586.0,0.27268156632638285,4109904.0,1792198.0,1085628.0,2271673.0,2317706.0,0.0,-7997670.0,22973990.0,23444400.0,0.30813899109384135,0.47789800732763915,0.14915214564622434,0.34203865867499017,-0.1429239655757376,0.30813899109384135,-0.23780687178537194,23.76675384112455,-13.476156566095023,12.818890546691827,0.0,0.0,0.0,0.23519868103975178,0.348398735205287,-0.10369998909950208,-86.736524572339,0.27268156632638285,-0.4183803722798214,-9.410775289445835,0.0,14.400073977008965,-0.2619946242580356,-0.42402210557617837,-0.30431088200305895,-94.30064299082409,0.0,10.366991180912883,Gambling,Consumer Cyclical,ELYS
2015Q1,2015,Q1,2015-03-31,2015-03-31,-299291.0,1227131.0,-247142.0,-0.056402359736135305,357160.0,0.29105287047593126,4028035.0,1893637.0,1235254.0,2087323.0,2134398.0,0.0,-7571473.0,20960106.2,21445137.2,0.3568620348879721,0.5917886211190122,0.163095405079648,0.3469271037690962,-0.0968959743055629,0.3568620348879721,-0.15805088303618908,17.08057754225099,-17.508132720329044,11.068703347051205,0.0,0.0,0.0,0.30464755147360933,0.42564088068784756,-0.07430198595593136,348.7596499109802,0.29105287047593126,0.8676234873394321,-6.559849500201783,0.0,23.36441118629545,2.3505004737380277,0.8571977958272637,0.5502805037603699,-69.13043874568014,0.0,11.970456536102642,Gambling,Consumer Cyclical,ELYS
2014Q4,2014,Q4,2014-12-31,2014-12-31,-2095843.0,1077764.0,-549547.0,-0.42607528029355857,106599.0,0.09890755304500799,4132570.0,2295382.0,1912305.0,1784276.0,1837188.0,0.0,-7272182.0,19429852.5,19836143.5,0.4666406448530682,1.0717540335687976,0.20049678529341305,0.3609712893104503,-0.17587090375861478,0.4666406448530682,-0.9130693714597397,18.02792865599519,-2.3176655527155425,8.464757717887482,0.0,0.0,0.0,0.2607975182513545,0.8068858181133413,-0.5071524499282529,-32.52936119416978,0.09890755304500799,-536.8438550005909,-73.69956741867036,0.0,46.86879384380161,-0.427745478556359,-536.6713699332992,-37.71724460479722,-70.17438926392165,0.0,15.524812258578221,Gambling,Consumer Cyclical,ELYS
2014Q3,2014,Q3,2014-09-30,2014-09-30,-3898.0,663767.0,14967.0,-0.0007921914071010265,186279.0,0.2806391399391654,3759693.0,1770402.0,696922.0,1955689.0,1989291.0,0.0,-5176339.0,19429852.5,19854540.5,0.35991461592413015,0.3563562509171959,0.1147420813348324,0.24367064655372056,-0.015504481782174522,0.35991461592413015,-0.0022017598262993377,29.272097739116287,-1246.1424127757825,10.974825209189778,0.0,0.0,0.0,0.17654819156776896,0.18216444434672385,-0.0010367867801972129,269.5221598002497,0.2806391399391654,0.8659404831393861,0.9203622847146931,0.0,69.05262001453723,0.0,0.8587169264226169,1.5424791591156215,-9.818387761520682,0.0,14.067360405133615,Gambling,Consumer Cyclical,ELYS
2014Q2,2014,Q2,2014-06-30,2014-06-30,-27590.0,0.0,-27590.0,-0.005909251544779876,0.0,0.0,75266.0,-239559.0,75266.0,314825.0,314825.0,0.0,-5172441.0,18442352.5,18442086.5,-0.05130896668415811,0.23907250059556898,0.0,0.0,0.11516995813139978,-0.05130896668415811,0.11516995813139978,0.0,-167.1108417905038,-76.98459460926118,0.0,0.0,0.0,0.0,0.0008449138410227905,-0.3665665772061754,1729.7273025698744,0.0,0.37156914106097527,0.41864385351257954,0.0,-44.140464613722315,0.0,0.3715691410609753,0.3715691410609753,-8.120661157024793,0.0,-0.8678336127246501,Gambling,Consumer Cyclical,ELYS
2014Q1,2014,Q1,2014-03-31,2014-03-31,-43903.0,0.0,-43903.0,-0.009403184870259908,0.0,0.0,50000.0,-215499.0,50000.0,265499.0,265499.0,0.0,-4958280.0,18442352.5,18392352.5,-0.04615577378211375,0.1883246264581034,0.0,0.0,0.20372716346711586,-0.04615577378211375,0.20372716346711586,0.0,-105.01760984442978,-85.57975907080775,0.0,0.0,0.0,0.0,0.1883246264581034,-0.87806,-190.89881272772442,0.0,-8.123649210307565,0.2272911276554553,0.0,-6.616194521904563,0.0,-8.123649210307564,-13.792249417249417,-101.81733021077282,0.0,-0.7208256807474247,Gambling,Consumer Cyclical,ELYS
2013Q4,2013,Q4,2013-12-31,2013-12-31,-4812.0,0.0,3432.0,-0.0010306385804088713,0.0,0.0,0.0,-174236.0,0.0,174236.0,174236.0,0.0,-4958280.0,18442352.5,18442352.5,-0.03731802653701582,0.0,0.0,0.0,-0.01969742188755481,-0.03731802653701582,0.0276177139052779,0.0,-958.1438331255197,-105.84696905346772,0.0,0.0,0.0,0.0,0.0,0.0,-30283.009031198686,0.0,-0.27876694127026297,0.9939846734856493,0.0,-2.4429801392905657,0.0,-0.2787669412702631,1.9120382673398884,-1.3168030813673568,0.0,-0.39608823505845214,Gambling,Consumer Cyclical,ELYS
2013Q3,2013,Q3,2013-09-30,2013-09-30,-3763.0,0.0,-3763.0,-0.0008059627967744354,0.0,0.0,0.0,-171495.0,0.0,171495.0,171495.0,0.0,-137856.0,18442352.5,18442352.5,-0.036730956639073026,0.0,0.0,0.0,0.021942330680194758,-0.036730956639073026,0.021942330680194758,0.0,-1225.2426587828859,-107.53871832998047,0.0,0.0,0.0,0.0,0.0,0.0,0.0,0.0,0.035375544732119936,0.881307432925513,0.0,-1.2095182392224804,0.0,0.03537554473211997,0.03537554473211997,0.755044916026559,0.0,-0.3973697719328266,Gambling,Consumer Cyclical,ELYS
2013Q2,2013,Q2,2013-06-30,2013-06-30,-3901.0,0.0,-3901.0,-0.0008355197635442659,0.0,0.0,0.0,-169799.0,0.0,169799.0,169799.0,0.0,-4958280.0,18442352.5,18442352.5,-0.03636770580109018,0.0,0.0,0.0,0.02297422246302982,-0.03636770580109018,0.02297422246302982,0.0,-1181.8990322994105,-108.61284518754528,0.0,0.0,0.0,0.0,0.0,0.0,-50665.80357142857,0.0,0.0665230916487198,0.8812260527661854,0.0,-1.1890689779059906,0.0,0.06652309164871979,0.06652309164871979,0.8812950734869002,0.0,-0.5815263961849408,Gambling,Consumer Cyclical,ELYS
2013Q1,2013,Q1,2013-03-31,2013-03-31,-4179.0,0.0,-4179.0,-0.0008950620589211707,0.0,0.0,0.0,-167962.0,0.0,167962.0,167962.0,0.0,-4958280.0,18442352.5,18442352.5,-0.03597425545358164,0.0,0.0,0.0,0.024880627761041187,-0.03597425545358164,0.024880627761041187,0.0,-1103.2754546542235,-109.80074362058085,0.0,0.0,0.0,0.0,0.0,0.0,-3400.765720081136,0.0,0.6270414993306559,0.8784495302581911,0.0,-1.1819073754637817,0.0,0.627041499330656,0.5479229770662051,0.8800310041913073,0.0,-1.254493228278815,Gambling,Consumer Cyclical,ELYS
2012Q4,2012,Q4,2012-12-31,2012-12-31,-11205.0,0.0,-9244.0,-0.0023998971931590615,0.0,0.0,0.0,-165825.0,0.0,165825.0,165825.0,0.0,-5084293.0,18442352.5,18442352.5,-0.035516550830486514,0.0,0.0,0.0,,-0.035516550830486514,0.06757123473541383,0.0,-411.4759593931281,-111.21575456053068,0.0,0.0,0.0,0.0,0.0,0.0,-2460.949092607419,0.0,-1.2994048840549968,0.9497865314381332,0.0,-1.1038325752207023,0.0,-1.299404884054997,-2.091638795986622,0.5792497465359919,0.0,-2.491126128971137,Gambling,Consumer Cyclical,ELYS
2012Q3,2012,Q3,2012-09-30,2012-09-30,-4873.0,0.0,-2990.0,-0.001043703616444811,0.0,0.0,0.0,-156581.0,0.0,156581.0,156581.0,0.0,-4958280.0,18442352.5,18442352.5,-0.03353666241874512,0.0,0.0,0.0,,-0.03353666241874512,0.03112127269592096,0.0,-946.1498306997743,-117.7815475696285,0.0,0.0,0.0,0.0,0.0,0.0,-12377.417785234898,0.0,-0.35738161559888576,0.9831961755542383,0.0,-1.2221036931619833,0.0,-0.3573816155988858,-0.7454757734967893,0.8951118190232247,0.0,-5.34110881626372,Gambling,Consumer Cyclical,ELYS
2012Q2,2012,Q2,2012-06-30,2012-06-30,-3590.0,0.0,-1713.0,-0.0007689094978528363,0.0,0.0,0.0,-153591.0,0.0,153591.0,153591.0,0.0,-4958280.0,18442352.5,18442352.5,-0.03289626147206545,0.0,0.0,0.0,,-0.03289626147206545,0.02337376538989915,0.0,-1284.286385793872,-120.07443469994988,0.0,0.0,0.0,0.0,0.0,0.0,-86583.81455399061,0.0,0.043941411451398016,0.9851502348632413,0.0,-1.1766459685426376,0.0,0.043941411451398134,0.0878594249201278,0.9243541657886973,0.0,-28.659103187466233,Gambling,Consumer Cyclical,ELYS
2012Q1,2012,Q1,2012-03-31,2012-03-31,-3755.0,0.0,-1878.0,-0.0008042493494254596,0.0,0.0,0.0,-151878.0,0.0,151878.0,151878.0,0.0,-4958280.0,18442352.5,18442352.5,-0.03252936955846604,0.0,0.0,0.0,,-0.03252936955846604,0.02472379146420153,0.0,-1227.8530292942744,-121.42872897983908,0.0,0.0,0.0,0.0,0.0,0.0,-48789.29232804233,0.0,0.8656529516994633,0.977630539163876,0.0,-1.1594841553386768,0.0,0.8656529516994633,0.9223581941458574,0.9339106253410071,0.0,-4.958145474446848,Gambling,Consumer Cyclical,ELYS
2011Q4,2011,Q4,2011-12-31,2011-12-31,-27950.0,0.0,-24188.0,-0.005986356675483781,0.0,0.0,0.0,-150000.0,0.0,150000.0,150000.0,0.0,-5060870.0,18442352.5,18442352.5,-0.03212713779329399,0.0,0.0,0.0,,-0.03212713779329399,0.18633333333333332,0.0,-164.95843023255816,-122.94901666666668,0.0,0.0,0.0,0.0,0.0,0.0,-828.3113631259824,0.0,-80.7251461988304,0.9815934521062833,1.0,-1.1422369258303158,0.0,-80.72514619883042,-69.72514619883042,0.9650606034754567,0.0,-2.2422634868430453,Gambling,Consumer Cyclical,ELYS
2011Q3,2011,Q3,2011-09-30,2011-09-30,-342.0,0.0,-342.0,-7.324987416871031e-05,0.0,0.0,0.0,-128597.0,0.0,128597.0,128597.0,0.0,-5032920.0,18442352.5,18442352.5,-0.027543023592028187,0.0,0.0,0.0,0.002659471060755694,-0.027543023592028187,0.002659471060755694,0.0,-13481.251827485381,-143.41199639182875,0.0,0.0,0.0,0.0,0.0,0.0,0.0,0.0,0.8869421487603305,0.9993176728685165,-1.0,-1.058100992950033,0.0,0.8869421487603306,-0.425,0.9892126340846467,0.0,-1.1571090527962524,Gambling,Consumer Cyclical,ELYS
2011Q2,2011,Q2,2011-06-30,2011-06-30,-3025.0,0.0,-240.0,-0.0006478972788314289,0.0,0.0,0.0,-128255.0,0.0,128255.0,128255.0,0.0,-5032578.0,18442352.5,18442352.5,-0.027469773717859476,0.0,0.0,0.0,0.0018712720751627616,-0.027469773717859476,0.023585825114030644,0.0,-1524.1613636363638,-143.79441347315895,0.0,0.0,0.0,0.0,0.0,0.0,0.0,0.0,-6.0843091334894615,0.977996916560269,-1.0,-1.0312890670129835,0.0,-6.0843091334894615,0.4379391100702576,0.9078976697302514,0.0,-1.1428102742733046,Gambling,Consumer Cyclical,ELYS
2011Q1,2011,Q1,2011-03-31,2011-03-31,-427.0,0.0,-427.0,-9.145525225157691e-05,0.0,0.0,2785.0,-125230.0,0.0,128015.0,128015.0,0.0,-5029553.0,18442352.5,18442352.5,-0.026821876439028048,0.0,0.0,0.0,0.0034097261039686974,-0.026821876439028048,0.0034097261039686974,0.0,-10797.630269320844,-147.26784716122336,0.0,0.0,0.0,0.0,0.0,-0.1533213644524237,0.0,0.0,0.7944150216658643,0.9983118051771572,-1.0,-1.0291487297272852,0.0,0.7944150216658642,0.7944150216658642,0.9875802702608871,0.0,-1.1356274671016624,Gambling,Consumer Cyclical,ELYS
2010Q4,2010,Q4,2010-12-31,2010-12-31,-2077.0,0.0,-2077.0,-0.00044485376797781084,0.0,0.0,2932.0,-124803.0,0.0,127735.0,127735.0,0.0,-5029126.0,18442352.5,18442352.5,-0.02673042118677647,0.0,0.0,0.0,0.01664222815156687,-0.02673042118677647,0.01664222815156687,0.0,-2219.830584978334,-147.77170821214236,0.0,0.0,0.0,0.0,0.0,-0.7083901773533424,-5324.004763279446,0.0,0.8647962504882176,0.999957332128926,0.0,-1.002258442906496,0.0,0.8647962504882177,0.8647962504882177,0.9906922468359664,0.0,-1.078146340330284,Gambling,Consumer Cyclical,ELYS
2010Q3,2010,Q3,2010-09-30,2010-09-30,-15362.0,0.0,-15362.0,-0.003290247271870549,0.0,0.0,3115.0,-122727.0,0.0,125842.0,125842.0,0.0,-5027049.0,18442352.5,18442352.5,-0.02628578159971728,0.0,0.0,0.0,0.12517213001214078,-0.02628578159971728,0.12517213001214078,0.0,-300.1294183700039,-150.27135430671328,0.0,0.0,0.0,0.0,0.0,-4.931621187800963,0.0,0.0,0.5325441986428506,0.9994851291749184,0.0,-1.0017584702379094,0.0,0.5325441986428506,0.5325441986428506,0.9470264003415165,0.0,-1.174083189855032,Gambling,Consumer Cyclical,ELYS
2010Q2,2010,Q2,2010-06-30,2010-06-30,-32863.0,0.0,-32863.0,-0.007038627528673471,0.0,0.0,3298.0,-107364.0,0.0,110662.0,110662.0,0.0,-5011686.0,18442352.5,18442352.5,-0.02299532014692811,0.0,0.0,0.0,0.3060895644722626,-0.02299532014692811,0.3060895644722626,0.0,-140.29723777500533,-171.77408162885138,0.0,0.0,0.0,0.0,0.0,-9.964523953911462,0.0,0.0,0.056582649135901705,-1.0004606077601657,0.0,-1.0011460929158311,0.0,0.056582649135901705,-0.5996397975077882,0.8640646708386339,0.0,-1.1234800070747097,Gambling,Consumer Cyclical,ELYS
2010Q1,2010,Q1,2010-05-25,2010-03-31,-34834.0,0.0,-20544.0,-0.007460778119277354,0.0,0.0,3481.0,-74501.0,0.0,77982.0,77982.0,0.0,-4978824.0,18442352.5,18442352.5,-0.01595669261825464,0.0,0.0,0.0,,-0.01595669261825464,0.46756419376921116,0.0,-132.358848395246,-247.54503295257783,0.0,0.0,0.0,0.0,0.0,-10.006894570525711,-2075.906404772625,0.0,-0.30802448274567246,0.9929212026365465,0.0,-1.003774802873514,0.0,-0.30802448274567235,-1.1773036791549076,0.7924852732981242,0.0,-1.078232061634251,Gambling,Consumer Cyclical,ELYS
2009Q4,2009,Q4,2009-12-31,2009-12-31,-26631.0,0.0,115869.0,-0.005703852043821416,0.0,0.0,211570.0,-47499.0,0.0,259069.0,259069.0,0.0,-4943990.0,18442352.5,18442352.5,-0.010173379453624476,0.0,0.0,0.0,-2.439398724183667,-0.010173379453624476,0.5606644350407377,0.0,-173.12861420900455,-388.2682266995095,0.0,0.0,0.0,0.0,0.0,-0.12587323344519544,876.6626657793412,0.0,-0.42596301095535394,-1.0104187078218325,0.0,-1.0023461360854553,0.0,0.426784907122409,3.494005467186121,0.9824620831142196,1.0,-1.0450407449334278,Gambling,Consumer Cyclical,ELYS
2009Q3,2009,Q3,2009-12-14,2009-09-30,-46459.0,0.0,-46459.0,-0.004,0.0,0.0,207975.0,-24693.0,0.0,232668.0,232668.0,0.0,-4917359.0,18442352.5,18442352.5,-0.005288769423532057,0.0,0.0,0.0,1.881464382618556,-0.005288769423532057,1.881464382618556,0.0,-99.23993467358316,-746.865609686956,0.0,0.0,0.0,0.0,0.0,-0.22338742637336217,-922.117625,0.0,0.607843137254902,0.9675369715628778,0.0,-1.0012052344343336,0.0,0.021050191748493405,0.021050191748493405,0.9073092508725339,-1.0,-1.0111564641392503,Gambling,Consumer Cyclical,ELYS
2009Q2,2009,Q2,2009-06-30,2009-06-30,-47458.0,0.0,-47458.0,-0.0102,0.0,0.0,191991.0,5553.0,0.0,186438.0,186438.0,0.0,-4870900.0,18442352.5,18442352.5,0.0011893466411077437,0.0,0.0,0.0,-8.546371330812173,0.0011893466411077437,-8.546371330812173,0.0,-97.15091501959628,3321.15117954259,0.0,0.0,0.0,0.0,0.0,-0.24718867030225375,-878.2072619047619,0.0,0.16393442622950818,-0.3274120412205599,0.0,1.0095745398195615,0.0,0.16472182621398526,0.16472182621398526,0.654802534253634,-1.0,-0.9986452911065994,Gambling,Consumer Cyclical,ELYS
2009Q1,2009,Q1,2009-03-31,2009-03-31,-56817.0,0.0,-56817.0,-0.0122,0.0,0.0,177580.0,38371.0,0.0,139209.0,139209.0,0.0,-4823442.0,18442352.5,18442352.5,0.008218336028443227,0.0,0.0,0.0,-1.4807276328477235,0.008218336028443227,-1.4807276328477235,0.0,-81.14803887920868,480.63257407938283,0.0,0.0,0.0,0.0,0.0,-0.3199515711228742,-1844.23525,0.0,0.9287946474447283,0.5759741800481435,0.0,1.0705059749647703,0.0,0.915382266868219,-0.22145068363573825,0.7753672944977539,-1.0,-0.9910687063134579,Gambling,Consumer Cyclical,ELYS
2008Q4,2008,Q4,2008-12-31,2008-12-31,-671455.0,0.0,-46516.0,-0.17133543423621123,0.0,0.0,203973.0,101351.0,20000.0,102622.0,102622.0,0.0,-4766625.0,15479852.5,15479852.5,0.025861774199721865,0.19488998460369122,0.0,0.0,-0.4589594577261201,0.025861774199721865,-6.6250456334915295,0.0,-5.763548003961547,152.73507414825704,0.0,0.0,0.0,0.0,0.0,-3.2918817686654607,-773.992625,0.0,-20.416929279526403,-16.409244651317476,0.0,1.2946382303475616,0.0,-24.232234790124384,-0.7479989478035399,0.9835664689283584,0.0,-0.9978149487401397,Gambling,Consumer Cyclical,ELYS
2008Q3,2008,Q3,2008-09-30,2008-09-30,-26611.0,0.0,-26611.0,-0.008,0.0,0.0,925487.0,687037.0,0.0,238450.0,238450.0,0.0,-4095170.0,15479852.5,15479852.5,0.1753114992536266,0.0,0.0,0.0,-0.03873299400177865,0.1753114992536266,-0.03873299400177865,0.0,-145.42719646011048,22.531322912739782,0.0,0.0,0.0,0.0,0.0,-0.028753510314029264,0.0,0.0,0.0,0.637881645366414,0.0,2.857658547137053,0.0,0.034714161346488685,0.034714161346488685,0.9989374210255794,0.0,-0.9882719845087627,Gambling,Consumer Cyclical,ELYS
2008Q2,2008,Q2,2008-06-30,2008-06-30,-27568.0,0.0,-27568.0,-0.008,0.0,0.0,965942.0,753816.0,0.0,212126.0,212126.0,0.0,-4068559.0,15479852.5,15479852.5,0.1923515227293025,0.0,0.0,0.0,-0.0365712587687181,0.1923515227293025,-0.0365712587687181,0.0,-140.3788132980267,20.5353196270708,0.0,0.0,0.0,0.0,0.0,-0.028540015860165517,0.0,0.0,-1.0,0.3355420734369288,0.0,3.5436398103529285,0.0,0.04470164252546954,0.04470164252546954,-1.0004603400964203,0.0,-0.9904131485823724,Gambling,Consumer Cyclical,ELYS
2008Q1,2008,Q1,2008-03-31,2008-03-31,-28858.0,0.0,-28858.0,-0.004,0.0,0.0,959861.0,775017.0,0.0,184844.0,184844.0,0.0,-4040990.0,15479852.5,15479852.5,0.19776139016828487,0.0,0.0,0.0,-0.0372353122576666,0.19776139016828487,-0.0372353122576666,0.0,-134.10364976782867,19.973565095991443,0.0,0.0,0.0,0.0,0.0,-0.030064769794793205,0.0,0.0,0.9163073006543765,0.7292903079181808,0.0,4.040906310398577,1.0,0.7534726374959422,-1.1804956155164434,0.993013303749211,0.0,-0.9532164790200077,Gambling,Consumer Cyclical,ELYS
2007Q4,2007,Q4,2009-12-08,2007-12-31,-117058.0,0.0,159882.0,-0.0477938939868734,-207118.0,0.0,996393.0,837772.0,2348.0,158621.0,158621.0,0.0,-4012132.0,9674438.75,9674438.75,0.34205595647602816,0.014802579734083129,0.0,0.0,0.1908418997054091,0.34205595647602816,-0.13972536680624323,0.0,-20.66163515095081,11.547818201133483,0.0,0.0,0.0,0.0,0.0,-0.11748175669640393,-56.038222601946245,0.0,0.40257632516408254,-1.0330787211339223,0.0,10.041395060444726,0.0,0.23050932134311483,2.0509978701585547,-1.0873007597832534,0.0,-0.921116692207186,Gambling,Consumer Cyclical,ELYS
2007Q3,2007,Q3,2007-09-30,2007-09-30,-152124.0,0.0,-152124.0,-0.08,0.0,0.0,994817.0,369822.0,3938.0,624995.0,624995.0,0.0,-3895074.0,9674438.75,9674438.75,0.15099551899070113,0.0063008504068032545,0.0,0.0,-0.4113438356831124,0.15099551899070113,-0.4113438356831124,0.0,-15.898935654466094,26.159716701548316,0.0,0.0,0.0,0.0,0.0,-0.15291656656450384,0.0,0.0,-1.0,-2.2182425470157505,0.0,0.0,0.0,-0.19953634707733067,-0.19953634707733067,0.7973682709696537,0.0,-0.9655902943872108,Gambling,Consumer Cyclical,ELYS
2007Q2,2007,Q2,2009-10-26,2007-06-30,-126819.0,0.0,-126819.0,-0.04,0.0,0.0,978674.0,456112.0,52685.0,522562.0,522562.0,0.0,-3742950.0,9674438.75,9674438.75,0.18622707182884382,0.10082057248709245,0.0,0.0,-0.27804355070684394,0.18622707182884382,-0.27804355070684394,0.0,-19.07135119737579,21.210664814782334,0.0,0.0,0.0,0.0,0.0,-0.12958247588063032,0.0,0.0,0.0,-55.922848375813984,-1.0,0.0,0.0,-0.4401921482675994,-0.4401921482675994,-5.761938002083052,0.0,2.499174801590974,Gambling,Consumer Cyclical,ELYS
2007Q1,2007,Q1,2009-10-26,2007-03-31,-88057.0,0.0,-88057.0,-0.04,0.0,0.0,944408.0,499559.0,101433.0,444849.0,444849.0,0.0,-3616131.0,9674438.75,9674438.75,0.20396615255846237,0.22801669780082678,0.0,0.0,-0.17626946967225093,0.20396615255846237,-0.17626946967225093,0.0,-27.46641025131449,19.365958275198725,0.0,0.0,0.0,0.0,0.0,-0.09324042151273602,0.0,0.0,0.877010015329706,-0.46648725557968795,0.0,0.0,1.0,0.8967185984402875,-1.0931875328061769,-0.25276158800529275,0.0,2.749847219215202,Gambling,Consumer Cyclical,ELYS
