Quarters,Year,Quarter,FillingDate,Date,NetIncome,Revenue,OperatingIncome,EPSDiluted,GrossProfit,GrossProfitRatio,TotalAssets,CommonStockEquity,CurrentAssets,CurrentLiability,TotalLiability,Inventory,RetainedEarnings,MarketCap,EnterpriseValue,bookValuePerShare,currentRatio,debtToAssets,debtToEquity,roic,shareholdersEquityPerShare,roe,priceToSalesRatio,peRatio,pbRatio,payoutRatio,inventoryTurnover,dividendYield,assetTurnover,quickRatio,returnOnAssets,priceToFreeCashFlowsRatio,grossProfitMargin,epsdilutedGrowth,fiveYNetIncomeGrowthPerShare,fiveYRevenueGrowthPerShare,fiveYShareholdersEquityGrowthPerShare,grossProfitGrowth,netIncomeGrowth,operatingIncomeGrowth,threeYNetIncomeGrowthPerShare,threeYRevenueGrowthPerShare,threeYShareholdersEquityGrowthPerShare,Industry,Sector,Symbol
2023Q3,2023,Q3,2023-04-14,2023-02-28,-1649859.0,1111442.0,-1651170.0,-0.12,120273.0,0.108213474,8210168.0,5986116.0,6482371.0,1395108.0,2224052.0,2064000.0,-40425202.0,36400023.0,34233165.0,0.44402480734696237,4.646501202774266,0.14352373788209938,0.19684783923331922,-0.20217638316014278,0.44402480734696237,-0.2756142714240753,32.75026767028779,-5.515626335341384,6.080741335450233,0.0,0.4802175387596899,0.0,0.13537384375082215,2.9386764322188674,-0.20095313518554067,-21.03365498240166,0.10821347402743463,0.0,-2.247031313684277,-0.4872200376073803,-0.05014892111282954,-0.6581939609236235,-0.014618520030896236,0.008953908797134365,-0.39511969239543404,-0.312485656845955,-0.06901138071020405,Medical Devices,Healthcare,BMRA
2023Q2,2023,Q2,2023-01-13,2022-11-30,-1626088.0,1481915.0,-1666088.0,-0.12,351875.0,0.2374461423,9907547.0,7242895.0,8098700.0,1763203.0,2664652.0,2061000.0,-38775343.0,46823977.68,43005842.68,0.5382984498296045,4.593175034298376,0.12600354053329244,0.17236008529738453,-0.1711941320629239,0.5382984498296045,-0.22450801785750035,31.59693887976031,-7.198868954201741,6.464815198894916,0.0,0.5482969432314411,0.0,0.14957435982892636,3.3555608741591296,-0.16412619591913113,-37.83190204292691,0.23744614232260286,0.25000000000000006,-2.8324715725342964,-0.4184899245883517,0.13895860306748045,7.402966063142571,0.21516152511057612,0.19510596165022584,-1.444980165416277,-0.32269358676130494,0.5654013480512476,Medical Devices,Healthcare,BMRA
2023Q1,2023,Q1,2022-10-13,2022-08-31,-2071876.0,1637435.0,-2069947.0,-0.16,-54955.0,-0.0335616376,11050074.0,8321584.0,9167806.0,1757600.0,2728490.0,1922000.0,-37149255.0,46375440.78,41615182.78,0.6352156845203359,5.216093536640874,0.11898372807277127,0.1579962420616075,-0.18919524799080623,0.6352156845203359,-0.24897615646251964,28.32200409787259,-5.5958272575192725,5.572910251221401,0.0,0.8805359001040582,0.0,0.14818317053804345,3.9868627674101047,-0.18749883484943178,-28.85952640333753,-0.03356163756118564,-0.14285714285714277,-5.500978301656422,-0.2635204314132977,0.2612344633261391,-1.0884366878283889,-0.17785745593713775,-0.1785604682478001,-2.043913430255687,0.019722151705325965,0.7081446360883261,Medical Devices,Healthcare,BMRA
2022Q4,2022,Q4,2022-08-29,2022-05-31,-1759021.0,5302221.0,-1756335.0,-0.14,621405.0,0.1171971142,11374280.0,8324714.0,9427531.0,2011282.0,3049566.0,2416000.0,-35077379.0,44356357.5,39818954.5,0.6568731212881942,4.687324303603373,0.12128943546316778,0.1657210085535671,-0.1593267659836846,0.6568731212881942,-0.21130107292574857,8.365618388973225,-6.304125632951511,5.328274040405471,0.0,1.9374238410596027,0.0,0.46615882499815375,3.3266349522344454,-0.15464899756292266,-10.358961295733163,0.11719711419044962,-16.283950617283953,-2.4160714403837633,1.4567937779482416,0.24541401001517352,-0.6286181646928325,-15.886385454266186,-15.338151982809142,-0.7222207888667789,2.4968855165781654,0.6078680603825395,Medical Devices,Healthcare,BMRA
2022Q3,2022,Q3,2022-04-14,2022-02-28,-104168.0,7660501.0,-107499.0,-0.0081,1673224.0,0.2184222677,17560333.0,9757802.0,15231105.0,6697920.0,7802531.0,3231000.0,-33318358.0,55640887.54,46910434.54,0.7611104450761247,2.2740052135588362,0.0821940563427812,0.1479180454778648,-0.008726824027620894,0.7611104450761247,-0.010675354962111345,7.263348381522305,-133.53642082981338,5.702194770912548,0.0,1.8530724233983287,0.0,0.4362389369267656,1.6919500382208208,-0.005932005959112506,23.783828596733752,0.21842226768197015,0.9093959731543625,0.7746875800621804,2.359788643779434,0.3317934232810278,1.1680654193861038,0.9074287684599485,0.9042619417640012,0.8884017464945314,3.4168942021352775,0.7942954743210864,Medical Devices,Healthcare,BMRA
2022Q2,2022,Q2,2022-01-12,2021-11-30,-1125274.0,4646900.0,-1122845.0,-0.0894,771759.0,0.1660803977,14809120.0,8901427.0,12403362.0,4740885.0,5907693.0,2982000.0,-33214190.0,61072853.849999994,55375874.849999994,0.7068921497599215,2.6162545600663165,0.10143701989044589,0.16875867206460268,-0.0945146711106583,0.7068921497599215,-0.126415011885173,13.142708870429747,-13.568440630904115,6.861018334476033,0.0,1.2995107310529845,0.0,0.31378636948042826,1.7558770145236595,-0.075985203712307,47.22245931148278,0.16608039768447783,0.255,-2.606882206908157,1.1100159264156817,0.15339492357323756,9.674373384286838,0.2705251782564416,0.27105453303721383,-0.6967467802407223,1.2281392878915038,0.45185142774567505,Medical Devices,Healthcare,BMRA
2022Q1,2022,Q1,2021-10-14,2021-08-31,-1542581.0,1261787.0,-1540369.0,-0.12,-88970.0,-0.07051110845174344,11516047.0,8803056.0,8945813.0,1482093.0,2712991.0,2862000.0,-32088916.0,55671992.32000001,52239234.32000001,0.7083937404882872,6.035932293047737,0.13579876844893043,0.17765023873527558,-0.1298678906669581,0.7083937404882872,-0.1752324420065032,44.121545332136094,-9.022539548976683,6.3241665530697535,0.0,0.4719626135569532,0.0,0.10956771885352673,3.8923421134841067,-0.13395056480752465,-33138.09066666667,-0.07051110845174344,0.0026595744680851133,-17.299991604840372,-0.4117269128351939,0.12043659670041072,-9.012379023182534,-0.031725308615139516,-0.022667913048905013,-1.4539422973445524,-0.2876278805314467,0.5512184038847971,Medical Devices,Healthcare,BMRA
2021Q4,2021,Q4,2021-10-14,2021-05-31,-1495147.0,1054057.0,-1506226.0,-0.12032,-8886.0,-0.008430284130744353,11818813.0,9227023.0,9230907.0,1300220.0,2591790.0,3206000.0,-28394768.0,45357761.6,42777964.6,0.7425109344461125,7.0994962390979985,0.137028481625016,0.1755185827541559,-0.12096020790501234,0.7425109344461125,-0.16204002092549244,43.031602275778255,-7.5841642326808,4.915752523863873,0.0,0.3315480349344978,0.0,0.08918467531384074,4.348773284521081,-0.1265056820849945,-42.01247617230411,-0.008430284130744353,0.19786666666666666,0.1980412878712143,-0.47745591192568804,0.16197626603333543,0.7692247760031165,0.18711527692449886,0.19886453693765377,-0.6093904611760446,-0.3299042492249485,0.5328607122906398,Medical Devices,Healthcare,BMRA
2021Q3,2021,Q3,2021-04-14,2021-02-28,-1839310.0,3628638.0,-1880114.0,-0.15,-38505.0,-0.0106114194912802,13347758.0,10599583.0,10784861.0,1352008.0,2748175.0,2860000.0,-26899621.0,74885544.68,71238082.68,0.8903103710455645,7.976920994550328,0.12175100867126899,0.1533176352314992,-0.1355207102073225,0.8903103710455645,-0.17352663779320376,20.63736991124494,-10.178483327987127,7.06495195895914,0.0,1.2822178321678321,0.0,0.27185374502594367,5.288939858344033,-0.1377991719658088,-51.137880188611604,-0.0106114194912802,-0.15384615384615377,-7.716995983134953,0.7050757042832173,0.2584169902688759,-1.1065157014185496,-0.23845582036731297,-0.27055848472110905,-3.09906802039946,0.89573851091769,0.9045383331955671,Medical Devices,Healthcare,BMRA
2021Q2,2021,Q2,2021-01-14,2020-11-30,-1485164.0,1372526.0,-1479754.0,-0.13,361496.0,0.2633800744029621,14477694.0,11148781.0,11946906.0,1874023.0,3328913.0,4198000.0,-25060311.0,81706041.75,77701064.75,0.9483267857606136,6.375005002606692,0.11595838398021122,0.15058238205593957,-0.10293522457226052,0.9483267857606136,-0.13321312886135264,59.52968595859022,-13.753706955932142,7.3286973481674815,0.0,0.24083611243449263,0.0,0.09480280492183354,3.8929917082127594,-0.10258291133933346,-62.208238099081186,0.2633800744029621,0.07142857142857148,-13.354427276146627,-0.23977060812079862,0.31458569285608073,0.9767273999868763,0.09958136672699108,0.10663428281295186,-3.0061665818562293,-0.38358354563280833,1.0065169266292402,Medical Devices,Healthcare,BMRA
2021Q1,2021,Q1,2020-10-15,2020-08-31,-1649415.0,1143806.0,-1656381.0,-0.14,182876.0,0.1598837565111566,15892490.0,12580625.0,13120072.0,1801459.0,3311865.0,4101000.0,-23575147.0,85293217.02,80060510.02,1.070839401902067,7.283025592034012,0.10895756423316925,0.13764077698842467,-0.10331140335639334,1.070839401902067,-0.1311075562621094,74.56965343773332,-12.927798192086284,6.779728115256594,0.0,0.23431602048280908,0.0,0.07197147835235385,4.744895110019157,-0.10378581329923757,-50.47258465038002,0.1598837565111566,-2.3800096571704494,-13.71602670721975,-0.4264314910079714,0.466696035923296,-0.750721421551455,-2.3898683031493797,-2.395190433340644,-4.771009784027078,-0.42633821701754565,1.1261747643814666,Medical Devices,Healthcare,BMRA
2020Q4,2020,Q4,2020-08-31,2020-05-31,-486572.0,2724999.0,-487861.0,-0.04142,733621.0,0.26921881439222545,17259878.0,14213053.0,14766817.0,1477147.0,3046825.0,2850836.0,-21925732.0,74602193.95,67742653.95,1.209788637187928,9.996850008834597,0.1032155036090058,0.12534161379683872,-0.027444884056487987,1.209788637187928,-0.03423416489054111,27.376961954848426,-38.33050090736828,5.248850753599526,0.0,0.6985242223684561,0.0,0.15788054817073446,7.0452690219727625,-0.028190929275398124,-20.944747065926567,0.26921881439222545,0.5397777777777778,-2.2918720609269543,0.17640439096383465,0.6378274151904739,2.460819232093745,0.434827151230187,0.46675155893910164,-0.01932573789018192,0.3620315940712383,1.2937271583837124,Medical Devices,Healthcare,BMRA
2020Q3,2020,Q3,2020-04-14,2020-02-29,-860926.0,1176889.0,-914885.0,-0.09,211979.0,0.1801180910009355,8215110.0,4680920.0,5739163.0,1909832.0,3534190.0,2187605.0,-21439160.0,27523795.017599996,26962548.017599996,0.47693902819745143,3.005061701762249,0.025091203891366032,0.04403557420336173,-0.13619361991874396,0.47693902819745143,-0.1839223913247823,23.386908211054735,-7.992497327761038,5.87999688471497,0.0,0.44108054241967815,0.0,0.1432590677422457,1.7562031634196096,-0.10479786637062681,-58.90681084061183,0.1801180910009355,-0.7999999999999998,-4.654672307912037,-0.3028344290138144,-0.3263268340449985,-0.5478958009861966,-0.774154061740098,-0.8680920401108336,-1.4324985661587508,-0.3257417781378061,-0.16545060553481084,Medical Devices,Healthcare,BMRA
2020Q2,2020,Q2,2020-01-14,2019-11-30,-485260.0,1596408.0,-489743.0,-0.05,468872.0,0.29370436630234875,7038621.0,3375921.0,4510861.0,1984264.0,3662700.0,2190893.0,-20578234.0,29648436.26,30676284.26,0.34387248388391056,2.2733169578241603,0.028471628178303676,0.059361874877996254,-0.08977611834962097,0.34387248388391056,-0.14374151527834922,18.57196672780392,-15.274510705601122,8.78232525583389,0.0,0.514646767322731,0.0,0.22680692709552056,1.0754279672462939,-0.06894248177306322,-81.25085300082215,0.29370436630234875,0.0,-0.568237981722998,0.08330208708872462,-0.5244436303838336,0.2765229891316185,0.04154881729265094,0.038888529100653706,-0.995077612533055,-0.07022486308881427,-0.43892321140795687,Medical Devices,Healthcare,BMRA
2020Q1,2020,Q1,2019-10-15,2019-08-31,-506296.0,1194415.0,-509559.0,-0.05,367304.0,0.3075179062553635,6723913.0,3623718.0,4114159.0,1368796.0,3100195.0,2206338.0,-20092974.0,27479380.02,28598001.02,0.37187464755618604,3.0056772521252255,0.02896765618472458,0.05375031942331053,-0.08884157296445097,0.37187464755618604,-0.1397172738055224,23.006559713332468,-13.568831286441133,7.583200464274537,0.0,0.3748795515464992,0.0,0.17763689089968893,1.2171762629347251,-0.07529782137276315,-1225.3904133779265,0.3075179062553635,0.3795756297307358,-0.788521013103202,-0.1056437404967078,-0.5074365840391384,1.031470020519117,0.3553079597112042,0.33375216881379777,-6.659639616411554,-0.2898516074431947,-0.4118215044929423,Medical Devices,Healthcare,BMRA
2019Q4,2019,Q4,2019-08-29,2019-05-31,-785330.0,1165860.0,-764819.0,-0.08059,180807.0,0.15508465853533016,5245364.0,3980970.0,4494929.0,1264394.0,1264394.0,2151090.0,-19586678.0,21925037.25,21238252.25,0.4085367061349006,3.555006588136293,0.0,0.0,-0.19211875497680214,0.4085367061349006,-0.1972710168627244,18.80589200247028,-6.979561856162378,5.507461058485746,0.0,0.45793202515933784,0.0,0.22226484186798096,1.6936469170211184,-0.1497188755632593,-21.116914065622684,0.15508465853533016,-0.1512857142857141,-4.602129708430204,-0.46219950560460166,-0.47863970823136576,-0.5058892010362808,-0.15703075966561866,-0.08140143202950026,0.46281827213431953,-0.2629343502121486,-0.36066940659088464,Medical Devices,Healthcare,BMRA
2019Q3,2019,Q3,2019-04-15,2019-02-28,-678746.0,1261161.0,-707248.0,-0.07,365924.0,0.290148521877857,5067927.0,3954471.0,4329331.0,1113456.0,1113456.0,2080284.0,-18801348.0,25016127.986599997,24098192.986599997,0.42418345025593324,3.888192259056487,0.0,0.0,-0.17884768910936508,0.42418345025593324,-0.17164015110997147,19.83579256462894,-9.214097757703176,6.326036525896889,0.0,0.43034364538687986,0.0,0.2488514534641087,1.7920869796381715,-0.13392971130010356,-86.02638271021608,0.290148521877857,-0.4000000000000001,-21.238047552530954,-0.3313171744112447,-0.45356131110538145,-0.10325932460912611,-0.42222008029435676,-0.45543146539572005,-3.108013572965892,-0.2431963344633371,-0.4004341877248333,Medical Devices,Healthcare,BMRA
2019Q2,2019,Q2,2019-01-14,2018-11-30,-477244.0,1500791.0,-485937.0,-0.05,408060.0,0.2718966198491329,5428762.0,4412012.0,4687511.0,1016750.0,1016750.0,2115041.0,-18122602.0,25463143.77,24338229.77,0.4868901433375522,4.6102886648635355,0.0,0.0,-0.11013954631129744,0.4868901433375522,-0.10816924342000883,16.966482188392654,-13.338640071954806,5.771322419340655,0.0,0.5166476678229879,0.0,0.276451795086983,2.3461627735431523,-0.08791028230745794,-94.72120499810283,0.2718966198491329,0.0,-0.5752906029477357,0.2895747278211599,-0.3469063161137367,0.21005981205315177,-0.05645725417275424,-0.06849595194223217,-4.984330874195795,0.07846972375488351,-0.32506512941018756,Medical Devices,Healthcare,BMRA
2019Q1,2019,Q1,2018-10-15,2018-08-31,-451740.0,1272870.0,-454786.0,-0.05,337223.0,0.2649312184276478,4875703.0,4078171.0,4117128.0,797532.0,797532.0,2208457.0,-17645358.0,32167657.127100002,31583964.127100002,0.4566692470346018,5.162335805961391,0.0,0.0,-0.11151714825101743,0.4566692470346018,-0.1107702447984648,25.271753696056944,-17.802085894043035,7.887765649625776,0.0,0.4236654822801621,0.0,0.26106389170956473,2.0029039587126283,-0.09265125459856763,-39.36022691238928,0.2649312184276478,0.3311931514178704,-1.1960316904206725,0.023710761229257606,-0.41346845927998666,0.25704242415205747,0.3233545580774606,0.2939673333405781,-4.302288861498569,-0.1602863979505821,-0.37451407450640056,Medical Devices,Healthcare,BMRA
2018Q4,2018,Q4,2018-08-29,2018-05-31,-667617.0,1130400.0,-644143.0,-0.07476,268267.0,0.23732041755130928,5222582.0,4325774.0,4484029.0,896808.0,896808.0,2178777.0,-17193618.0,36346121.57,35141218.57,0.48439556738102885,4.999987734275341,0.0,0.0,-0.14890814915434786,0.48439556738102885,-0.1543346924735319,32.15332764508139,-13.610393972142711,8.40222387253703,0.0,0.39569584220872533,0.0,0.216444662812379,2.2355320202317555,-0.12783274633122085,-96.13010970845798,0.23732041755130928,-0.8689999999999998,-13.36507404089361,-0.37327922893544235,-0.3955744912342254,-0.4235416474167922,-1.0701880052466581,-0.9952020467963053,-3.3319218293147665,-0.3579976065132658,-0.344219051439021,Medical Devices,Healthcare,BMRA
2018Q3,2018,Q3,2018-04-16,2018-02-28,-322491.0,1375666.0,-322846.0,-0.04,465371.0,0.3382877820633788,4759178.0,3999879.0,4048925.0,759299.0,759299.0,1953655.0,-16526001.0,38846419.2,38249389.2,0.46746781386738473,5.332451379496088,0.0,0.0,-0.0807139415967333,0.46746781386738473,-0.08062518891196459,28.238263648298354,-30.114343656102033,9.711898584932195,0.0,0.4659446012729986,0.0,0.2890553788910606,2.310898605160813,-0.06776191182594977,-76.1398892194795,0.3382877820633788,-0.3333333333333334,-6.407990683712467,-0.20559987136795077,-0.40788551612828505,-0.08064149698433991,-0.2003640275291166,-0.11812785293241623,-1.4295868837371786,-0.06526899497061796,-0.3397048605136835,Medical Devices,Healthcare,BMRA
2018Q2,2018,Q2,2018-01-16,2017-11-30,-268661.0,1613636.0,-288738.0,-0.03,506191.0,0.3136959016779497,4831042.0,4026649.0,4099121.0,804393.0,804393.0,1826668.0,-16203510.0,29308056.96,28490246.96,0.4726233669773788,5.095918288697192,0.0,0.0,-0.07170677156116662,0.4726233669773788,-0.06672073975158997,18.162743617519688,-27.27234038435054,7.278522900804117,0.0,0.6062650684196581,0.0,0.3340140698424895,2.328279833365034,-0.055611398120736684,-107.91485892077986,0.3136959016779497,-0.4999999999999999,-1.9271951590502066,-0.2996036293106271,-0.4027565051652648,-0.016285410565305858,-0.29750940553175664,-0.27744350257490225,-0.00047989590948776254,0.2617622326503186,-0.34638837613012147,Medical Devices,Healthcare,BMRA
2018Q1,2018,Q1,2017-10-16,2017-08-31,-207059.0,1444483.0,-226028.0,-0.02,514571.0,0.3562319528855653,4913381.0,4286662.0,4171249.0,626719.0,626719.0,1791508.0,-15934849.0,22554839.0,21473851.0,0.5036459936601632,6.6556925831193885,0.0,0.0,-0.05272820670255784,0.5036459936601632,-0.04830308524441628,15.614471752177076,-27.2323818331973,5.26163224438969,0.0,0.5190666187368407,0.0,0.2939896173327491,3.395912681760087,-0.04214185710410001,-155.88603754285083,0.3562319528855653,0.5077528919517598,-1.5799413906565927,-0.30672909223639916,-0.33559972397266946,0.17291030810575478,0.4012520964663698,0.3568664496596936,0.16257171160035883,0.23831661899587248,-0.33289996319318677,Medical Devices,Healthcare,BMRA
2017Q4,2017,Q4,2017-08-29,2017-05-31,-345820.0,1449423.0,-351448.0,-0.04063,438713.0,0.30268113587268863,5017990.0,4489124.0,4210351.0,528866.0,528866.0,1729121.0,-15727790.0,21278150.0,20052688.0,0.5274335409798314,7.961092223739095,0.0,0.0,-0.07828877081586519,0.5274335409798314,-0.07703507410354447,14.68042800479915,-15.382388236654908,4.739933670800807,0.0,0.5845224249777777,0.0,0.2888453344865175,4.321459500138031,-0.06891604008776422,-63.758577293021304,0.30268113587268863,-0.015749999999999965,-6.2208565581567,-0.23229354248269246,-0.26347331881351793,-0.023839244193161514,-0.13703841310444825,-0.10614940104871555,-2.8160225206988656,-0.23451989477504073,-0.3269077155505135,Medical Devices,Healthcare,BMRA
2017Q3,2017,Q3,2017-04-14,2017-02-28,-304141.0,1499930.0,-317722.0,-0.04,449427.0,0.29963198282586523,5476676.0,4819932.0,4643808.0,656744.0,656744.0,1818224.0,-15381970.0,20747472.72,19205764.72,0.5714928695180373,7.070956110752439,0.0,0.0,-0.0659183573544191,0.5714928695180373,-0.06310068274822134,13.832293987052728,-17.054156394566995,4.304515648768489,0.0,0.5777632458926953,0.0,0.27387597878713293,3.9795628129073126,-0.05553386762335402,-136.82057979424954,0.29963198282586523,-1.0,-2.366970480985217,-0.192427950451448,-0.19479564819198072,-0.1926712461647901,-0.4990659825420061,-0.44724327672910136,-11.023995844731393,-0.12092646039543495,-0.2637953834746725,Medical Devices,Healthcare,BMRA
2017Q2,2017,Q2,2017-01-17,2016-11-30,-202887.0,1432206.0,-219536.0,-0.02,556684.0,0.3886898951687118,5585427.0,5018911.0,4772040.0,566516.0,566516.0,1881121.0,-15077829.0,17278929.259999998,15667781.259999998,0.6128795396202693,8.423486715291359,0.0,0.0,-0.04374175991564704,0.6128795396202693,-0.04042450643177375,12.064555839034327,-21.29132135129407,3.4427646276253947,0.0,0.46542566905584487,0.0,0.25641835440692357,4.85747092756427,-0.036324349060510505,-66.04060242851845,0.3886898951687118,-1.9484356785823844,-1.8722321904637589,-0.2569489476683465,-0.09525560362168606,-0.03514616213892769,-2.661096775357742,-2.3449536811311553,0.25895299453479026,0.36176797518838116,-0.17790951041779396,Medical Devices,Healthcare,BMRA
2017Q1,2017,Q1,2016-10-17,2016-08-31,-55417.0,1410110.0,-65632.0,-0.006783258032481839,576962.0,0.4091609874406961,5610173.0,5165259.0,4768672.0,444914.0,444914.0,1850451.0,-14874646.0,23692051.7,21875032.7,0.632247949214124,10.718188234130642,0.0,0.0,-0.012706429629182196,0.632247949214124,-0.010728794044983997,16.801562785881952,-106.88079334861143,4.5868080768069905,0.0,0.45024050893538925,0.0,0.2513487551988147,6.26196298610518,-0.009877948505331297,-329.3673427681699,0.4091609874406961,0.9547873223189907,-1.3955252962133105,-0.15782813484737682,-0.023657485415008072,0.6672311159914466,0.9547868044076685,0.7585611965994328,0.7055225396930256,0.23966746161098407,-0.18796072611053039,Medical Devices,Healthcare,BMRA
2016Q4,2016,Q4,2016-08-29,2016-05-31,-1225682.0,1326133.0,-271837.0,-0.15003,346060.0,0.26095421801584007,5726505.0,5220478.0,4835068.0,506027.0,506027.0,1863091.0,-14819229.0,13071476.8,11182551.8,0.6390069712704536,9.554960506059953,0.0,0.0,-0.23824981620244748,0.6390069712704536,-0.23478348151261244,9.856836983922427,-2.666163980543077,2.5038850465417153,0.0,0.5260467685153328,0.0,0.23157807423550664,5.648708468125219,-0.21403665935854418,-344.0314988814318,0.26095421801584007,-6.5015,-11.723414779631804,-0.08233093420834295,0.013521615173770834,0.004475818389750317,-8.078991422349299,-0.010140909969231685,-25.81453460406319,-0.1963110191132806,-0.20265142845287887,Medical Devices,Healthcare,BMRA
2016Q3,2016,Q3,2016-04-14,2016-02-29,-135002.0,1361608.0,-269108.0,-0.02,344518.0,0.25302289645771764,5875942.0,5389101.0,3981273.0,486841.0,486841.0,2100101.0,-13593547.0,8378999.200000001,7519854.200000001,0.7074843854860375,8.177768511690676,0.0,0.0,-0.025928285452507166,0.7074843854860375,-0.025050931500448775,6.153752915670297,-15.516435312069452,1.5548046325351854,0.0,0.4843052786508839,0.0,0.23172590879896363,3.6543532693425576,-0.02297537994758968,44.502391094209756,0.25302289645771764,-1.0,-2.6082585355821633,-0.11535551606757866,0.1376606564588769,-0.16387446880286186,-1.0219566259285886,-0.28284725466454375,-2.4835231960382553,-0.11676947062076241,-0.1038703856556785,Medical Devices,Healthcare,BMRA
2016Q2,2016,Q2,2016-01-14,2015-11-30,-66768.0,1165080.0,-209774.0,-0.01,412041.0,0.3536589762076424,5941997.0,5472910.0,4158270.0,469087.0,469087.0,2237394.0,-13458545.0,6827971.5,6184993.5,0.7213883361991186,8.864602941458621,0.0,0.0,-0.013072541115323296,0.7213883361991186,-0.012199725557336042,5.860517303532805,-25.566032755212078,1.2475943328138048,0.0,0.3365696877706832,0.0,0.19607549448443007,3.870418493797526,-0.01123662633959593,-26.99464493275032,0.3536589762076424,0.0,-428.8854771418307,-0.11882456718995875,0.18296886890191655,-0.022258027008620833,0.07696136033731941,-1.7517479306861858,-1.258770216992102,-0.4320979271732837,-0.08839782129266145,Medical Devices,Healthcare,BMRA
2016Q1,2016,Q1,2015-10-15,2015-08-31,-72335.0,1286993.0,-76233.0,-0.01,421421.0,0.3274462254262455,6074829.0,5535683.0,4464128.0,539146.0,539146.0,2109174.0,-13391777.0,5769944.616,4876679.616,0.7301031540785243,8.279998367789059,0.0,0.0,-0.013771200410139092,0.7301031540785243,-0.013067041591796351,4.483275834445099,-19.941745406787863,1.0423184665740435,0.0,0.41038434951312697,0.0,0.21185666296121258,3.9080008012671894,-0.011907331054092222,-28.66013627851761,0.3274462254262455,-1.3125,-4.214699183568713,-0.039982757706095655,0.2007226317654988,-0.09531364046198103,-1.2975854990064712,-0.24792103195390255,-1.227428741889921,-0.3066163521835556,-0.03686171794408025,Medical Devices,Healthcare,BMRA
2015Q4,2015,Q4,2015-08-31,2015-05-31,243073.0,1494923.0,-61088.0,0.032,465820.0,0.3116013333128195,6124453.0,5600520.0,4465601.0,523933.0,523933.0,2027372.0,-13319442.0,7127132.64,6038825.64,0.7386545285342129,8.523229115173123,0.0,0.0,0.0479176770282689,0.7386545285342129,0.043401862684179324,4.767558355848428,7.330238899425276,1.2725840886203423,0.0,0.5076044258281164,0.0,0.24409086003272457,4.198775415940588,0.03968893221974273,-80.56989837099673,0.3116013333128195,2.6,2.2763270160027416,-0.06001920461195719,0.21097337741042302,0.01522997524148272,3.0741255877057503,0.5492891240030398,3.1194121496391576,-0.11115560419288921,0.03148307070875681,Medical Devices,Healthcare,BMRA
2015Q3,2015,Q3,2015-04-14,2015-02-28,-117193.0,1299400.0,-135537.0,-0.02,458832.0,0.35311066646144373,5831787.0,5348417.0,4430974.0,483370.0,483370.0,2110798.0,-13562515.0,6202329.063,5030640.063,0.707967976609757,9.166836998572522,0.0,0.0,-0.02219401997250679,0.707967976609757,-0.02191171705571948,4.773225383253809,-13.23101435879276,1.1596569719601146,0.0,0.39822285221039627,0.0,0.22281335035041575,4.350876140430726,-0.020095555616143044,-12.332880759976934,0.35311066646144373,0.3333333333333333,-1.7732701455126225,-0.19864891535273663,0.11686918506578697,0.4933847150301227,0.5076503604617945,0.4575590819042283,-1.5880365039589137,-0.21896301708650526,-0.002509171833329031,Medical Devices,Healthcare,BMRA
2015Q2,2015,Q2,2015-01-14,2014-11-30,-238028.0,1133600.0,-249865.0,-0.03,307243.0,0.2710329922371207,5927785.0,5460794.0,4466546.0,466991.0,466991.0,1989950.0,-13445328.0,6343656.4799999995,4669608.4799999995,0.723095106814485,9.564522656753557,0.0,0.0,-0.045756166594088696,0.723095106814485,-0.043588533096102874,5.596027240649258,-6.662720856369838,1.1616729142318865,0.0,0.41526520766853436,0.0,0.19123500599296364,4.792293641633351,-0.040154627740378576,298.66555932203386,0.2710329922371207,0.0,0.3159605611444671,-0.09453516331276406,0.17643538513600285,-0.008608923206985232,-0.08555740007661856,-0.11491626917018799,-2.109634466455796,-0.3622550882641472,0.06744670632066771,Medical Devices,Healthcare,BMRA
2015Q1,2015,Q1,2014-10-15,2014-08-31,-219268.0,1034450.0,-224111.0,-0.03,309911.0,0.2995901203538112,6047179.0,5698454.0,4537566.0,348725.0,348725.0,1880193.0,-13207300.0,6868533.49,5221555.49,0.7549782129693016,13.011874686357444,0.0,0.0,-0.039328386260554175,0.7549782129693016,-0.03847850662653415,6.639792633766736,-7.83120825884306,1.2053327955266464,0.0,0.3853535248774993,0.0,0.17106323460906317,6.983086959638684,-0.036259551767857376,49.07287119729077,0.2995901203538112,-2.3636363636363638,-25.279627168183527,-0.20872122247184938,0.1485327401999526,-0.4607542560447668,-2.2984272111421666,-2.8642492585695565,-2.69390306626136,-0.3312877391534593,0.1658674857285955,Medical Devices,Healthcare,BMRA
2014Q4,2014,Q4,2014-08-29,2014-05-31,168872.0,1679152.0,-57996.0,0.022,574712.0,0.34226323763423444,6470313.0,5914469.0,4913174.0,555844.0,555844.0,1765772.0,-12988032.0,6415663.149999999,4906538.149999999,0.7835976628542288,8.839123926857177,0.0,0.0,0.0322019757488443,0.7835976628542288,0.028552351867936074,3.8207756951127707,9.497819576365531,1.0847403460902407,0.0,0.625471465172174,0.0,0.25951634797265605,5.319532098934233,0.026099510178255673,-36.507392623025446,0.34226323763423444,5.408389163996505,2.7426822321525455,0.18370869991721855,0.19505137843020712,-0.0066544294302079985,5.361965039180229,-2.778091179446301,0.5991713087015296,0.2576826412707844,0.24285524980020173,Medical Devices,Healthcare,BMRA
2014Q3,2014,Q3,2014-04-14,2014-02-28,26544.0,1492719.0,32617.0,0.003433,578562.0,0.38758935874735967,6271078.0,5727626.0,5060805.0,543452.0,543452.0,1938341.0,-13156904.0,5386234.1899999995,3720544.1899999995,0.7762690652706283,9.312331171842223,0.0,0.0,0.004189683715145038,0.7762690652706283,0.004634380806288679,3.608337664356118,50.729300312688366,0.9403955827423089,0.0,0.47161825499228466,0.0,0.23803228089333286,5.221173167087434,0.004232765084408135,-36.825426557457746,0.38758935874735967,1.1144333333333334,-0.9140025901557665,-0.025652825684793764,0.20509136364040664,1.2631550124391733,1.10907432290832,1.131784793658233,-0.6735481584445856,0.0012253381075986898,0.24826892649764454,Medical Devices,Healthcare,BMRA
2014Q2,2014,Q2,2014-01-14,2013-11-30,-243357.0,934841.0,-247502.0,-0.03,255644.0,0.2734625460372406,5827160.0,5426568.0,4699125.0,400592.0,400592.0,1899633.0,-13183444.0,6187121.95,4539562.95,0.7455134773931521,11.730451431880816,0.0,0.0,-0.04560930591858427,0.7455134773931521,-0.044845471391863144,6.618368203790805,-6.356013952752541,1.1401537675377882,0.0,0.35754116716228873,0.0,0.16042823605324033,6.163702719974438,-0.04176253955614742,-14.093639763918533,0.2734625460372406,-0.4999999999999999,-1.1511789818512885,-0.24031385158462723,0.24391042847365804,-0.017853095189614702,-0.4510237666503691,-0.424324386538373,-1626.4831119339897,-0.2630740932649333,0.22253048857097565,Medical Devices,Healthcare,BMRA
2014Q1,2014,Q1,2013-10-15,2013-08-31,-167714.0,1013739.0,-173768.0,-0.02,260291.0,0.2567633286279802,6205334.0,5668830.0,5105306.0,536504.0,536504.0,1791443.0,-12940086.0,6552779.4,4467316.4,0.7785928212385724,9.515876862055082,0.0,0.0,-0.030653238851756005,0.7785928212385724,-0.02958529361437898,6.463970903753333,-9.767788318208378,1.1559315414291838,0.0,0.4205816205148587,0.0,0.16336574308490082,5.570717086918271,-0.027027392884895477,-17.02011781756978,0.2567633286279802,-4.333333333333334,-2.077560818553617,-0.23209322292804707,0.26382362265179954,-0.4588747198649531,-4.809950022716947,-10.819620253164556,-11.59082075987959,-0.21253193080811023,0.28046840527791406,Medical Devices,Healthcare,BMRA
2013Q4,2013,Q4,2013-08-29,2013-05-31,44020.0,1470542.0,17696.0,0.006,481018.0,0.32710252410335783,6394887.0,5834994.0,5253355.0,559893.0,559893.0,1571221.0,-12772372.0,6479970.74,4010174.74,0.8014148316972184,9.382783853343406,0.0,0.0,0.006975706246923615,0.8014148316972184,0.007544138005968815,4.406518644146172,36.80128771013176,1.1105359731303923,0.0,0.6297802791586925,0.0,0.22995590070629865,5.968026033545695,0.00688362437053227,-59.06238711559145,0.32710252410335783,2.1793133599146404,-0.9428987829406462,0.00935096535743006,0.35918680107982687,0.08001221423407322,2.236030774414556,1.2794119969052469,1.2407017394410909,-0.03709921813246388,0.313864584805338,Medical Devices,Healthcare,BMRA
2013Q3,2013,Q3,2013-04-15,2013-02-28,-35614.0,1416698.0,-63333.0,-0.005087706290747257,445382.0,0.31438034076422783,6110531.0,5526431.0,4938473.0,584100.0,584100.0,1705238.0,-12816392.0,8050012.649999999,5731335.649999999,0.7894889022317251,8.454841636706043,0.0,0.0,-0.007255254545439603,0.7894889022317251,-0.006444303746848554,5.682236192893615,-56.508765162576516,1.4566385882679074,0.0,0.5696072923544984,0.0,0.23184531753459725,4.848462592021914,-0.005828298719047493,7.371482434838029,0.31438034076422783,-1.1695902096915753,-1.2536301119862274,0.006995142672586229,0.6629132389373543,-0.4209885194049487,-1.1503214178685541,-1.2558888413022926,-1.25360817573025,-0.05709015175566986,0.24547416830417906,Medical Devices,Healthcare,BMRA
2013Q2,2013,Q2,2013-01-14,2012-11-30,236919.0,1883771.0,247502.0,0.03,769211.0,0.40833572658247735,6058310.0,5512629.0,4842424.0,545681.0,545681.0,1800104.0,-12780779.0,5851595.399999999,4657226.399999999,0.7913411716743095,8.87409310567896,0.0,0.0,0.04278268676695923,0.7913411716743095,0.0429774976694423,3.106319929545576,6.174679320780521,1.0614890644735933,0.0,0.6191642260669383,0.0,0.3109400146245405,4.955336542778657,0.03910645047876388,-52.89004040239702,0.40833572658247735,-0.25000000000000006,60.44111722096916,0.5965106160153468,0.7362986415868473,0.05046015013772412,-0.18763201206967495,-0.20710809832420848,1.7381053491319083,0.6311925385911739,0.28746792406588184,Medical Devices,Healthcare,BMRA
2013Q1,2013,Q1,2012-10-12,2012-08-31,291640.0,1701949.0,312151.0,0.04,732261.0,0.43024849745791444,5980453.0,5270193.0,4885142.0,710260.0,710260.0,1820749.0,-13017689.0,4936160.6899999995,3636680.6899999995,0.758046033140789,6.877962999464985,0.0,0.0,0.05519476071585134,0.758046033140789,0.055337631847638215,2.9002988279907327,4.231381746331093,0.936618581141146,0.0,0.5325764287114808,0.0,0.28458529813711436,3.763316250387182,0.04876553665750738,18.611640531032844,0.43024849745791444,4.405405405405406,-0.7179671583386636,0.08744154721122187,0.6735389359452744,0.3398907243809789,4.390160056186005,4.244560560493288,34.0594852342123,0.41337772795446365,0.1531997515752099,Medical Devices,Healthcare,BMRA
2012Q4,2012,Q4,2012-08-29,2012-05-31,54106.0,1542187.0,59519.0,0.0074,546508.0,0.3543720703131332,5570922.0,4978634.0,4486630.0,592288.0,592288.0,1821072.0,-13309329.0,4797113.909999999,3762771.909999999,0.7161092115905165,7.575081717002539,0.007718650521403818,0.008636907231983713,0.006855368048359139,0.7161092115905165,0.010867639597528157,3.110591588439015,22.165350931504822,0.9635401819053176,0.0,0.546754329318116,0.0,0.27682796492214395,3.845862148144146,0.009712216397931977,319.6371208688699,0.3543720703131332,-0.7533333333333333,-0.8456946706960319,-0.32328569096797444,1.4323414010604054,-0.035874130932198156,-0.701804954669459,-0.5574565219007681,0.30185442670124396,0.18027593918982313,0.09212589698218143,Medical Devices,Healthcare,BMRA
2012Q3,2012,Q3,2012-02-29,2012-02-29,181445.0,1514673.0,134493.0,0.03,566843.0,0.3742345707621381,5544259.0,4881620.0,4413924.0,662639.0,662639.0,1862002.0,-13363435.0,5227245.04,4328787.04,0.7097488584541275,6.661129212135115,0.0,0.0,0.024147407442893003,0.7097488584541275,0.03716901356516894,3.45107164384656,7.202244536912012,1.0708012995685858,0.0,0.5090381213339191,0.0,0.27319665260948306,3.383252419492363,0.03272664570684739,-61.961346087739884,0.3742345707621381,0.0,0.290931981436551,-0.0027955614633454937,2.1116187388877,-0.15067485361190525,-0.06995161257252988,-0.30704429994950694,-0.36938091134567663,0.060614739957613566,0.10182442910889608,Medical Devices,Healthcare,BMRA
2012Q2,2012,Q2,2012-01-17,2011-11-30,195092.0,1616606.0,194086.0,0.03,667404.0,0.412842708736699,5074782.0,4652656.0,4013565.0,422126.0,422126.0,1669264.0,-13544880.0,3296802.7199999997,2342576.7199999997,0.6774062841103213,9.507978660399976,0.0023137939718395786,0.0025237197850002235,,0.6774062841103213,0.04193131836955064,2.0393359420910224,4.224676972915342,0.7085851006392907,0.0,0.5686350391549809,0.0,0.31855673800372114,4.970506436466837,0.03844342476189125,-79.28437112212015,0.412842708736699,0.4999999999999999,0.5822465784389403,0.04764656021341834,2.2462213848831656,0.2923641757403359,0.6562415104591144,0.660259535846571,2.8276380534327825,0.3922546302303277,0.130271640513951,Medical Devices,Healthcare,BMRA
2012Q1,2012,Q1,2011-10-17,2011-08-31,117792.0,1407665.0,116901.0,0.02,516421.0,0.3668635648396458,4971275.0,4447715.0,3878714.0,523560.0,523560.0,1735059.0,-13739972.0,3090752.5500000003,2093761.5500000003,0.6475677743920327,7.408346703338681,0.0047601470447722165,0.005320484788256442,,0.6475677743920327,0.026483711298947887,2.195659158961827,6.559767535146699,0.6949079583561447,0.0,0.5136678349266509,0.0,0.2831597527797195,3.6023130109252044,0.02369452504639152,70.96857821864022,0.3668635648396458,0.42857142857142855,0.5730342440518893,0.052534750291659986,2.323078202527898,0.5333848003919415,0.22581249414629578,8.57572419156244,-0.1977317855219016,0.13035009180001766,0.05114178839047961,Medical Devices,Healthcare,BMRA
2011Q4,2011,Q4,2011-05-31,2011-05-31,96093.0,1214921.0,-15431.0,0.014,336785.0,0.2772073245914755,4955378.0,4330363.0,3886433.0,625015.0,625015.0,1785525.0,-13857764.0,3090752.5500000003,2136872.5500000003,0.6304818384765225,6.218143564554451,0.007141735706135839,0.00817252502850223,,0.6304818384765225,0.022190518439216298,2.5439946712584605,8.041045003278073,0.7137398296632407,0.0,0.491808291678918,0.0,0.24517221491478552,2.778085325952177,0.019391658920873443,17.26436279849183,0.2772073245914755,0.4,-0.38830564000685736,-0.2862142140092851,2.5103674140467316,-0.3257274079590934,0.309115431249404,-1.2113401355885778,-0.8678648400932123,-0.11601656964940009,0.06928716475463637,Medical Devices,Healthcare,BMRA
2011Q3,2011,Q3,2011-02-28,2011-02-28,73403.0,1345900.0,73015.0,0.01,499479.0,0.3711115238873616,4857695.0,4142219.0,3856515.0,643621.0,715476.0,1835337.0,-13953857.0,3263811.11,2406698.11,0.6218764633104028,5.991903620298281,0.009664871919706775,0.011334263108734715,,0.6218764633104028,0.017720695115347594,2.4250026822200756,11.116068518997862,0.7879378444258982,0.0,0.46118015383550814,0.0,0.2770655629882074,2.947740984212759,0.01511066462591826,-57.970748476936464,0.3711115238873616,485.79963503649634,1.141097045364613,0.1648930937867371,3.1918654337388888,0.6619108619341529,534.7883211678832,1.4110857754131125,-0.4506316249719254,0.005385631289339306,0.30986844894100785,Medical Devices,Healthcare,BMRA
2011Q2,2011,Q2,2010-11-30,2010-11-30,137.0,1160842.0,-177615.0,2.0542332574366617e-05,300545.0,0.2589025896719795,4784058.0,4061858.0,3776595.0,710416.0,722200.0,1815000.0,-14027260.0,2597727.21,1684005.21,0.6098117669560846,5.3160331411454695,0.012201984173268803,0.014371501908732407,,0.6098117669560846,3.372840704918783e-05,2.23779567762021,4740.378120437957,0.6395416112527814,0.0,0.47399283746556475,0.0,0.24264797793003345,2.600024492691606,2.863677656081929e-05,15.240316630585916,0.2589025896719795,1.0112283907732078,-0.9343614286984708,-0.5816584284527372,2.3196715939099857,-0.2269535469931581,1.011242409322173,-13.522894521668029,-0.9628425546440379,0.028923020735674706,0.3380010803043356,Medical Devices,Healthcare,BMRA
2011Q1,2011,Q1,2010-08-31,2010-08-31,-12186.0,1177712.0,-12230.0,-0.00182949925677531,388780.0,0.3301146630075944,4873190.0,4050144.0,3947865.0,799417.0,823046.0,1876324.0,-14027397.0,2664335.6,1920925.6,0.6080531296432776,4.9384301309579355,0.014253291991488122,0.017149760601104555,,0.6080531296432776,-0.003008781909976534,2.262298083062752,-54.65976530444773,0.6578372522063414,0.0,0.42046682769073995,0.0,0.24167167707394951,2.3176677503730843,-0.0025006207432913554,-11.547367280512805,0.3301146630075944,0.9271696155742313,-1.1660545544433516,-0.5619061330135474,2.2895269475128006,-0.1419307991621918,0.9271642718817988,0.9309877832011962,-1.0123003019144012,-0.21458266208760685,0.3423994626885802,Medical Devices,Healthcare,BMRA
2010Q4,2010,Q4,2010-08-30,2010-05-31,-167308.0,1397146.0,-177215.0,-0.02512,453087.0,0.3242946692757951,5015200.0,4062896.0,4093318.0,916880.0,952304.0,1790567.0,-14015211.0,2930769.16,1956062.1600000001,0.6099676031803201,4.464398830817555,0.0160510049449673,0.01981320713107104,-0.03968677901878936,0.6099676031803201,-0.041179493641973604,2.0976828191184027,-4.379302185191384,0.7213497859654788,0.0,0.5272402540647739,0.0,0.27858230977827403,2.2609807172149026,-0.03336018503748604,-46.27627676372134,0.3242946692757951,-2.256,-1.6911554575730412,-0.5326701098133805,2.3327243710213965,-0.11975109087164822,-2.252071094480823,-2.552134880665645,-1.4980285148860877,-0.3600999891734079,1.0718200946274843,Medical Devices,Healthcare,BMRA
2010Q3,2010,Q3,2010-04-14,2010-02-28,133625.0,1429675.0,114175.0,0.02,514726.0,0.3600300767656985,5118583.0,4222214.0,4182723.0,787335.0,896369.0,1957705.0,-13847903.0,2930769.16,1892097.1600000001,0.6338862116318981,5.312507382499191,0.008658060248314817,0.010496152018822353,0.026468880895483913,0.6338862116318981,0.03164808794627653,2.0499548219000823,5.483197680074836,0.6941308896233114,0.0,0.46735795229618354,0.0,0.2793106998557999,2.6766598715921432,0.026105857812601652,-11.173859116696152,0.3600300767656985,1.4000000000000001,0.5997721912248553,-0.4733732698456305,3.2880203280280385,1.3773006276643405,1.437102968211288,1.3728784222025545,-0.018305396092248596,-0.028074509482385143,1.779028371714992,Medical Devices,Healthcare,BMRA
2010Q2,2010,Q2,2010-01-19,2009-11-30,-305706.0,1099880.0,-306199.0,-0.05,216517.0,0.19685511146670545,4910108.0,4077977.0,3997900.0,733457.0,832131.0,1948234.0,-13981528.0,2521163.58,1161370.58,0.6146492327165856,5.4507626213943015,0.008880456397293094,0.010692556627955478,-0.07429163711692188,0.6146492327165856,-0.0749651113775286,2.2922169509401025,-2.061755068595317,0.6182387934017284,0.0,0.45341729997525965,0.0,0.22400321948111937,2.648449738703155,-0.06226054498190264,-8.76262027401831,0.19685511146670545,-43.587307789261416,-2.850657972447293,-0.559022377794145,3.4475508286404883,-0.4248254023913696,-39.5311318376607,-65.88641661368933,-3.5666872962838094,-0.26211241342278546,1.9454812130465269,Medical Devices,Healthcare,BMRA
2010Q1,2010,Q1,2009-10-16,2009-08-31,7934.0,1148521.0,4719.0,0.0011740587183256448,376437.0,0.32775804708838585,5163146.0,4358857.0,4536929.0,734692.0,804289.0,2057665.0,-13675822.0,2785036.38,1135785.38,0.6573414814782419,6.175280253493981,0.008311599168413987,0.009845241539238382,0.001072068492431796,0.6573414814782419,0.0018202019474371377,2.4248893838249366,87.7563769851273,0.6389373131534254,0.0,0.37522337212325624,0.0,0.22244596608346925,3.0379015968596366,0.0015366600131005398,400.3790080506038,0.32775804708838585,-0.8010069968939585,1.1372569664899168,-0.543890358967263,3.3124402861661606,-0.12396003751428313,-0.7998486377396569,1.7339035769828928,-0.890255006352597,-0.11049946937058468,2.3732332507876217,Medical Devices,Healthcare,BMRA
2009Q4,2009,Q4,2009-08-31,2009-05-31,39640.0,1246247.0,-6430.0,0.0059,429703.0,0.34479762037541517,5152072.0,4347986.0,4554671.0,723559.0,804086.0,1999463.0,-13683756.0,4575416.909999999,3160120.909999999,0.6557020702185585,6.294816317674163,0.01563002225124183,0.018520528814950185,-0.008533058849767398,0.6557020702185585,0.009116864681717006,3.6713564084808223,28.856060229566094,1.0523071854417194,0.0,0.40838165047315206,0.0,0.24189238814985506,3.22916444961641,0.0076939918541511065,58.29299159128551,0.34479762037541517,-0.8524999999999999,-0.23762408765867438,-0.5236821097891357,3.072105000890032,-0.36266365280021123,-0.8567629289162547,-1.030032554728843,-0.7386355534562762,-0.24160733743941734,2.650787445646495,Medical Devices,Healthcare,BMRA
2009Q3,2009,Q3,2009-04-14,2009-02-28,276744.0,1373604.0,214101.0,0.04,674217.0,0.49083797076886787,5273571.0,4261396.0,4699221.0,921876.0,1012175.0,2081945.0,-13723396.0,3373881.0300000003,1979031.0300000003,0.6441578528333585,5.097454538354399,0.025452013445917385,0.03149742478755788,0.06157212771578803,0.6441578528333585,0.06494209878640708,2.456225396839264,3.04783575253664,0.7917314021039116,0.0,0.3359296235011011,0.0,0.2604694238496078,2.6679141229406125,0.052477533724301806,-22.21500079012866,0.49083797076886787,3.0,2.809060919987305,-0.5154274273385859,2.8013278854926313,1.0258072076294869,3.6864176438611476,2.9959075230726206,7.127745645760316,0.19702762262901782,3.342056978309904,Medical Devices,Healthcare,BMRA
2009Q2,2009,Q2,2009-01-14,2008-11-30,-103016.0,1120575.0,-107270.0,-0.02,332814.0,0.29700287798674785,5040746.0,3972588.0,4439599.0,979747.0,1068158.0,1993114.0,-14000146.0,3049052.96,1351235.96,0.5993305147444864,4.531372895247446,0.00034300478540279553,0.0004352326493459679,-0.02516726102205296,0.5993305147444864,-0.02593171000868955,2.720971786805881,-7.399464549196242,0.7675230756373428,0.0,0.3952413158504732,0.0,0.22230340509123053,2.412941300151978,-0.020436657589967835,-18.89854194300165,0.29700287798674785,-2.0,0.21297971621162154,-0.5715630640899796,2.83753985714683,-0.37573457831031515,-1.7315853762463427,-1.7284493881486913,-50.59809948044879,-0.5941919665371103,2.262614126145585,Medical Devices,Healthcare,BMRA
2009Q1,2009,Q1,2008-10-15,2008-08-31,140812.0,1194345.0,147258.0,0.02,533129.0,0.44637772168008405,5153517.0,4058066.0,4562157.0,993930.0,1095451.0,1954502.0,-13897126.0,6521242.86,4715138.86,0.6160612978612485,4.590018411759379,0.01032324139029715,0.013109939562343244,0.032899647135205594,0.6160612978612485,0.03469928778881368,5.460099770166912,11.577924573189785,1.6069829470491608,0.0,0.3383040795046513,0.0,0.23175338317502397,2.500386345114847,0.02732347637545389,387.4082373908394,0.44637772168008405,-0.7999999999999999,1.5608535996599833,-0.5211015252490179,2.43912441167256,-0.031090295800347487,-0.79810626046661,-0.13031307028578515,0.9402738994948676,-0.5507463381478852,2.3328506043923984,Medical Devices,Healthcare,BMRA
2008Q4,2008,Q4,2008-05-31,2008-05-31,697456.0,1318097.0,169323.0,0.1,550236.0,0.4174472743659989,5107711.0,3883948.0,4538134.0,1109198.0,1223763.0,1764202.0,-14037936.0,6916469.7,5108770.7,0.5896281740379777,4.091365112450617,0.019600952363984573,0.02577686415987032,0.04669529250192269,0.5896281740379777,0.1795739798782064,5.247314651349635,2.479177790426923,1.7807832906104821,0.0,0.43524551043474613,0.0,0.25806021523144124,2.377451996848173,0.136549620759671,-11.563199057084821,0.4174472743659989,4.0,4.017741041950501,-0.5500901850150662,2.064696330192621,0.11582802528395783,4.631730241271277,0.43483124168495624,1.9134636603123343,-0.5541765628654102,2.2215943522434842,Medical Devices,Healthcare,BMRA
2008Q3,2008,Q3,2008-02-29,2008-02-29,123844.0,1240809.0,118009.0,0.02,493119.0,0.39741733014509084,4131846.0,2931097.0,3262047.0,1072378.0,1200749.0,1679232.0,-14735393.0,8643343.799999999,8129245.799999999,0.47476253345377745,3.04188168724088,0.07458821069323493,0.10514391028341949,0.03992415464813918,0.47476253345377745,0.042251757618393386,6.965893864406205,17.44804713995026,2.948842634685921,0.0,0.4452571175394466,0.0,0.30030378673358105,1.387935970338817,0.029973043525823567,-1432.2027837613916,0.39741733014509084,42.65256700416914,5.036068491304331,-0.5387732932208961,1.483733203372779,0.013926299383566432,35.880285884455034,17.842248123902284,0.5996338282678014,-0.5068878595646652,2.2116038447892397,Medical Devices,Healthcare,BMRA
2008Q2,2008,Q2,2008-01-14,2007-11-30,3358.0,1027534.0,6263.0,0.0004581632048829992,486346.0,0.4733137784248502,4078258.0,2764867.0,3377150.0,1175335.0,1313391.0,1668990.0,-14859238.0,9342339.16,8858578.16,0.4557632844492021,2.8733510020547333,0.07945647381798797,0.11720057420483516,0.0020264411254626875,0.4557632844492021,0.001214524966300368,9.092000031142522,695.5285259082788,3.3789470379587883,0.0,0.324260780472022,0.0,0.25195414316602827,1.252683702944267,0.0008233907712557665,-28.550112643860817,0.4733137784248502,-0.996475667654746,1.017236442028533,-0.5841337131813231,1.4156201463511355,-0.19538286425210608,-0.9962073039329739,-0.970790562315488,1.0462587819964115,-0.5494427661100164,2.297865295392994,Medical Devices,Healthcare,BMRA
2008Q1,2008,Q1,2007-08-31,2007-08-31,885386.0,1340065.0,214417.0,0.13,604444.0,0.45105573237119095,3962700.0,2696348.0,3313892.0,1201706.0,1266352.0,1442498.0,-14862598.0,8929095.0,8099079.0,0.45295990243132145,2.7576561987707477,0.03976253564488859,0.05843718985828239,0.0730523808606268,0.45295990243132145,0.32836488465138775,6.663180517362964,2.5212435593063365,3.3115514021187176,0.0,0.5099632720461311,0.0,0.33816968228732935,1.4420290819884398,0.2234299846064552,18.916451990136178,0.45105573237119095,2.095238095238095,6.763509515246424,-0.4344639510816538,-0.2618273510952107,-0.3101836371127056,1.9490552148874019,-0.1929410524810202,18.06240507878311,-0.4071817379111416,1.9716100174751876,Medical Devices,Healthcare,BMRA
2007Q4,2007,Q4,2007-05-31,2007-05-31,300227.0,1951268.0,265677.0,0.042,876239.0,0.4490613283259911,3224508.0,1752552.0,2610347.0,1411503.0,1471956.0,1461713.0,-15747980.0,4762184.0,4421728.0,0.29441147171129883,1.8493386128120166,0.053423343964412555,0.09829323181280784,0.13296246929028604,0.29441147171129883,0.17130846902117597,2.440558652117495,3.965486115505934,2.7172854214882074,0.0,0.7354583286869584,0.0,0.6051366596082255,0.7241918720682846,0.09310784777088474,10.459717804993762,0.4490613283259911,1.1,5.515841250425133,-0.1758586359090186,-0.5310625240425267,0.8431421629978649,1.4736508198072011,1.7745206566690337,5.43206855374911,-0.16924093710136484,0.8283828597267743,Medical Devices,Healthcare,BMRA
2007Q3,2007,Q3,2007-02-28,2007-02-28,121370.0,1311609.0,95756.0,0.02,475405.0,0.36245939148023537,2806736.0,1354713.0,2213433.0,1446511.0,1452023.0,1411066.0,-15992470.0,3682312.68,3859813.68,0.22809634406168897,1.5301874648723721,0.0849670221923259,0.17603728612628652,0.05618951650363519,0.22809634406168897,0.08959093180622021,2.8074774418290818,7.584890582516272,2.718149659743429,0.0,0.592604456488924,0.0,0.46730757719999316,0.5146265738732716,0.043242399712691185,-277.9943137550959,0.36245939148023537,0.0,4.86988435738958,-0.5123206457930753,-0.632173404490982,-0.08296972713138819,0.14018112129866225,-0.16851766626433837,0.8607227650508509,-0.4846143947192366,0.34605048971579916,Medical Devices,Healthcare,BMRA
2007Q2,2007,Q2,2006-11-30,2006-11-30,106448.0,1332176.0,115163.0,0.02,518418.0,0.38915128331391646,2658747.0,1237357.0,2043983.0,1414758.0,1421390.0,1214315.0,-16113840.0,,,,,,,,,,,,,,,,,,,,,,,,,,,,,,,Medical Devices,Healthcare,BMRA
2007Q1,2007,Q1,2006-08-31,2006-08-31,64572.0,1153266.0,44195.0,0.01,375651.0,0.32572797602634607,2548966.0,1154152.0,1913455.0,1387265.0,1394814.0,1171000.0,-16220288.0,,,,,,,,,,,,,,,,,,,,,,,,,,,,,,,Medical Devices,Healthcare,BMRA
