Quarters,Year,Quarter,FillingDate,Date,NetIncome,Revenue,OperatingIncome,EPSDiluted,GrossProfit,GrossProfitRatio,TotalAssets,CommonStockEquity,CurrentAssets,CurrentLiability,TotalLiability,Inventory,RetainedEarnings,MarketCap,EnterpriseValue,bookValuePerShare,currentRatio,debtToAssets,debtToEquity,roic,shareholdersEquityPerShare,roe,priceToSalesRatio,peRatio,pbRatio,payoutRatio,inventoryTurnover,dividendYield,assetTurnover,quickRatio,returnOnAssets,priceToFreeCashFlowsRatio,grossProfitMargin,epsdilutedGrowth,fiveYNetIncomeGrowthPerShare,fiveYRevenueGrowthPerShare,fiveYShareholdersEquityGrowthPerShare,grossProfitGrowth,netIncomeGrowth,operatingIncomeGrowth,threeYNetIncomeGrowthPerShare,threeYRevenueGrowthPerShare,threeYShareholdersEquityGrowthPerShare,Industry,Sector,Symbol
2023Q1,2023,Q1,2023-05-04,2023-03-31,-1697000.0,18721000.0,-987000.0,-0.5,4895000.0,0.2614710753,50758000.0,19007000.0,37905000.0,25409000.0,31751000.0,22829000.0,-23249000.0,48406523.25,55155523.25,5.5953150900999695,1.4917942461332598,0.18858111036683872,0.5036039353922239,-0.04291733180277295,5.5953150900999695,-0.0892828957752407,2.5856804257251214,-7.131190814672952,2.546773465039196,0.0,0.6056331858600902,0.0,0.3688285590448796,0.535755047424141,-0.03343315339453879,-1423.7212720588236,0.26147107526307356,-11.853470437017997,-14.510359604613647,5.453314007019211,1.483257384135094,0.11073292489221692,-1.5712121212121213,0.36973180076628354,-4.261832428464563,5.354369598270382,2.2459932192142524,Communication Equipment,Technology,BKTI
2022Q4,2022,Q4,2023-03-16,2022-12-31,-660000.0,20339000.0,-1566000.0,-0.0389,4407000.0,0.2166773194,48832000.0,20135000.0,36217000.0,22970000.0,28697000.0,22105000.0,-21979000.0,281768400.0,288580400.0,1.1862259926947096,1.5767087505441881,0.1787762123197903,0.433573379687112,-0.03454326907410529,1.1862259926947096,-0.032778743481499874,13.85360145533212,-106.73045454545455,13.993960764837349,-0.7727272727272727,0.7207419135942095,0.0018099971465927334,0.4165096657929227,0.5456682629516761,-0.01351572739187418,-96.06832594613024,0.21667731943556715,0.7221428571428572,0.8755034800927582,0.7411551391408443,-0.49259161852147126,0.9665327978580991,0.7162510748065348,0.3450439146800502,0.6243884616412843,1.0595079660248115,-0.35556677789892577,Communication Equipment,Technology,BKTI
2022Q3,2022,Q3,2022-11-04,2022-09-30,-2326000.0,11917000.0,-2391000.0,-0.14,2241000.0,0.1880506839,49038000.0,20993000.0,37456000.0,22824000.0,28045000.0,26332000.0,-21018000.0,204253356.3,207736356.3,1.2384895630721149,1.6410795653697863,0.15328928585994536,0.3580717381984471,-0.07494248400379518,1.2384895630721149,-0.11079883770780737,17.139662356297727,-21.953284211092004,9.729593497832612,-0.21840068787618228,0.3674616436275254,0.002487107233889796,0.2430156205391737,0.41241675429372593,-0.047432603287246626,-113.72681308463252,0.18805068389695392,0.5172413793103448,-4.125481689826868,-0.1879103341317395,-0.5418076113269442,0.2991304347826087,0.5287682333873582,0.3502717391304348,-8.320265803399781,-0.24387247909551232,-0.3714593436297602,Communication Equipment,Technology,BKTI
2022Q2,2022,Q2,2022-08-11,2022-06-30,-4936000.0,12111000.0,-3680000.0,-0.29,1725000.0,0.1424324994,47925000.0,23711000.0,36203000.0,18820000.0,24214000.0,22498000.0,-18105000.0,223504723.25,224796723.25,1.4056559764447842,1.923645058448459,0.15015127803860198,0.30348783265151197,-0.12546499875291195,1.4056559764447842,-0.208173421618658,18.454687742548096,-11.320133876114264,9.42620400868795,-0.10251215559157212,0.4616410347586452,0.0022639342589374114,0.2527073552425665,0.6600956429330499,-0.10299426186750131,-93.87010636287275,0.14243249938072827,-0.11538461538461527,-4.060533470229477,-0.08034611676971169,-0.473063598415515,0.171875,-0.11371841155234658,-0.06852497096399536,-14.069481370591395,-0.3130194555121196,-0.2913720095970586,Communication Equipment,Technology,BKTI
2022Q1,2022,Q1,2022-05-12,2022-03-31,-4432000.0,6585000.0,-3444000.0,-0.26,1472000.0,0.2235383447,47119000.0,28837000.0,34749000.0,13036000.0,18282000.0,21091000.0,-12757000.0,214821906.75,213336906.75,1.7115188835367694,2.665618287818349,0.10339778008871156,0.16894961334396782,-0.1067819478481152,1.7115188835367694,-0.15369143808301836,32.622916742596814,-12.117661707468411,7.449523416097375,-0.11394404332129963,0.24242567919965863,0.00235078445974179,0.13975254143763663,0.8530223995090519,-0.09405972113160296,-59.017007348901096,0.22353834472285497,-13.444444444444446,-1.912371096249647,-0.25652626341428636,-0.3214558662983354,-0.6833727683372768,-13.627062706270626,-8.422413793103448,-1.5469764692942967,-0.34750724754097734,-0.15593334676443651,Communication Equipment,Technology,BKTI
2021Q4,2021,Q4,2022-03-17,2021-12-31,-303000.0,12838000.0,464000.0,-0.018,4649000.0,0.3621280573,50385000.0,32618000.0,37421000.0,12187000.0,17767000.0,16978000.0,-8821000.0,202689410.0,197167410.0,1.9392390011890606,3.070566997620415,0.10038701994641262,0.15506775400085843,0.011602297484650427,1.9392390011890606,-0.009289349438960084,15.788238822246456,-167.2354867986799,6.214035501870133,-1.108910891089109,0.4823300742136883,0.0016577087081165217,0.25479805497667957,1.543365881677197,-0.006013694551949985,-63.77892070484582,0.36212805732980213,0.9357142857142856,-3.6890212221475465,0.4505705055696286,-0.25556076470818556,0.12348960850652489,0.8819173811379579,2.254054054054054,0.8230245098212174,-0.05321974143611261,-0.07327720508275375,Communication Equipment,Technology,BKTI
2021Q3,2021,Q3,2021-11-12,2021-09-30,-2566000.0,12626000.0,-370000.0,-0.28,4138000.0,0.3277364169,53134000.0,33244000.0,39655000.0,14043000.0,19890000.0,15981000.0,-8013000.0,237234403.5,228376403.5,1.9793566745474165,2.82382681763156,0.0984115632175255,0.15729154133076645,-0.01651265531723016,1.9793566745474165,-0.07718686078690891,18.789355575795977,-23.113250535853467,7.136157005775479,-0.13055339049103662,0.5311307177273011,0.001412105474828401,0.23762562577633906,1.5476037883643097,-0.04829299506907065,-202.07359752981262,0.3277364169174719,-3.3333333333333335,-3.919861558949297,-0.29871017628489055,-0.26472178217429315,-0.017335549750653052,-2.5129716981132075,-0.005434782608695652,-4.168372311598882,-0.23819861932573314,-0.14957445821570056,Communication Equipment,Technology,BKTI
2021Q2,2021,Q2,2021-08-12,2021-06-30,1696000.0,11335000.0,-368000.0,0.12,4211000.0,0.3715041906,52491000.0,35027000.0,36773000.0,11899000.0,17464000.0,12036000.0,-6046000.0,213629267.25,203366267.25,2.5823954606107464,3.090427767039247,0.10283667676363567,0.15410968681302994,-0.00765802354555614,2.5823954606107464,0.048419790447369174,18.846869629466255,31.49016321491745,6.098988416079025,0.1479952830188679,0.5918909936856098,0.001174932644908934,0.21594178049570403,1.922094293638121,0.03231030081347279,-63.31632105809128,0.3715041905602117,5.838709677419354,0.2581113797955762,-0.3112396126484035,-0.03171372898168869,0.3601421188630491,3.4438040345821324,0.580387685290764,0.7868512905548789,-0.1718470416546524,0.11074752273578127,Communication Equipment,Technology,BKTI
2021Q1,2021,Q1,2021-05-13,2021-03-31,-694000.0,8564000.0,-877000.0,-0.0248,3096000.0,0.3615133115,36886000.0,21714000.0,23261000.0,10016000.0,15172000.0,10511000.0,-7742000.0,261613910.79999998,259383910.79999998,1.7347036272354062,2.3223841853035143,0.11204793146451228,0.19033803076356268,-0.013568284699714049,1.7347036272354062,-0.031960946854563875,30.548097944885566,-94.24132233429394,12.048167578520768,-0.36023054755043227,0.5202169156122157,0.000955606677166037,0.2321748088705742,1.0911541533546325,-0.018814726454481377,-263.7237004032258,0.3615133115366651,-1.31,-2.4839383956285657,-0.22164245793894077,-0.3316556567321221,-0.33576485732675393,-1.6516431924882629,-10.539473684210526,-0.72136898939204,-0.1988664995106595,-0.2301209990407726,Communication Equipment,Technology,BKTI
2020Q4,2020,Q4,2021-03-03,2020-12-31,1065000.0,10553000.0,-76000.0,0.08,4661000.0,0.441675353,37490000.0,22524000.0,24611000.0,9466000.0,14966000.0,9441000.0,-6797000.0,189662850.0,186392850.0,1.7991852384375748,2.5999366152545953,0.09485196052280608,0.15787604333155744,-0.0026606912550829753,1.7991852384375748,0.047282898241875336,17.97241068890363,44.52179577464789,8.420478156632925,0.2347417840375587,0.6240864315220845,0.0013181284579452434,0.28148839690584154,1.404183393196704,0.02840757535342758,265.26272727272726,0.4416753529801952,0.6,4.507524788736215,0.6649313851694882,-0.29081512356244366,-0.10365384615384615,0.5707964601769911,-1.072936660268714,1.272381396554132,0.22489361066106278,-0.2303981910379343,Communication Equipment,Technology,BKTI
2020Q3,2020,Q3,2020-11-12,2020-09-30,678000.0,12760000.0,1042000.0,0.05,5200000.0,0.407523511,34986000.0,21645000.0,22040000.0,7622000.0,13341000.0,8426000.0,-7611000.0,182574401.6,179867401.6,1.730894348991803,2.891629493571241,0.10501343394500658,0.16973896973896974,0.03627060794992484,1.730894348991803,0.03132363132363132,14.30833868338558,67.32094454277286,8.43494578886579,0.3687315634218289,0.8972228815570852,0.001369304775527743,0.36471731549762765,1.5952505903962215,0.019379180243525983,-631.7453342560553,0.40752351097178685,3.066115702479339,2.5084083667940065,0.8403933630222462,-0.3190589855859667,0.20147874306839186,3.2450331125827816,5.353658536585366,0.23490078604754414,0.17864452618975832,-0.35963722266824755,Communication Equipment,Technology,BKTI
2020Q2,2020,Q2,2020-08-05,2020-06-30,-302000.0,9937000.0,164000.0,-0.0242,4328000.0,0.4355439267,34610000.0,21160000.0,21457000.0,8011000.0,13450000.0,9527000.0,-8039000.0,211802233.65,208075233.65,1.6933815749681072,2.6784421420546747,0.09280554752961571,0.15179584120982986,0.006641893223868868,1.6933815749681072,-0.014272211720226843,21.314504744892826,-175.3329748758278,10.009557355860112,-0.8278145695364238,0.5887477694972184,0.0011803463811109814,0.28711355099682173,1.3134440144800898,-0.008725801791389771,92.57090631555944,0.43554392673845227,0.8386666666666667,-5.247335866055479,0.6543981927924611,-0.31611591216500146,0.11116816431322207,0.7466442953020134,1.1933962264150944,-1.252777793793057,0.018614111603951402,-0.36520428285731904,Communication Equipment,Technology,BKTI
2020Q1,2020,Q1,2020-05-13,2020-03-31,-1192000.0,10889000.0,-848000.0,-0.15,3895000.0,0.3577004316,35712000.0,21642000.0,22275000.0,8565000.0,14070000.0,10937000.0,-7485000.0,104207396.4,102552396.4,1.7237605602436872,2.6007005253940454,0.09215389784946236,0.1520654283337954,-0.04684461051186522,1.7237605602436872,-0.05507808890121061,9.569969363577924,-21.855578104026847,4.815053895203771,-0.21140939597315436,0.6394806619731188,0.002418254449354998,0.30491151433691754,1.1133683596030357,-0.03337813620071685,132.9175974489796,0.3577004316282487,-0.4999999999999999,-3.412612983102635,0.3824399275137731,-0.30316442890991124,0.6181969256335688,0.08938120702826585,0.6439966414777498,-0.051165613080130845,0.6498550082678405,-0.3166025643593078,Communication Equipment,Technology,BKTI
2019Q4,2019,Q4,2020-03-04,2019-12-31,-1309000.0,7357000.0,-2382000.0,-0.1,2407000.0,0.3271714014,37940000.0,23276000.0,23886000.0,9376000.0,14664000.0,13513000.0,-6043000.0,195997500.0,194702500.0,1.840727560300514,2.5475682593856654,0.08911439114391144,0.14525691699604742,-0.05712560503303058,1.840727560300514,-0.05623818525519849,26.640954193285307,-37.432677616501145,8.420583433579653,-0.19327731092436976,0.3663139199289573,0.0012908327912345822,0.19391143911439115,0.9215017064846417,-0.03450184501845018,-53.860263808738665,0.3271714013864347,-6.0,-6.902734978163912,0.46714286996436455,-0.24311551435300682,-0.5285938112025068,-6.5,-5.30741410488246,-16.452487664827135,0.1057307445095514,-0.293377548342177,Communication Equipment,Technology,BKTI
2019Q3,2019,Q3,2019-11-06,2019-09-30,238000.0,11805000.0,553000.0,0.02,5106000.0,0.4325285896,40869000.0,25017000.0,27938000.0,10790000.0,15852000.0,14450000.0,-4482000.0,213297386.4,207455386.4,1.970420768362495,2.5892493049119554,0.07298930729893073,0.11923891753607548,-0.2871348473940266,1.970420768362495,0.009513530799056641,18.068393595933927,224.05187647058824,8.5260977095575,1.0714285714285714,0.463598615916955,0.001195513945594225,0.2888497394112897,1.0839666357738647,0.005823484792874795,142.86496075016746,0.43252858958068613,2.0309278350515467,-0.6097705948056087,0.4645148111316826,-0.19441822742024395,-0.10436765479740397,1.9635627530364372,2.2916666666666665,-0.6417423052794352,-0.1326174017580494,-0.2680412330134448,Communication Equipment,Technology,BKTI
2019Q2,2019,Q2,2019-08-06,2019-06-30,-247000.0,13294000.0,168000.0,-0.0194,5701000.0,0.4288400782,40383000.0,25232000.0,27897000.0,10792000.0,15151000.0,13257000.0,-4467000.0,273482408.0,268719408.0,1.9836303328146796,2.5849703484062267,0.06567119827650249,0.10510462904248573,0.014612049658995836,1.9836303328146796,-0.009789156626506024,20.57186760944787,-276.804056680162,10.838713062777426,-1.0283400809716599,0.5727540167458701,0.0009287617505547195,0.3291979298219548,1.159006671608599,-0.00611643513359582,799.6561637426901,0.4288400782307808,0.806,-1.3942857493211573,0.5745436584901626,-0.17272799431460897,1.33935166187936,0.8125948406676783,1.0724762726488353,-1.1953797067495122,-0.13862637623985608,-0.25622467691850737,Communication Equipment,Technology,BKTI
2019Q1,2019,Q1,2019-05-08,2019-03-31,-1318000.0,7644000.0,-2318000.0,-0.1,2437000.0,0.3188121402,39891000.0,25877000.0,27291000.0,9671000.0,14014000.0,12162000.0,-3965000.0,265443630.4,260649630.4,2.0277058416844196,2.821941888119119,0.0688375824120729,0.1061174015535031,-0.05821464141893753,2.0277058416844196,-0.05093326119720215,34.72574965986394,-50.349702276176025,10.257898148935348,-0.19423368740515934,0.42813681960203914,0.0009644232171411712,0.19162217041437918,1.3013132044256024,-0.03304003409290316,-84.61703232387632,0.3188121402407117,0.0,-3.962051445766353,0.04294794609181311,-0.13688852440081178,-0.35733122362869196,0.02225519287833828,-4.098930481283422,-3.7642504259805274,-0.3185582608254867,-0.21876814700572123,Communication Equipment,Technology,BKTI
2018Q4,2018,Q4,2019-02-27,2018-12-31,-1348000.0,10676000.0,748000.0,-0.1,3792000.0,0.3551892094,39191000.0,27712000.0,30856000.0,9883000.0,11479000.0,11466000.0,-2393000.0,248306250.0,237038250.0,2.0925772106018274,3.122128908226247,0.0,0.0,0.019937043247176437,2.0925772106018274,-0.0486431870669746,23.258359872611464,-46.050862388724035,8.960242855080832,-0.19881305637982197,0.6003837432408861,0.0010793123411110273,0.27240948176877344,1.7190124456136802,-0.03439565206297364,107.21340673575129,0.3551892094417385,-3.0000000000000004,-54.33470965793249,0.78316590664048,-0.0926912887646394,-0.30587589236683144,-3.0738461538461537,-0.1480637813211845,-7.589917920325298,0.5922535561216129,-0.17516880483888342,Communication Equipment,Technology,BKTI
2018Q3,2018,Q3,2018-11-07,2018-09-30,650000.0,13302000.0,878000.0,0.05,5463000.0,0.4106901218,40239000.0,31374000.0,31085000.0,7443000.0,8865000.0,10688000.0,-789000.0,283748926.95,272399926.95,2.327489682864508,4.176407362622599,0.0,0.0,0.02727169595542638,2.327489682864508,0.02071779180212915,21.33129807171854,109.13420267307693,9.044078757888698,0.4169230769230769,0.733439371257485,0.0009550696910573814,0.3305748154775218,2.5199516324062876,0.016153482939436865,197.8723339958159,0.41069012178619757,-0.28571428571428575,0.27403964518511464,0.7633399868764638,0.007599813227307899,-0.07170773152081564,-0.3136219640971489,-0.34034560480841475,2.1203168996805326,0.7798435536124709,-0.08435590733131434,Communication Equipment,Technology,BKTI
2018Q2,2018,Q2,2018-08-01,2018-06-30,947000.0,13656000.0,1331000.0,0.07,5885000.0,0.4309461043,40492000.0,31463000.0,31358000.0,7984000.0,9029000.0,12781000.0,-1171000.0,250359723.0,239636723.0,2.3249166959655088,3.927605210420842,0.0,0.0,0.03238606659434516,2.3249166959655088,0.030098846263865494,18.33331304920914,66.09285190073918,7.957274354003115,0.28616684266103487,0.608011892653157,0.0010824424821719426,0.3372518028252494,2.2176853707414828,0.023387335770028647,69.48646211490424,0.4309461042765085,3.173913043478261,3.818175446514703,1.2108616243915988,0.022119298906523827,0.21666322100475502,3.1376975169300225,-0.2972544878563886,11.29780890740202,1.0993089853092,-0.06106600106200172,Communication Equipment,Technology,BKTI
2018Q1,2018,Q1,2018-05-09,2018-03-31,-443000.0,11746000.0,1894000.0,-0.0322,4837000.0,0.4117997616,40727000.0,30991000.0,31844000.0,8983000.0,9736000.0,15318000.0,-1846000.0,271643850.25,263585850.25,2.2532159275341446,3.544918178782144,0.0,0.0,0.049314628566881076,2.2532159275341446,-0.014294472588816108,23.126498403711903,-153.29788388826185,8.765249596657094,-0.6162528216704289,0.45103799451625537,0.0010049923815641396,0.2884081813047855,1.7550929533563397,-0.010877304981953004,-78.48709917653858,0.41179976162097737,0.8961290322580645,-2.0772348351486745,0.6354904947504284,-0.0032365843067584297,5.846693386773547,0.896398503274088,1.3825489800040396,-1.8184700777696954,0.3612438876015909,-0.08913044893510472,Communication Equipment,Technology,BKTI
2017Q4,2017,Q4,2018-03-06,2017-12-31,-4276000.0,9422000.0,-4951000.0,-0.31,-998000.0,-0.1059223095,42801000.0,32007000.0,36985000.0,10313000.0,10794000.0,14358000.0,-5450000.0,243015250.0,235868250.0,2.3378131619311957,3.5862503636187335,0.0,0.0,-0.11427655262608953,2.3378131619311957,-0.1335957759240166,25.79232116323498,-14.208094597754911,7.592565688755585,-0.06407857811038353,0.7257278172447416,0.0011275012576371236,0.22013504357374827,2.119169979637351,-0.09990420784561109,-115.88710061993324,-0.10592230948843133,-8.75,-13.590927180177456,0.6164133980095268,0.049125566667840515,-1.2614618810584228,-8.126666666666667,-32.53503184713376,-22.84290295504652,0.7353952902089401,-0.03872004159149671,Communication Equipment,Technology,BKTI
2017Q3,2017,Q3,2017-11-01,2017-09-30,600000.0,11831000.0,157000.0,0.04,3817000.0,0.3226269969,46156000.0,36939000.0,33228000.0,8765000.0,9217000.0,15235000.0,-901000.0,245987568.0,237049568.0,2.702990258434524,3.7909868796349118,0.0,0.0,0.0029931340935512637,2.702990258434524,0.016242995208316412,20.7917815907362,102.49482,6.6592914805490135,0.4583333333333333,0.5260255989497866,0.0011179426758672617,0.2563263714359997,1.9566457501426127,0.012999393361643123,248.72352679474216,0.32262699687262275,-0.6,-0.32725141158242815,0.4455972793019337,0.22686411861408662,-0.15064530485091232,-0.5447647951441578,-0.5589887640449438,-0.08603432884491613,0.36359320898998143,0.10508360377518579,Communication Equipment,Technology,BKTI
2017Q2,2017,Q2,2017-08-01,2017-06-30,1318000.0,10762000.0,356000.0,0.1,4494000.0,0.4175803754,43251000.0,36773000.0,30583000.0,6081000.0,6478000.0,14793000.0,-1227000.0,258469612.5,250979612.5,2.66760081903245,5.029271501397797,0.0,0.0,0.00828544093439533,2.66760081903245,0.03584151415440676,24.016875348448245,49.02686124810319,7.028787765480108,0.9423368740515933,0.4237139187453525,0.0048052070337668805,0.24882661672562484,2.45124157210985,0.03047328385470856,-698.5665202702703,0.417580375394908,2.107419712070875,0.03930938058405198,0.13370089676272123,0.24786605470743592,1.0089405453732678,2.0394321766561516,1.2951907131011609,0.9413876083633705,0.17618256123717138,0.11252154366765256,Communication Equipment,Technology,BKTI
2017Q1,2017,Q1,2017-05-09,2017-03-31,-1268000.0,7380000.0,-1206000.0,-0.0903,2237000.0,0.3031165312,42354000.0,35411000.0,27406000.0,6561000.0,6943000.0,14751000.0,-2270000.0,350973725.0,342648725.0,2.522339813329331,4.177107148300564,0.0,0.0,-0.031090386734778087,2.522339813329331,-0.03580808223433397,47.557415311653116,-69.19828962933754,9.91143218209031,-0.9739747634069401,0.3486543285201003,0.003518781925911975,0.17424564385890354,1.7700045724737083,-0.029938140435378003,-244.41067200557103,0.3031165311653117,-10.03,-2.048349933948607,0.6284118584854772,0.23225709830230248,-0.26074025115664246,-14.782608695652174,-4.505813953488372,-3.5904237763247466,-0.08468054414121709,0.0736569345959822,Communication Equipment,Technology,BKTI
2016Q4,2016,Q4,2017-03-01,2016-12-31,92000.0,7226000.0,344000.0,0.01,3026000.0,0.4187655688,42544000.0,35774000.0,29767000.0,6362000.0,6770000.0,13999000.0,240000.0,326158750.0,315248750.0,2.604966139954853,4.678874567745992,0.0,0.0,0.002764577626208978,2.604966139954853,0.002571700117403701,45.13683227234985,886.3009510869565,9.117201039861353,0.010869565217391304,0.30002143010215016,3.0659916375078085e-06,0.1698476871004137,2.2568374724929265,0.0021624670928920646,137.67781764457578,0.4187655687794077,-0.7999999999999999,-0.3283961541677117,0.23999021047902455,0.2560290314893956,-0.34657741308572665,-0.8720445062586927,-0.6820702402957486,2.510175489696352,0.16386364652327767,0.12947252759884653,Communication Equipment,Technology,BKTI
2016Q3,2016,Q3,2016-11-02,2016-09-30,719000.0,14730000.0,1082000.0,0.05,4631000.0,0.3143923965,43068000.0,36991000.0,29963000.0,5683000.0,6077000.0,13284000.0,1384000.0,366889252.74117,358268252.74117,2.6919832881770622,5.272391342600739,0.0,0.0,0.019401298470825803,2.6919832881770622,0.019437160390365225,24.907620688470466,127.56928120346662,9.918338318541537,1.7190542420027817,0.7602378801565793,0.003368864012138189,0.3420172750069657,2.614464191448179,0.01669452958112752,448.5198688767359,0.31439239646978956,-0.5,-0.22608739394814772,1.077330038385017,0.30469822446188577,-0.17170452512967269,-0.47326007326007324,-0.48328557784145176,0.3824737420552058,0.9154916999713077,0.1653937193998482,Communication Equipment,Technology,BKTI
2016Q2,2016,Q2,2016-08-03,2016-06-30,1365000.0,16664000.0,2094000.0,0.1,5591000.0,0.3355136822,45228000.0,36629000.0,32800000.0,8255000.0,8599000.0,15898000.0,1901000.0,349537592.434286,340457592.434286,2.6669751889541256,3.973349485160509,0.0,0.0,0.03712372567279715,2.6669751889541256,0.03726555461519561,20.975611643920185,64.01787407221356,9.542646330347157,0.0,0.6965027047427349,0.0,0.3684443265233926,1.816596002422774,0.030180419209339348,87.75736691797289,0.3355136821891503,1.5,2.5222123235792457,2.508977286119695,0.3374294467730093,0.46017236876469053,1.6608187134502923,1.7336814621409922,5.84308492315165,1.658299792431957,0.17250085349953792,Communication Equipment,Technology,BKTI
2016Q1,2016,Q1,2016-05-04,2016-03-31,513000.0,12069000.0,766000.0,0.04,3829000.0,0.3172590935,45809000.0,35638000.0,33763000.0,9832000.0,10171000.0,17024000.0,1772000.0,310310701.20000005,303965701.20000005,2.5955237666163993,3.433991049633849,0.0,0.0,0.014357260859195241,2.5955237666163993,0.014394747179976429,25.71138463832961,151.22353859649124,8.707298423031595,0.0,0.48402255639097747,0.0,0.26346351153703423,1.3826281529698943,0.011198672749896308,143.8621702364395,0.317259093545447,1.0,1.733597541996477,0.7685563055628346,0.26342066846800644,0.4046221570066031,1.419811320754717,1.7259786476868328,0.24959273577682642,0.6833475032656268,0.14819139324868172,Communication Equipment,Technology,BKTI
2015Q4,2015,Q4,2016-03-02,2015-12-31,212000.0,6949000.0,281000.0,0.02,2726000.0,0.39228666,39449000.0,34820000.0,28154000.0,4263000.0,4629000.0,16282000.0,1259000.0,270382513.725,265713513.72500002,2.536976320582878,6.6042692939244665,0.0,0.0,0.008597265477300343,2.536976320582878,0.006088454910970706,38.90955730680674,318.84730392099056,7.765149733630097,0.0,0.25936617123203537,0.0,0.17615148672970163,2.062162796152944,0.005374027225024716,-84.41539610521387,0.3922866599510721,0.0,1.1849829335090236,0.2724734925742365,0.20716955879305357,-0.21801491681009752,0.0,-0.06333333333333334,-0.37730024633532827,0.18919882287356343,0.1385027526133583,Communication Equipment,Technology,BKTI
2015Q3,2015,Q3,2015-11-04,2015-09-30,212000.0,7606000.0,300000.0,0.02,3486000.0,0.4583223771,40065000.0,34871000.0,31785000.0,4823000.0,5194000.0,13834000.0,1047000.0,301804712.0,293948712.0,2.541915250150236,6.590296495956873,0.0,0.0,0.006140959942112763,2.541915250150236,0.006079550342691635,39.67982014199316,355.90178301886795,8.65489122766769,0.0,0.2978169726760156,0.0,0.18984150755023088,2.5030064275347295,0.005291401472607014,-284.45307445805844,0.45832237707073364,1.0,0.6414769874395428,0.06058791948562408,0.16394998201647681,0.46163522012578617,1.7179487179487178,1.8037383177570094,-0.7632038024671562,-0.07419503104161339,0.1537535524724564,Communication Equipment,Technology,BKTI
2015Q2,2015,Q2,2015-08-10,2015-06-30,78000.0,6589000.0,107000.0,0.01,2385000.0,0.3619669146,37901000.0,33942000.0,33353000.0,3601000.0,3959000.0,12339000.0,835000.0,337895199.4,326217199.4,2.476123666408029,9.262149402943626,0.0,0.0,0.0016841784090991644,2.476123666408029,0.002298037829238112,51.281711853088474,1082.997433974359,9.955076288963525,0.0,0.34070832320285277,0.0,0.1738476557346772,4.1827270202721465,0.002057993192791747,352.70897640918577,0.36196691455456065,-0.75,-0.7735745831227818,-0.08403713522199505,0.14072719702729106,-0.3524300841705132,-0.8550185873605948,-0.8554054054054054,-0.9381460895541445,-0.3019795737135282,0.15829574219766787,Communication Equipment,Technology,BKTI
2015Q1,2015,Q1,2015-05-06,2015-03-31,538000.0,8577000.0,740000.0,0.04,3683000.0,0.4294042206,37651000.0,33819000.0,33130000.0,3476000.0,3832000.0,11550000.0,756000.0,416978798.0,406293798.0,2.473697715441158,9.531070195627157,0.0,0.0,0.015843984903084536,2.473697715441158,0.015908217274313255,48.61592608138044,193.76338197026024,12.329719920754604,0.0,0.4237229437229437,0.0,0.2278027144033359,4.7272727272727275,0.014289129106796632,-579.9426954102921,0.42940422058994987,4.0534351145038165,527.7640572650889,0.3071417427221848,0.1507953864275167,0.5513900589721988,4.005586592178771,5.966442953020135,2.328153603435014,0.9434070202795412,0.20849361882096312,Communication Equipment,Technology,BKTI
2014Q4,2014,Q4,2015-03-04,2014-12-31,-179000.0,5419000.0,-149000.0,-0.0131,2374000.0,0.4380882082,36986000.0,33233000.0,32405000.0,3541000.0,3753000.0,12112000.0,218000.0,327960000.0,316597000.0,2.4319795096963044,9.151369669584863,0.0,0.0,-0.005612207429678016,2.4319795096963044,-0.005386212499623868,60.52039121609153,-458.0446927374301,9.86850419763488,0.0,0.25140356671070013,0.0,0.14651489752879468,4.1313188364868685,-0.004839669063970151,717.636761487965,0.4380882081564864,-1.262,-1.5057756715495163,-0.0888372945951668,0.14011117958267671,-0.3734494589601478,-1.2728658536585367,-1.1442400774443369,-2.3132099421338648,-0.06546572478600554,0.17262056550909502,Communication Equipment,Technology,BKTI
2014Q3,2014,Q3,2014-11-12,2014-09-30,656000.0,8670000.0,1033000.0,0.05,3789000.0,0.4370242215,37639000.0,33402000.0,32127000.0,3975000.0,4237000.0,11684000.0,397000.0,352324476.744012,341441476.744012,2.445959970087847,8.082264150943397,0.0006110683068094264,0.000688581522064547,0.01956919629320527,2.445959970087847,0.019639542542362734,40.63719454948235,134.26999875915092,10.548005411173342,0.0,0.41775077028414925,0.0,0.23034618347990116,3.8875471698113206,0.017428730837694945,204.12773855388875,0.4370242214532872,0.0,-0.3050429519304196,0.026818447818780716,0.1590153921988545,-0.022697962342017024,-0.023809523809523808,-0.004816955684007707,-0.28949448076265527,0.2303323342343676,0.1854604165241613,Communication Equipment,Technology,BKTI
2014Q2,2014,Q2,2014-08-12,2014-06-30,672000.0,9057000.0,1038000.0,0.05,3877000.0,0.4280666887,36407000.0,32718000.0,30720000.0,3455000.0,3689000.0,10284000.0,-258000.0,263348968.854975,254186968.854975,2.3977969992726287,8.891461649782924,0.0,0.0,0.020718795495458412,2.3977969992726287,0.02053915275994865,29.07684319918019,97.97208662759486,8.049054613820374,0.0,0.5036950602878257,0.0,0.24877084077237893,4.462228654124457,0.018457988848298405,241.16205939100274,0.4280666887490339,0.6666666666666669,-0.6619917013893905,-0.09866562222016818,0.1752264542589107,0.23235855054036872,0.4147368421052632,0.73,1.7542991292570351,0.9196295157260265,0.2024425002126763,Communication Equipment,Technology,BKTI
2014Q1,2014,Q1,2014-05-13,2014-03-31,475000.0,7824000.0,600000.0,0.03,3146000.0,0.4020961145,35441000.0,32005000.0,29615000.0,3285000.0,3436000.0,10865000.0,-930000.0,214565715.0,206523715.0,2.349297743118,9.015220700152208,0.0,0.0,0.014816736465626082,2.349297743118,0.014841431026402124,27.424043328220858,112.92932368421052,6.704131073269802,0.0,0.4305568338702255,0.0,0.2207612652013205,4.134246575342465,0.013402556361276487,-214565.715,0.4020961145194274,14.789473684210526,1.5307560046195483,0.9385968007769746,0.2407895783532859,0.24692826000792706,17.26923076923077,299.0,1.6846090809328862,0.15554001444353602,0.143565458046216,Communication Equipment,Technology,BKTI
2013Q4,2013,Q4,2014-03-05,2013-12-31,26000.0,6159000.0,2000.0,0.0019,2523000.0,0.4096444228,34023000.0,31420000.0,28120000.0,2456000.0,2603000.0,11575000.0,-1405000.0,229551257.00000003,221606257.00000003,2.306356353343776,11.449511400651465,0.0,0.0,0.0008274984086569065,2.306356353343776,0.0008274984086569065,37.270864913135256,2207.223625,7.3058961489497145,0.0,0.31412526997840173,0.0,0.18102460100520237,4.392915309446254,0.000764188931017253,772.8998552188554,0.4096444227959084,-0.9525,1.073973209868058,0.6954692162899054,0.17856453035832195,-0.2289119804400978,-0.9494163424124513,-0.9973924380704041,1.0228560792081511,0.13623776457179484,0.09743364922140546,Communication Equipment,Technology,BKTI
2013Q3,2013,Q3,2013-11-13,2013-09-30,514000.0,7600000.0,767000.0,0.04,3272000.0,0.4305263158,34159000.0,31370000.0,27600000.0,2665000.0,2789000.0,11444000.0,-1431000.0,179262217.2,171632217.2,2.309934611251701,10.356472795497186,0.0,0.0,0.016385081287854635,2.309934611251701,0.01638508128785464,23.58713384210526,87.18979435797665,5.714447472107109,0.0,0.37818944425026213,0.0,0.2224889487397172,4.2825515947467165,0.01504727890160719,98.17207951807228,0.4305263157894737,3.0,0.5054667755809321,0.2956061052592634,0.165099084216676,0.20426941479573058,1.6091370558375635,1.029100529100529,3.0202268459236934,0.07051424318888175,0.057725409636197066,Communication Equipment,Technology,BKTI
2013Q2,2013,Q2,2013-08-12,2013-06-30,197000.0,6191000.0,378000.0,0.01,2717000.0,0.4388628654,33599000.0,30853000.0,26842000.0,2651000.0,2746000.0,12873000.0,-1945000.0,198036137.4,192232137.4,2.2746040491092714,10.125235760090533,0.0,0.0,0.005901159033406856,2.2746040491092714,0.006385116520273555,31.987746309158457,251.31489517766497,6.418699555958901,0.0,0.26986716383127474,0.0,0.18426143635227238,3.5201810637495283,0.005863269740170839,157.92355454545455,0.43886286544984654,-0.6666666666666666,1.751355677607504,-0.02911384933582466,0.16263452256826783,-0.16012364760432768,-0.5135802469135803,-0.24248496993987975,-0.4220765641589278,-0.13025353960486943,0.047888979249300814,Communication Equipment,Technology,BKTI
2013Q1,2013,Q1,2013-05-08,2013-03-31,405000.0,7073000.0,499000.0,0.03,3235000.0,0.457373109,34475000.0,30620000.0,27934000.0,3750000.0,3855000.0,13480000.0,-2142000.0,145613931.5,141097931.5,2.2605323310015843,7.449066666666667,0.0,0.0,0.01377891017782802,2.2605323310015843,0.013226649248856956,20.587294146755266,89.88514290123457,4.755517031352057,0.0,0.2847181008902077,0.0,0.20516316171138507,2.5365333333333333,0.011747643219724439,-70.5152210653753,0.45737310900607947,0.1999999999999999,1.2947216634118275,0.9928427674712893,0.14443686687175075,0.18541590326126786,0.20535714285714285,2.2193548387096773,400.7485741740308,0.08795417229311855,0.05162816020264193,Communication Equipment,Technology,BKTI
2012Q4,2012,Q4,2013-03-05,2012-12-31,336000.0,5767000.0,155000.0,0.025,2729000.0,0.4732096411,33960000.0,30184000.0,27332000.0,3695000.0,3776000.0,13345000.0,-2547000.0,113782048.80000001,107219048.80000001,2.2283444767783087,7.39702300405954,0.0005300353356890459,0.0005963424330771269,0.01105377636733176,2.2283444767783087,0.011131725417439703,19.72985066759147,84.65926250000001,3.7696146567718,0.0,0.227650805545148,0.0,0.16981743227326265,2.339106901217862,0.009893992932862191,326.9599103448276,0.47320964106121033,-0.6428571428571429,1.8084886896384145,0.25017601815625357,0.07399493252085766,-0.3224925521350546,-0.6199095022624435,-0.8888888888888888,-0.04223413564300866,-0.021767903235194508,0.044647144355881054,Communication Equipment,Technology,BKTI
2012Q3,2012,Q3,2012-11-14,2012-09-30,884000.0,8112000.0,1395000.0,0.07,4028000.0,0.4965483235,35134000.0,29843000.0,26614000.0,5179000.0,5291000.0,12316000.0,-2883000.0,119200241.60000001,113003241.60000001,2.203170031158729,5.138829889940143,0.0009961860306256047,0.0011728043427269377,0.029650752139159013,2.203170031158729,0.029621686827731798,14.69430986193294,33.71047556561086,3.9942446000737193,0.0,0.3316011692107827,0.0,0.2308874594409973,2.093261247345047,0.02516081288780099,65.13674404371585,0.4965483234714004,-0.22222222222222213,-0.2314852288667953,-0.043690875136374915,0.04673726524871502,-0.13189655172413794,-0.29052969502407705,-0.3080357142857143,-0.05586292442931909,-0.0314296503190368,0.043969651577121696,Communication Equipment,Technology,BKTI
2012Q2,2012,Q2,2012-08-08,2012-06-30,1246000.0,9327000.0,2016000.0,0.09,4640000.0,0.4974804332,33502000.0,28954000.0,25156000.0,4415000.0,4548000.0,11255000.0,-3767000.0,111063038.6,106714038.6,2.1377300944834765,5.697848244620611,0.0015819951047698645,0.0018304897423499344,0.04306194922650832,2.1377300944834765,0.0430337777163777,11.907691497802078,22.283916252006417,3.835844394556883,0.0,0.4164371390493114,0.0,0.2784012894752552,2.2543601359003396,0.037191809444212284,119.55117179763185,0.49748043315106677,4.04054054054054,-0.16309137067734017,-0.02365336124481199,-0.15064610327564526,1.7834433113377324,4.107231920199501,3.9955423476968797,-0.3686142599060723,-0.06489111897555788,0.04776049009340373,Communication Equipment,Technology,BKTI
2012Q1,2012,Q1,2012-05-09,2012-03-31,-401000.0,4369000.0,-673000.0,-0.0296,1667000.0,0.3815518425,30973000.0,27703000.0,22134000.0,3003000.0,3270000.0,12533000.0,-5013000.0,110301684.35000001,106830684.35000001,2.046926584398981,7.370629370629371,0.0,0.0,-0.014368219068741904,2.046926584398981,-0.014474966610114428,25.246437251087208,-68.76663612842893,3.9815790473955888,0.0,0.21559084018191974,0.0,0.141058341135828,1.8614718614718615,-0.012946760081361185,145.51673397097628,0.381551842526894,-3.9600000000000004,-0.14913564404457225,-0.06997926888793271,-0.14732732044026814,-0.29513742071881605,-3.9703703703703703,-3.3701298701298703,0.5489746900505339,0.0896723452180527,0.08109122439529552,Communication Equipment,Technology,BKTI
2011Q4,2011,Q4,2012-03-06,2011-12-31,135000.0,5743000.0,-154000.0,0.01,2365000.0,0.4118056765,31847000.0,28069000.0,22980000.0,3513000.0,3778000.0,12148000.0,-4612000.0,74436719.5,71743719.5,2.0739696891129116,6.541417591801879,0.0,0.0,0.0045440169678270925,2.0739696891129116,0.004809576401011793,12.961295403099426,137.84577685185187,2.6519191813032172,0.0,0.27807046427395454,0.0,0.18033095739002103,1.9493310560774266,0.004239017803874776,-183.34167364532018,0.41180567647570954,-0.8571428571428571,-0.6777676914890138,-0.24383538772632166,-0.14336396655150446,-0.32601880877742945,-0.8522975929978118,-1.1590909090909092,1.3866251656901083,0.5913794866790305,0.059813289079536765,Communication Equipment,Technology,BKTI
2011Q3,2011,Q3,2011-11-09,2011-09-30,914000.0,6976000.0,968000.0,0.07,3509000.0,0.5030103211,33193000.0,27893000.0,23056000.0,2888000.0,5300000.0,12220000.0,-4747000.0,66241326.2,63142326.2,2.0632995720426868,7.983379501385041,0.05422830114783237,0.06453231993690173,0.031732324184940194,2.0632995720426868,0.03276807801240455,9.495602952981653,18.118524671772427,2.3748369196572616,0.0,0.2837152209492635,0.0,0.21016479378182146,2.8275623268698062,0.02753592624951044,56.85950746781116,0.5030103211009175,2.0719754977029097,-0.16388345966712833,-0.25184547146925496,-0.1384372041089557,1.1189613526570048,2.036281179138322,2.1690821256038646,1.6892807669781136,0.19466945319177223,0.04069978004656543,Communication Equipment,Technology,BKTI
2011Q2,2011,Q2,2011-08-09,2011-06-30,-882000.0,4671000.0,-828000.0,-0.0653,1656000.0,0.3545279383,33018000.0,26938000.0,22532000.0,3202000.0,6080000.0,12992000.0,-5662000.0,93886264.25,91952264.25,1.9941053304823555,7.0368519675203,0.06965897389302804,0.08538124582374342,-0.029213604501711905,1.9941053304823555,-0.03274185165936595,20.099821076857204,-26.6117529053288,3.4852722640879055,0.0,0.2320658866995074,0.0,0.1414682900236235,2.111805121798876,-0.02671270216245684,-71.07211525359575,0.35452793834296725,-0.20036764705882354,-1.8096129746037968,-0.465291460367939,-0.129445481448954,-0.3633217993079585,-0.2819767441860465,-0.2797527047913447,-2.3777092917436464,-0.26448470812426866,0.019261220327149452,Communication Equipment,Technology,BKTI
2011Q1,2011,Q1,2011-05-04,2011-03-31,-688000.0,6714000.0,-647000.0,-0.0544,2601000.0,0.3873994638,35186000.0,27752000.0,24398000.0,4620000.0,7434000.0,13378000.0,-4807000.0,107395079.25,104140079.25,2.054362281221558,5.280952380952381,0.06536690729267322,0.08287690977226866,-0.023000104083155087,2.054362281221558,-0.024791006053617757,15.995692470956211,-39.02437472747093,3.8698140404295187,0.0,0.30744505905217523,0.0,0.19081452850565567,1.7777056277056278,-0.019553231398851817,523.8784353658536,0.3873994638069705,0.3485029940119761,-1.7669484082689497,-0.0985746736538465,-0.07793663168658214,0.5381431105854524,0.3900709219858156,0.5550206327372765,0.49797807572636194,0.8968278739399006,0.04005941445614934,Communication Equipment,Technology,BKTI
2010Q4,2010,Q4,2011-03-02,2010-12-31,-1128000.0,5375000.0,-1454000.0,-0.0835,1691000.0,0.3146046512,34792000.0,28390000.0,23760000.0,4016000.0,6402000.0,11942000.0,-4119000.0,121579335.0,118529335.0,2.1015907020712032,5.916334661354582,0.05748447919061853,0.07044734061289186,-0.0368387751045285,2.1015907020712032,-0.03973230010567101,22.619411162790698,-26.945774601063828,4.282470412116942,0.0,0.30849104002679617,0.0,0.1544895378247873,2.228585657370518,-0.032421246263508854,-95.50615475255303,0.3146046511627907,-9.35,-1.1313152781608204,-0.42213250749749004,-0.015913419901520825,-0.4831907090464548,-9.881889763779528,-6.405204460966543,-1.7215792199227706,0.1683605653494117,0.01290343022757682,Communication Equipment,Technology,BKTI
2010Q3,2010,Q3,2010-11-10,2010-09-30,127000.0,7052000.0,269000.0,0.01,3272000.0,0.4639818491,35276000.0,29460000.0,23348000.0,3738000.0,5816000.0,10174000.0,-2991000.0,140968566.75,136653566.75,2.183869830683371,6.246120920278224,0.05669577049552103,0.06788866259334692,0.00416060776562344,2.183869830683371,0.004310930074677529,19.98987049773114,277.49717864173226,4.785083732179226,0.0,0.3715352860231964,0.0,0.19990928676720718,2.893258426966292,0.0036001814264655855,-47.20983481245814,0.4639818491208168,-0.5,-0.8942198560248009,-0.09908582199143749,0.4660234471049465,-0.037930020582181714,-0.6253687315634219,-0.5046040515653776,-0.8891355913334915,-0.16522173844071303,0.037567642033704676,Communication Equipment,Technology,BKTI
2010Q2,2010,Q2,2010-08-11,2010-06-30,339000.0,7079000.0,543000.0,0.02,3401000.0,0.4804350897,32661000.0,29281000.0,21119000.0,3380000.0,3380000.0,8388000.0,-3119000.0,146360912.25,139059912.25,2.1706536609811273,6.248224852071006,0.0,0.0,0.011450943682497631,2.1706536609811273,0.011577473446945118,20.67536548241277,107.93577599557521,4.998494322256753,0.0,0.438483547925608,0.0,0.21674167967912802,3.0863905325443786,0.01037935152016166,91.13381833748443,0.4804350897019353,199.0,-0.3589904834530729,0.06741939181012722,0.543845731888798,0.14743589743589744,338.0,19.884615384615383,-0.7713769411427949,-0.25596339852442307,-0.13756505082145326,Communication Equipment,Technology,BKTI
2010Q1,2010,Q1,2010-05-05,2010-03-31,1000.0,6449000.0,26000.0,0.0001,2964000.0,0.4596061405,32185000.0,28883000.0,20975000.0,3302000.0,3302000.0,7296000.0,-3458000.0,250595126.39999998,244911126.39999998,2.1495547728257813,6.35221078134464,0.0,0.0,0.00045009174947200774,2.1495547728257813,3.462244226707752e-05,38.857982074740264,62648.78159999999,8.676215296194993,0.0,0.47765899122807015,0.0,0.20037284449277615,3.403694730466384,3.1070374398011494e-05,-121.41236744186045,0.4596061404868972,-0.996,-0.9971116318007694,0.11628027501624805,0.5560994015315575,0.014026684912760863,-0.9971264367816092,-0.953405017921147,1.0028864077001896,0.38271830726229294,-0.10457627451062855,Communication Equipment,Technology,BKTI
2009Q4,2009,Q4,2010-03-04,2009-12-31,348000.0,5848000.0,558000.0,0.025,2923000.0,0.4998290014,31421000.0,28662000.0,20557000.0,2759000.0,2759000.0,6623000.0,-3459000.0,210956755.2,203296755.2,2.1331073260649016,7.450888002899601,0.0,0.0,0.012141511408833997,2.1331073260649016,0.012141511408833997,36.07331655266758,151.54939310344827,7.3601547414695405,0.0,0.4416427600785143,0.0,0.186117564686038,4.141718013773106,0.01107539543617326,-517.0508705882353,0.4998290013679891,-0.6428571428571429,-0.9497045202311539,0.010063191653666795,0.574715703927252,-0.3096362777515352,-0.6245954692556634,-0.6319261213720316,-0.16334712202157428,-0.2244395609237754,-0.11893765453161269,Communication Equipment,Technology,BKTI
2009Q3,2009,Q3,2009-11-10,2009-09-30,927000.0,8292000.0,1516000.0,0.07,4234000.0,0.5106126387,31711000.0,28302000.0,19624000.0,3409000.0,3409000.0,6146000.0,-3807000.0,199821977.9,191753977.9,2.1103774691442485,5.756526840715752,0.0,0.0,0.0330152030455708,2.1103774691442485,0.032753868984524065,24.098164242643513,53.88942230312837,7.060348311073423,0.0,0.6602668402212821,0.0,0.26148655040837565,3.60662951012027,0.029232758348837942,59.20651197037037,0.510612638687892,-0.5333333333333333,0.7280756783060548,0.4962822421884183,1.452563870521374,-0.1348590110339191,-0.5255885363357216,-0.3339191564147627,-0.14517678713769905,-0.10356235865203686,-0.118779096677015,Communication Equipment,Technology,BKTI
2009Q2,2009,Q2,2009-08-10,2009-06-30,1954000.0,9876000.0,2276000.0,0.15,4894000.0,0.495544755,31498000.0,27362000.0,19412000.0,3636000.0,4136000.0,7018000.0,-4735000.0,87841205.05,83148205.05,2.0402850791719644,5.338833883388339,0.015874023747539528,0.018273518017688766,0.07072174534997747,2.0402850791719644,0.0714129084131277,8.894411203928716,11.238639335977483,3.2103356863533365,0.0,0.7098888572242804,0.0,0.3135437170614007,2.97002200220022,0.06203568480538447,56.81837325355757,0.4955447549615229,3.2831050228310503,2.6425672873894612,0.49233583318214924,0.9829236954628157,2.030340557275542,3.217934165720772,3.671361502347418,0.8067318592149897,0.1388030017414827,-0.10928506751657342,Communication Equipment,Technology,BKTI
2009Q1,2009,Q1,2009-05-06,2009-03-31,-881000.0,3973000.0,-852000.0,-0.0657,1615000.0,0.4064938334,30036000.0,25392000.0,18207000.0,3144000.0,4644000.0,9041000.0,-6689000.0,35538808.15,32391808.15,1.8933893257194108,5.791030534351145,0.04994007191370355,0.05907372400756144,-0.03219387868016987,1.8933893257194108,-0.03469596723377442,8.94508133652152,-10.084792324063564,1.3996064961405166,0.0,0.26081185709545407,0.0,0.13227460380876283,2.229961832061069,-0.02933146890398189,-42.92126588164251,0.40649383337528316,-1.5465116279069764,-2.642324350148473,-0.4933312522884047,1.2981306966464359,0.043281653746770024,-1.546242774566474,0.048044692737430165,-1.98926783745822,-0.46268711770888876,-0.1501864324711927,Communication Equipment,Technology,BKTI
2008Q4,2008,Q4,2009-03-09,2008-12-31,-346000.0,3576000.0,-895000.0,-0.0258,1548000.0,0.432885906,30622000.0,26244000.0,19511000.0,2878000.0,4378000.0,9774000.0,-5822000.0,49620222.7,45645222.7,1.9569198749283323,6.779360667129952,0.04898439030762197,0.05715592135345222,-0.012640648491759637,1.9569198749283323,-0.013183965858862978,13.87590120246085,-35.85276206647399,1.8907263641213232,0.0,0.20748925721301412,0.0,0.11677878649337078,2.5170257123002084,-0.011299066030958135,-52.563795233050854,0.43288590604026844,-2.29,-1.2635813713539388,-0.6159092606738927,1.7792512843593693,-0.47311095983662355,-2.026706231454006,-3.324675324675325,-1.040573504978863,-0.6127356005103131,-0.08365668664834075,Communication Equipment,Technology,BKTI
2008Q3,2008,Q3,2008-11-06,2008-09-30,337000.0,5790000.0,385000.0,0.02,2938000.0,0.5074265976,30036000.0,26576000.0,22000000.0,3460000.0,3460000.0,9857000.0,-5476000.0,97183110.75,92264110.75,1.9826078679005446,6.358381502890174,0.0,0.0,0.011849602970488008,1.9826078679005446,0.012680614087898856,16.784647797927462,72.09429580860534,3.6567997723509937,0.0,0.28933752663082074,0.0,0.19276867758689573,2.310693641618497,0.011219869489945399,-345.84736921708185,0.507426597582038,2.0362694300518136,-0.42212168951032236,-0.16203186570666542,2.6848622951974104,-0.081875,2.301158301158301,1.9210526315789473,-0.7175227102500031,-0.2556059626965283,0.33091706287614886,Communication Equipment,Technology,BKTI
2008Q2,2008,Q2,2008-08-13,2008-06-30,-259000.0,6299000.0,-418000.0,-0.0193,3200000.0,0.5080171456,30037000.0,26214000.0,22432000.0,3823000.0,3823000.0,9714000.0,-5814000.0,100492110.0,95303110.0,1.9564222504632454,5.867643212137065,0.0,0.0,-0.010783108541645874,1.9564222504632454,-0.009880216678110933,15.953660898555325,-97.00010617760618,3.8335282673380635,0.0,0.31902408894379247,0.0,0.20970802676698738,2.166099921527596,-0.008622698671638312,-89.88560822898032,0.5080171455786633,0.807,-2.097494451380612,-0.15297243181618128,2.983426163451304,1.3121387283236994,0.8094186902133922,0.8028301886792453,-1.4930480107493698,-0.04377641276592416,0.39147676823982247,Communication Equipment,Technology,BKTI
2008Q1,2008,Q1,2008-05-07,2008-03-31,-1359000.0,3510000.0,-2120000.0,-0.1,1384000.0,0.3943019943,29202000.0,26460000.0,22096000.0,2742000.0,2742000.0,9726000.0,-5555000.0,109846142.19999999,103540142.19999999,1.9752355035368734,8.058351568198395,0.0,0.0,-0.05290784924270972,1.9752355035368734,-0.05136054421768708,31.295197207977203,-20.207163760117734,4.151403711262282,0.0,0.21858934813900885,0.0,0.12019724676392028,2.986506199854121,-0.04653790836244093,-51.186459552656096,0.3943019943019943,-2.257328990228013,-1.7554998017468388,-0.31325131645463383,3.13151234372726,-0.19016968987712113,-2.3065693430656933,-0.9593345656192237,-4.937266749573769,-0.3905882579018199,0.42990670616734716,Communication Equipment,Technology,BKTI
2007Q4,2007,Q4,2008-03-05,2007-12-31,-411000.0,4562000.0,-1082000.0,-0.0307,1709000.0,0.3746163963,30145000.0,27794000.0,22985000.0,2351000.0,2351000.0,8899000.0,-4196000.0,210984968.25,202532968.25,2.074818427260161,9.776690769885155,0.0,0.0,-0.016614670863991134,2.074818427260161,-0.014787364179319277,46.248349024550635,-128.33635538321167,7.5910256979923725,0.0,0.320597819979773,0.0,0.15133521313650689,4.442364951084645,-0.013634101841101344,-2604.7526944444444,0.3746163963174046,-1.38375,0.8798631795276626,0.38588478878813104,3.0137856479735254,-0.6372320101889195,-1.362114537444934,-1.6214819069500288,-1.0595819017277808,-0.20965030564774192,0.5316853119770354,Communication Equipment,Technology,BKTI
2007Q3,2007,Q3,2007-11-13,2007-09-30,1135000.0,8370000.0,1741000.0,0.08,4711000.0,0.5628434886,38067000.0,28132000.0,30887000.0,9935000.0,9935000.0,7435000.0,-3777000.0,320107474.565656,304919474.565656,2.104797549779824,3.1089079013588323,0.0,0.0,0.03746215460448362,2.104797549779824,0.0403455140054031,38.2446206171632,70.50825430961586,11.378767046980519,0.0,0.49213180901143244,0.0,0.21987548270155252,2.031806743834927,0.02981585099955342,141.32780334024548,0.5628434886499403,-0.20000000000000004,4.768883136422034,0.24333549142463387,1.343608265434899,-0.13400735294117647,-0.22631220177232447,-0.22828014184397163,1.1229784755795,0.5154666800283053,1.4460791971235105,Communication Equipment,Technology,BKTI
2007Q2,2007,Q2,2007-08-08,2007-06-30,1467000.0,9413000.0,2256000.0,0.1,5440000.0,0.5779241475,35653000.0,33590000.0,28874000.0,2063000.0,2063000.0,7142000.0,1779000.0,346991762.0,334120762.0,2.5168897237393204,13.996122152205526,0.0,0.0,0.04089991498833823,2.5168897237393204,0.04367371241440905,36.863036438967384,59.13288377641445,10.330210241143197,0.0,0.5562867544105292,0.0,0.26401705326339997,8.766844401357247,0.04114660757860489,324.89865355805244,0.5779241474556465,4.875968992248062,5.256333470879346,0.21647697757508172,1.8673278266353677,1.771268466632705,5.2645348837209305,4.492260061919505,1.748047949334313,0.4293043430342048,1.4461288880743273,Communication Equipment,Technology,BKTI
2007Q1,2007,Q1,2007-05-08,2007-03-31,-344000.0,4631000.0,-646000.0,-0.0258,1963000.0,0.4238825308,34017000.0,32028000.0,27360000.0,1989000.0,1989000.0,8187000.0,312000.0,266833220.0,255058220.0,2.4006006448522412,13.755656108597286,0.0,0.0,-0.01379409319032725,2.4006006448522412,-0.010740601973273386,57.6189203195854,-193.91949127906977,8.331248282752592,0.0,0.32588249664101626,0.0,0.13613781344621806,7.4183006535947715,-0.01011259076344181,-178.96258886653254,0.42388253077089183,-1.832258064516129,0.880889928326599,-0.40441028337985896,1.6920319720184003,-0.4658503401360544,-1.8329297820823245,-1.6687370600414078,-1.6445974005785335,-0.4063541767424756,1.9137663117583963,Communication Equipment,Technology,BKTI
