Quarters,Year,Quarter,FillingDate,Date,NetIncome,Revenue,OperatingIncome,EPSDiluted,GrossProfit,GrossProfitRatio,TotalAssets,CommonStockEquity,CurrentAssets,CurrentLiability,TotalLiability,Inventory,RetainedEarnings,MarketCap,EnterpriseValue,bookValuePerShare,currentRatio,debtToAssets,debtToEquity,roic,shareholdersEquityPerShare,roe,priceToSalesRatio,peRatio,pbRatio,payoutRatio,inventoryTurnover,dividendYield,assetTurnover,quickRatio,returnOnAssets,priceToFreeCashFlowsRatio,grossProfitMargin,epsdilutedGrowth,fiveYNetIncomeGrowthPerShare,fiveYRevenueGrowthPerShare,fiveYShareholdersEquityGrowthPerShare,grossProfitGrowth,netIncomeGrowth,operatingIncomeGrowth,threeYNetIncomeGrowthPerShare,threeYRevenueGrowthPerShare,threeYShareholdersEquityGrowthPerShare,Industry,Sector,Symbol
2023Q1,2023,Q1,2023-06-09,2023-04-30,-17979000.0,45534000.0,-21299000.0,-0.15,14914000.0,0.327535468,786313000.0,474932000.0,87321000.0,91670000.0,311381000.0,6615000.0,-772656000.0,5305146.4799999995,168158146.48,4.028529670306106,0.9525580887967711,0.24314109012568785,0.402552365391256,-0.027168523550952138,4.028529670306106,-0.037855945693278194,0.11650956384240346,-0.07376865342900049,0.011170328552298013,0.0,4.628873771730914,0.0,0.05790823755934342,0.8132322461001418,-0.022864940551663267,-0.29107574234609895,0.3275354680019326,-0.07142857142857129,-3.22308155393113,3.1284676616549643,0.0,0.07666762922321686,-0.09036327248468676,-0.010724623926351255,-3.22308155393113,3.1284676616549643,0.0,,,ZFOXW
2022Q4,2022,Q4,2023-03-30,2023-01-31,-16489000.0,45397000.0,-21073000.0,-0.14,13852000.0,0.305130295,766911000.0,488871000.0,87914000.0,86171000.0,278040000.0,5456000.0,-754677000.0,18605857.3096,145670857.3096,4.182997961606596,1.0202272226154971,0.22768482913923518,0.35717806947026925,-0.02129516150310826,4.182997961606596,-0.033728734165045585,0.40984772803489217,-0.2820949922615077,0.03805882801311594,0.0,5.781708211143695,0.0,0.0591946131950122,0.8954056469113739,-0.021500539175993042,-3.3493892546534654,0.30513029495341104,0.976782752902156,-0.7104700335816468,2.5564156364405317,24.483553117620822,0.08993626563852387,0.9765833804345048,-0.13435969209237228,-0.7104700335816468,2.5564156364405317,24.483553117620822,,,ZFOXW
2022Q3,2022,Q3,2022-12-14,2022-10-31,-704158000.0,42989000.0,-18577000.0,-6.03,12709000.0,0.2956337668,784302000.0,503238000.0,94179000.0,68262000.0,281064000.0,5054000.0,-738188000.0,14606662.125,131807662.125,4.306579385603472,1.3796695086578183,0.21754630231721964,0.3390483230598643,-0.027472493905877565,4.306579385603472,-1.3992544283221855,0.3397767364907302,-0.0051858610301239215,0.029025356044257388,0.0,5.991294024535022,0.0,0.054811794436326826,1.2078169406111745,-0.8978148723323414,-0.6508627628999198,0.29563376677754777,-1.3192307692307692,-60.80743700385503,2.62548829463022,0.0,0.14609072053386238,-61.86002499553651,-1.2735283319055195,-60.80743700385503,2.62548829463022,0.0,,,ZFOXW
2022Q2,2022,Q2,2022-07-28,2022-06-30,-11202000.0,15646000.0,-8171000.0,-2.6,11089000.0,0.7087434488,784302000.0,503238000.0,94179000.0,68262000.0,281064000.0,0.0,-738188000.0,1292020.9000000001,118493020.9,60.33305359069656,1.3796695086578183,0.21754630231721964,0.3390483230598643,-0.01218658613627149,60.33305359069656,-0.02225984524221144,0.08257835229451618,-0.028834603195857886,0.0025674152190414876,0.0,0.0,0.0,0.01994894823677614,1.2078169406111745,-0.014282763527314734,-0.18230857908847187,0.7087434488048063,-28.919447640966627,0.0,0.0,0.0,0.18700492399914365,-0.09791237871214349,-0.008889986418076305,0.0,0.0,0.0,,,ZFOXW
2022Q1,2022,Q1,2022-05-16,2022-03-31,-10203000.0,13591000.0,-8099000.0,-0.0869,9342000.0,0.6873666397,86828000.0,-30614000.0,29584000.0,46386000.0,117442000.0,4594000.0,-167023000.0,35819285.095,84099285.095,-0.26067717362967097,0.6377786401069289,0.6724789238494495,-1.9072973149539427,-0.2931629772511984,-0.26067717362967097,0.3332788920101914,2.635515053712015,-0.8776655173723413,-1.1700295647416215,0.0,0.9249020461471484,0.0,0.15652784815957985,0.4869141551330143,-0.11750817708573272,-4.787394425955626,0.6873666396880288,-0.053333333333333344,-1.4058005187455789,0.2370073723491399,0.0,0.10139118132515916,-0.05326726540724683,0.10359712230215827,-1.4058005187455789,0.2370073723491399,0.0,,,ZFOXW
2021Q4,2021,Q4,2022-03-15,2021-12-31,-9687000.0,12827000.0,-9035000.0,-0.0825,8482000.0,0.6612614017,91390000.0,-20919000.0,32770000.0,46798000.0,112309000.0,4174000.0,-156820000.0,82079010.9931,123278010.9931,-0.17812457683279176,0.7002436001538527,0.5632235474340738,-2.460586070079832,-0.2773800392796707,-0.17812457683279176,0.4630718485587265,6.3989250014110866,-2.1182773560725714,-3.9236584441464695,0.0,1.0409678965021563,0.0,0.14035452456505088,0.5837856318646096,-0.1059962796804902,-20.7952903453509,0.6612614017307242,0.15384615384615383,0.0,0.0,0.0,0.11064554144297499,0.15397379912663756,-0.054751342516927384,0.0,0.0,0.0,,,ZFOXW
2021Q3,2021,Q3,2021-11-12,2021-09-30,-11450000.0,11917000.0,-8566000.0,-0.0975,7637000.0,0.640849207,,,,,,,,69876966.005,,,0.0,0.0,0.0,0.0,,0.0,5.863637325249643,-1.5256979477074235,0.0,,0.0,,0.0,0.0,0.0,0.0,0.6408492070151884,0.0,0.0,0.0,0.0,0.0,0.0,0.0,0.0,0.0,0.0,,,ZFOXW
2021Q1,2021,Q1,2021-05-28,2021-03-31,-4241000.0,10987000.0,-3497000.0,-0.0361,7372000.0,0.6709747884,,,,,,,,78684986.93,,,0.0,0.0,0.0,0.0,,0.0,7.161644391553655,-4.638351033364772,0.0,0.0,0.0,0.0,0.0,0.0,0.0,-17.142698677559913,0.6709747883862747,0.0,0.0,0.0,0.0,0.0,0.0,0.0,0.0,0.0,0.0,,,ZFOXW
