Quarters,Year,Quarter,FillingDate,Date,NetIncome,Revenue,OperatingIncome,EPSDiluted,GrossProfit,GrossProfitRatio,TotalAssets,CommonStockEquity,CurrentAssets,CurrentLiability,TotalLiability,Inventory,RetainedEarnings,MarketCap,EnterpriseValue,bookValuePerShare,currentRatio,debtToAssets,debtToEquity,roic,shareholdersEquityPerShare,roe,priceToSalesRatio,peRatio,pbRatio,payoutRatio,inventoryTurnover,dividendYield,assetTurnover,quickRatio,returnOnAssets,priceToFreeCashFlowsRatio,grossProfitMargin,epsdilutedGrowth,fiveYNetIncomeGrowthPerShare,fiveYRevenueGrowthPerShare,fiveYShareholdersEquityGrowthPerShare,grossProfitGrowth,netIncomeGrowth,operatingIncomeGrowth,threeYNetIncomeGrowthPerShare,threeYRevenueGrowthPerShare,threeYShareholdersEquityGrowthPerShare,Industry,Sector,Symbol
2023Q1,2023,Q1,2023-05-05,2023-03-31,52776000.0,181096000.0,132860000.0,1.19,181096000.0,1.0,20182544000.0,1829405000.0,363851000.0,92337000.0,18353139000.0,0.0,1158948000.0,889951650.0,990534650.0,49.6432932620553,3.940468068055059,0.02301166790470022,0.25387161399471414,0.044890964905605825,49.6432932620553,0.028848724038690175,4.914253489861731,4.215702449977262,0.48647054643449644,0.27953994239805974,0.0,0.016577305070449615,0.008972902524082197,128.16372635021713,0.002614932983671434,11.99654440310579,1.0,-0.16783216783216784,0.8737054502227297,0.6334774904534156,0.4372172585803088,-0.06073949597265659,-0.12988426154911464,0.12639994574018024,1.6313890034914842,14.052705407843584,0.17648145102775564,Banks—Regional,Financial Services,HTLFP
2022Q4,2022,Q4,2023-02-23,2022-12-31,60654000.0,192807000.0,117951000.0,1.43,192807000.0,1.0,20244228000.0,1735055000.0,11681956000.0,376117000.0,18509173000.0,0.0,1120925000.0,943754110.0,1326797110.0,47.08298282271851,31.059367165004506,0.0369423817989009,0.43103532741037026,0.03862930242838652,47.08298282271851,0.03495796963208659,4.894812480874657,3.889908785900353,0.5439332528363654,0.22911926666007187,0.0,0.014725233885339055,0.009524048039767186,31.207677398256394,0.0029961132625062315,13.046089438761404,1.0,-0.03378378378378381,2.3828842776353545,0.58715579947635,0.33766109891839485,0.040467761780387246,0.07230747471890248,0.24749867794817557,0.5650446245545429,14.22537355029202,0.07377473234102112,Banks—Regional,Financial Services,HTLFP
2022Q3,2022,Q3,2022-11-07,2022-09-30,56564000.0,185308000.0,94550000.0,1.48,185308000.0,1.0,19682950000.0,1655958000.0,11217677000.0,147000000.0,18026992000.0,0.0,1074168000.0,924960100.0,1041806100.0,44.936582453664755,76.31072789115646,0.026339852511945618,0.31307919645305016,0.034797863386295834,44.936582453664755,0.03415787115373699,4.991474194314331,4.088113022417085,0.5585649515265484,0.23817268934304506,0.0,0.014564952585522336,0.009414645670491465,77.33934013605442,0.0028737562204852424,7.67232452429536,1.0,0.04964539007092203,0.9571133819233766,0.5430387250546161,0.2619709006819748,0.02817510958220052,0.09043240221309737,0.15656077601497229,0.5820788431640797,136.46697038534904,0.025110947220718608,Banks—Regional,Financial Services,HTLFP
2022Q2,2022,Q2,2022-08-05,2022-06-30,51873000.0,180230000.0,81751000.0,1.41,180230000.0,1.0,19658399000.0,1774068000.0,11125376000.0,9498000.0,17884331000.0,0.0,1031076000.0,969181300.0,1052819300.0,48.14165151556267,1171.3388081701412,0.023922955272196886,0.2650896132504504,0.028085954016474388,48.14165151556267,0.02923957818978754,5.377469344726183,4.670933337188904,0.5463044821280808,0.2593256607483662,0.0,0.013879756037389494,0.00916809146055078,1171.5341124447252,0.002638719460318208,9.782694229391042,1.0,0.044444444444444314,0.700277628428915,0.7385929621027045,0.583596740549397,0.06517653455632912,0.04024786427626038,0.22811946038518163,0.0956287532877612,7.394933347803909,0.11218984150386149,Banks—Regional,Financial Services,HTLFP
2022Q1,2022,Q1,2022-05-09,2022-03-31,49866000.0,169202000.0,66566000.0,1.35,169202000.0,1.0,19239225000.0,1938634000.0,607796000.0,11906000.0,17300591000.0,0.0,999432000.0,989449350.0,861315350.0,52.607364793357036,51.04955484629598,0.02493146163631851,0.24742266977676033,0.021381901898024764,52.607364793357036,0.025722235347156813,5.847740274937649,4.960540999879678,0.5103848121925025,0.2692816748887017,0.0,0.013571184821133087,0.00879463699811193,51.04955484629598,0.0025918923449359315,12.180086785252662,1.0,0.0,0.9802161282796079,0.6557704609331383,0.7731904179547446,-0.0029933415826998997,0.005768455022186365,-0.0019491423773539643,0.48494394975258753,7.8157538153831165,0.3252082984483607,Banks—Regional,Financial Services,HTLFP
2021Q4,2021,Q4,2022-02-24,2021-12-31,49580000.0,169710000.0,66696000.0,1.35,169710000.0,1.0,19274549000.0,2182178000.0,10745189000.0,131597000.0,17092371000.0,0.0,962994000.0,1039935220.0,1105111220.0,59.21624921983121,81.6522337135345,0.026131298843879564,0.23081022721336206,0.02057091598799216,59.21624921983121,0.022720419690785993,6.127719167992458,5.2437233763614355,0.4765583834132687,0.27067365873336025,0.0,0.012904649964639145,0.008804875278793813,3.3320896373017623,0.002572304026413277,-13.048448141735049,1.0,-0.11042039196051782,0.7053157976408831,0.505669195234079,0.9639485340833674,-0.03172248530838136,-0.11343966812102138,0.0,0.38187798028829256,6.648550785097747,0.4751612573773789,Banks—Regional,Financial Services,HTLFP
2021Q3,2021,Q3,2021-11-05,2021-09-30,55924000.0,175270000.0,0.0,1.5175707579170172,175270000.0,1.0,18996225000.0,2172252000.0,10540793000.0,47027000.0,16823973000.0,0.0,926834000.0,1055781150.0,996956150.0,58.94689424981683,224.14342824334958,0.014303789305506753,0.12508585560054727,0.0,58.94689424981683,0.02574471101879524,6.023741370457009,4.719714031542808,0.48603069533369053,0.22484085544667765,0.0,0.011909665180137,0.009226570015884734,7.028791970570098,0.0029439533380974377,14.057588810183212,1.0,-0.09221654086518946,0.82526778349111,0.5661357240493876,1.030371823894013,0.006148140919293452,-0.09221654086518952,0.0,0.46399884448120454,0.23841804368788072,0.4971598571720114,Banks—Regional,Financial Services,HTLFP
2021Q2,2021,Q2,2021-08-05,2021-06-30,61605000.0,174199000.0,0.0,1.6717321103904914,174199000.0,1.0,18371006000.0,2159786000.0,10825689000.0,13610000.0,16211220000.0,0.0,883484000.0,1028142900.0,687973900.0,58.60861306341754,795.421675238795,0.006101843306784615,0.05190190139208237,0.0,58.60861306341754,0.028523659288466542,5.902117118927204,4.1723192111029945,0.47603924648090135,0.18329681032383735,0.0,0.010982909087832053,0.009482278760346602,33.23041880969875,0.0033533819541510137,12.971447856475992,1.0,0.16645207710076868,0.9226235970995328,0.557625172404037,1.0525192699853319,0.026342147435897436,0.16645207710076873,0.0,0.8910798653246145,0.47007759285009,0.4719046353931159,Banks—Regional,Financial Services,HTLFP
2021Q1,2021,Q1,2021-05-06,2021-03-31,52814000.0,169728000.0,0.0,1.433176847304008,169728000.0,1.0,18244427000.0,2056207000.0,10873465000.0,13289000.0,16188220000.0,0.0,833171000.0,1035513100.0,697891100.0,55.79786165911373,818.2304913838514,0.007310616003451355,0.06486603732017253,0.0,55.79786165911373,0.025685157185049948,6.101015153657617,4.901697939940168,0.5036035282439949,0.21344719203241563,0.0,0.010886390524658743,0.009303005240997702,35.44284746783054,0.0028948017934462946,16.49431506849315,1.0,0.3266849204953655,0.7088183396336333,0.49860666825242134,0.9715089445631624,0.0274340783069808,0.32668492049536535,0.0,0.8750545635907088,0.530938659604173,0.61539745852539,Banks—Regional,Financial Services,HTLFP
2020Q4,2020,Q4,2021-02-25,2020-12-31,39809000.0,165196000.0,0.0,1.0802691921521803,165196000.0,1.0,837631000.0,2079231000.0,219243000.0,167872000.0,15829108000.0,0.0,791630000.0,1024457800.0,1152946800.0,56.42264796070663,1.3060129146016013,0.5605344119307906,0.22581473631356977,0.0,56.42264796070663,0.019146020812502315,6.20146855856074,6.4335816021502685,0.4927099490148041,0.18530985455550253,0.0,0.007200882261816934,0.19721810677971566,2.031500190621426,0.047525700457600066,10.047644174185955,1.0,0.0,0.4687795803847587,0.4779685926042877,0.7587703037423528,0.0,0.0,0.0,1.2202862170406867,0.35986654763724935,0.6030076420431588,Banks—Regional,Financial Services,HTLFP
2020Q3,2020,Q3,2020-11-05,2020-09-30,0.0,0.0,0.0,0.0,0.0,1.0,662149000.0,1811604000.0,175284000.0,306706000.0,13801060000.0,0.0,761211000.0,969181300.0,1100603300.0,49.160239884942065,0.5715049591465442,0.024950577589032075,0.009119542681513179,,49.160239884942065,0.0,0.0,0.0,0.5349851844001228,0.0,0.0,0.010126072387075566,0.0,0.5715049591465442,0.0,20.847091847709184,0.0,-1.0,-1.0,-1.0,0.7037797961846068,-1.0,-1.0,-1.0,-1.0,-1.0,0.38058545661125975,Banks—Regional,Financial Services,HTLFP
2020Q2,2020,Q2,2020-08-06,2020-06-30,30131000.0,10972000.0,37548000.0,0.816115926327194,10972000.0,1.0,15026153000.0,1747377000.0,4579929000.0,263618000.0,13278776000.0,0.0,723067000.0,917958410.0,553011410.0,47.41735638110228,17.373354626770553,0.0009645183301407886,0.00829414602572885,0.02096295413395994,47.41735638110228,0.017243559918666666,83.66372675902296,7.616395157810892,0.525335065071819,0.244333078888852,0.0,0.008019971188019292,0.0007301935498726786,17.373354626770553,0.0020052371355462704,91.36641883149198,1.0,0.5025655298287499,0.11570468584050722,-0.8945897465577326,0.6707240757615344,-0.0872639547458614,0.5035429141716566,0.4469921769625034,-0.01237512343238982,-0.8941583422283146,0.559771396423916,Banks—Regional,Financial Services,HTLFP
2020Q1,2020,Q1,2020-05-08,2020-03-31,20040000.0,12021000.0,25949000.0,0.5431483087597572,12021000.0,1.0,13294509000.0,1553714000.0,3728364000.0,290620000.0,11740795000.0,0.0,700298000.0,916842900.0,798541900.0,42.196409657532385,12.829000068818388,0.005060886415587067,0.04330398001176536,0.015720581667073824,42.196409657532385,0.012898126682259412,76.27010232093836,11.437660928143712,0.5900975983997054,0.36691616766467067,0.0,0.008019912680787515,0.0009042078951543077,12.829000068818388,0.0015073892537136948,68.78557281116363,1.0,-0.4825232012233663,-0.29041551157647805,-0.8776262289314994,0.503489788836492,-0.02805627425614489,-0.47055559958785764,-0.3966190764079431,-0.203548239982283,-0.8822695147972357,0.42227746192444926,Banks—Regional,Financial Services,HTLFP
2019Q4,2019,Q4,2020-02-26,2019-12-31,37851000.0,12368000.0,43006000.0,1.049609006710665,12368000.0,1.0,13209597000.0,1578137000.0,3691530000.0,311356000.0,11631460000.0,0.0,702502000.0,896175900.0,700067900.0,43.84810091411742,11.856299541361015,0.0072439757246190025,0.06063478646023761,0.0256036018059214,43.84810091411742,0.023984609701185638,72.45924159120311,5.919103194103194,0.5678695195664255,0.17452643259094872,0.0,0.007371320741832044,0.0009362889723282247,11.856299541361015,0.0028654167118043043,16.37598720877113,1.0,0.08618096042882799,0.5833082057515929,-0.8783939594055581,0.6310616784765296,8.477394636015326,0.09358026118109326,0.010645547904965573,0.33300265541961904,-0.8876489922551598,0.4542530917980004,Banks—Regional,Financial Services,HTLFP
2019Q3,2019,Q3,2019-11-06,2019-09-30,34612000.0,1305000.0,42553000.0,0.9663297783237479,1305000.0,1.0,12569262000.0,1563843000.0,3468335000.0,257146000.0,11005419000.0,0.0,670816000.0,888307500.0,548393500.0,43.83582340574632,13.487804593499412,0.0012958596932739568,0.010415367783083085,0.03968468437110594,43.83582340574632,0.022132656539051554,680.6954022988506,6.41618152663816,0.5680285680851594,0.19080087830810125,0.0,0.007434362537747346,0.0001038247114269716,13.487804593499412,0.002753701848207158,29.481514055291893,1.0,-0.24491112209841523,0.4955375172273566,-0.9868884877480512,0.6736359752015499,-0.936285518992286,-0.23372224313135115,-0.2757306009905877,0.1669180353792701,-0.9879547001165188,0.5098848184100484,Banks—Regional,Financial Services,HTLFP
2019Q2,2019,Q2,2019-08-07,2019-06-30,45169000.0,20482000.0,58753000.0,1.2797563394248477,20482000.0,1.0,12160290000.0,1521787000.0,3204026000.0,247083000.0,10638503000.0,0.0,642808000.0,875409300.0,340530300.0,43.28546235458088,12.96740771319759,0.0010259623742525877,0.008198256391991784,0.02944019376078287,43.28546235458088,0.02968155201746368,42.74042085733815,4.845188624941884,0.5752508728225435,0.12988996878390047,0.0,0.006702007849356867,0.0016843348308305146,12.96740771319759,0.0037144673358941276,34.37831055607917,1.0,0.4098976085989845,1.1998901012905283,-0.7884297108109107,0.6902936353746086,0.13776247083657372,0.4340730863256818,0.47594644158062654,0.4775978505794742,-0.8080327560413779,0.5158905995074111,Banks—Regional,Financial Services,HTLFP
2019Q1,2019,Q1,2019-05-07,2019-03-31,31497000.0,18002000.0,39807000.0,0.9076945244956772,18002000.0,1.0,11312495000.0,1372102000.0,2892961000.0,200575000.0,9940393000.0,0.0,603506000.0,860643600.0,472456600.0,39.69743085291054,14.42333790352736,0.0030910952888818957,0.025484985810092835,0.02238481383300049,39.69743085291054,0.022955290495896077,47.80822130874347,6.831155348128393,0.6272446217555254,0.17557227672476744,0.0,0.006425423950169385,0.001591337719928274,14.42333790352736,0.0027842664239851596,26.138723197473123,1.0,-0.06203110537709071,1.4384633230813573,-0.8024652407777766,0.6003619505069843,-0.09433013030135333,-0.020036713232320088,0.025266573945294392,0.08652896096236805,-0.8305349260736682,0.4026315287999496,Banks—Regional,Financial Services,HTLFP
2018Q4,2018,Q4,2019-02-27,2018-12-31,32141000.0,19877000.0,38826000.0,0.9677234817691868,19877000.0,1.0,11408006000.0,1325175000.0,2724339000.0,305088000.0,10082831000.0,0.0,579252000.0,821998800.0,775378800.0,40.14222101054162,8.929682583385777,0.009772610568402576,0.08412926594600713,0.02237201399634291,40.14222101054162,0.024254155111589036,41.3542687528299,6.393693413397218,0.6202945271379252,0.20382066519398898,0.0,0.007969598009145512,0.0017423728563957627,8.929682583385777,0.0028174073540985166,10.99987688684295,1.0,-0.06106995199570478,1.1102981284001214,-0.7766083813194216,0.5710327655766287,1.1407141542425916,-0.0465440522100267,-0.090001406271973,0.3237689304373243,-0.8014847126297507,0.2512873605076146,Banks—Regional,Financial Services,HTLFP
2018Q3,2018,Q3,2018-11-06,2018-09-30,33710000.0,124894000.0,42666000.0,1.0306662182407436,-141258000.0,1.0,11335132000.0,1280393000.0,2711590000.0,214701000.0,10054739000.0,0.0,553662000.0,809748000.0,503512000.0,39.37247847478475,12.629610481553415,0.0034082532078144306,0.030172767267549885,0.025556736561675054,39.37247847478475,0.026327854026068558,6.483481992729835,6.005250667457728,0.6324214518511113,0.14339958469296946,0.0,0.0059697584927656516,0.011018310152894558,12.629610481553415,0.0029739397829685616,11.343709286524803,-1.1310231075952408,0.17362637699596997,1.57306399495713,0.6278911889419797,0.6781324804344936,-2.392953288169689,0.20915384339466983,0.20764223039909424,0.4768402081669839,0.31715145614887946,0.36455870654933514,Banks—Regional,Financial Services,HTLFP
2018Q2,2018,Q2,2018-08-07,2018-06-30,27879000.0,101409000.0,35330000.0,0.8781893781893781,101409000.0,1.0,11301920000.0,1255747000.0,2585123000.0,298321000.0,10046173000.0,0.0,524786000.0,785271300.0,627155300.0,39.81821352696832,8.66557500142464,0.00964490989141668,0.08680570210400662,0.020427872296305633,39.81821352696832,0.022201128093477428,7.743605597136349,7.0417814484020225,0.6253419677689853,0.14534237239499265,0.0,0.005160000117156963,0.008972723218709741,8.66557500142464,0.0024667490125571583,28.855416329830234,1.0,0.15661481410578879,0.5739313607795664,0.39612840376479586,0.7030326561953879,0.1072785639412998,0.1981691593604951,0.24440843929414252,0.20626243360331484,0.13841984588323988,0.4029725204130645,Banks—Regional,Financial Services,HTLFP
2018Q1,2018,Q1,2018-05-08,2018-03-31,23268000.0,91584000.0,28391000.0,0.759275575134606,91584000.0,1.0,10055863000.0,1051505000.0,2294011000.0,186700000.0,9004358000.0,0.0,500959000.0,758005800.0,622899800.0,34.54125878720189,12.287150508837708,0.00212224450551882,0.020295671442361187,0.021688108078885507,34.54125878720189,0.022128282794660985,8.276618186582809,8.144294739556472,0.7208770286399019,0.1684717208182912,0.0,0.005171464387211814,0.009107522646241302,12.287150508837708,0.0023138740056422805,13.372718451740381,1.0,0.5748389273094717,0.026182001996587437,0.3111651522483782,0.4156694288624001,-0.0136986301369863,0.6977745348412988,-0.19293308317698563,-0.0034758026327828657,0.1276900577489551,0.23073101009309335,Banks—Regional,Financial Services,HTLFP
2017Q4,2017,Q4,2018-02-28,2017-12-31,13705000.0,92856000.0,35178000.0,0.48212903679729824,92856000.0,1.0,9810739000.0,991457000.0,2412756000.0,387362000.0,8819282000.0,0.0,481331000.0,701383200.0,830071200.0,35.1979906276626,6.228685312446755,0.004941931489564649,0.04890176780233535,0.013146899679885686,35.1979906276626,0.013823090663538611,7.553450504006203,12.794294053265231,0.7074267466970326,0.39430864647938707,0.0,0.007704775363880972,0.009464730434679793,6.228685312446755,0.001396938599630466,28.240586245772267,1.0,-0.3793553043096846,-0.14774649331702555,0.4339205046900727,0.4469715637877348,0.033524776278883395,-0.3661548422902599,0.1588101591066311,-0.26750435632497577,0.16655050161629847,0.3092948719626909,Banks—Regional,Financial Services,HTLFP
2017Q3,2017,Q3,2017-11-08,2017-09-30,21622000.0,89844000.0,30357000.0,0.7768197168930085,89844000.0,1.0,9755627000.0,981684000.0,2345121000.0,240586000.0,8773943000.0,0.0,468556000.0,686468100.0,606603100.0,35.60825564946135,9.747537263182396,0.003637490445257901,0.03614808838689436,0.02126684821612906,35.60825564946135,0.02202541754780561,7.640667156404434,7.937148506151142,0.6992760399476817,0.15280732587179724,0.0,0.004813042295774559,0.00920945419499946,9.747537263182396,0.002216361900675374,12.096567340393664,1.0,-0.05156431849747855,-0.04820864731743731,0.45928883023432837,0.497004509443452,0.20466613032984715,-0.014898173037496014,0.011326914748309292,0.20895308724437017,0.16808466124659727,0.3595103967249801,Banks—Regional,Financial Services,HTLFP
2017Q2,2017,Q2,2017-08-04,2017-06-30,21949000.0,74580000.0,30017000.0,0.8190536607209493,74580000.0,1.0,8204721000.0,805970000.0,1971217000.0,187486000.0,7398751000.0,0.0,450228000.0,660148800.0,617502800.0,30.40019613759807,10.513942374363953,0.0037614929258411103,0.038291747831805154,0.02623943635042637,30.40019613759807,0.02723302356167103,8.851552695092519,7.5191216000728955,0.819073662791419,0.13435691831062918,0.0,0.004467174673346373,0.009089888614128377,10.513942374363953,0.002675167138529147,18.304924578527064,1.0,0.21192269824835733,-0.022825068367024262,0.24714071095637383,0.34570211136089085,0.02125212247357178,0.2196599244276506,0.2751486830926083,0.4175701713338142,0.02158384097558559,0.18712508196377625,Banks—Regional,Financial Services,HTLFP
2017Q1,2017,Q1,2017-05-05,2017-03-31,17996000.0,73028000.0,23540000.0,0.6758299534324771,73028000.0,1.0,8361845000.0,781312000.0,2066679000.0,208621000.0,7580533000.0,0.0,431219000.0,655741500.0,637615500.0,29.66819821530283,9.906380469847235,0.001865258205575444,0.019962575769986893,0.02259982005473649,29.66819821530283,0.023033052096985585,8.97931615270855,9.109545176705934,0.8392825145396461,0.16114692153811958,0.0,0.004422474404929382,0.008733479274011895,9.906380469847235,0.0021521566113698594,21.73632657120127,1.0,-0.132928331782844,-0.12111113736757577,0.19669154093114888,0.34562277578777095,-0.028366152208621608,-0.07174911022850364,-0.14468425259792167,0.8285788639895197,0.05172658189752687,0.19604353591030263,Banks—Regional,Financial Services,HTLFP
2016Q4,2016,Q4,2017-03-01,2016-12-31,19387000.0,75160000.0,27522000.0,0.7794395529288787,75160000.0,1.0,8247079000.0,740916000.0,2004588000.0,370218000.0,7506163000.0,0.0,416109000.0,611867700.0,759602700.0,30.151629837626665,5.4146151726820415,0.004450545459792492,0.04953867914851346,0.024641855919343637,30.151629837626665,0.02616625906310567,8.14086881319851,7.890180275442305,0.8258260045673192,0.26987156341878576,0.0,0.008550868104330398,0.009113529772177519,5.4146151726820415,0.0023507717095956034,12.095354537727085,1.0,-0.050198113694984774,1.091613672577978,0.368529761558132,0.41899948884341387,0.020073017467189643,-0.03891532817767202,-0.03323029366306028,0.710049551827251,0.134792520064783,0.1800343184302121,Banks—Regional,Financial Services,HTLFP
2016Q3,2016,Q3,2016-11-09,2016-09-30,20172000.0,73681000.0,28468000.0,0.8206338228713234,73681000.0,1.0,8202215000.0,704388000.0,1857785000.0,290641000.0,7497827000.0,0.0,402179000.0,604123800.0,616139800.0,29.032561206825488,6.39202658950389,0.0035151480423275907,0.04093198634843297,0.02756062300537356,29.032561206825488,0.028637625853932775,8.199180249996607,7.487157941701367,0.8576577113749808,0.12433075550267698,0.0,0.004151466967532152,0.008983061282836404,6.39202658950389,0.0024593356794475637,13.67414667270258,1.0,-0.03865699331303895,0.8623979606160876,0.381371708965681,0.4540497121188295,0.007699882381903225,-0.037090075898610915,-0.08185512481455202,1.063786338346763,0.2872510284955932,0.23742486728587045,Banks—Regional,Financial Services,HTLFP
2016Q2,2016,Q2,2016-08-05,2016-06-30,20949000.0,73118000.0,31006000.0,0.8536326963041441,73118000.0,1.0,8204401000.0,687963000.0,1796542000.0,381971000.0,7516438000.0,0.0,384479000.0,599915700.0,673672700.0,28.554476403934753,4.703346589138966,0.03701757142294727,0.4414583342418124,0.02114614740790787,28.554476403934753,0.03045076552082016,8.204760797614814,7.159240297866247,0.8720173904701269,0.11957611341830159,0.0,0.004175586669927125,0.00891204610793646,4.703346589138966,0.0025533856767849354,29.050200958791343,1.0,0.03760192211919978,-0.007053808665604944,-0.30837146154335154,0.43010559416590743,0.005652825725170891,0.0558439594778489,0.03667792303320071,0.5481084858541461,0.3176578803926822,0.22128045155832135,Banks—Regional,Financial Services,HTLFP
2016Q1,2016,Q1,2016-05-06,2016-03-31,19841000.0,72707000.0,29909000.0,0.8226976821329353,72707000.0,1.0,8253779000.0,669543000.0,1823744000.0,394156000.0,7584236000.0,0.0,366014000.0,589059300.0,781572300.0,28.302109312254302,4.626959883903835,0.03946567990250284,0.4865124420686946,0.020103809565912845,28.302109312254302,0.029633645635903892,8.101823758372646,7.422248122574467,0.8797930827444987,0.13230179930447053,0.0,0.004456257629749671,0.008808934671015543,4.626959883903835,0.0024038685794712943,26.29024814781755,1.0,0.13248091221785066,2.2625361540182656,0.04813845797613439,0.41478357273577293,0.15960127591706538,0.30498553012365165,0.5778117746359992,0.12601041391613566,0.3394531488663621,0.1599586214421792,Banks—Regional,Financial Services,HTLFP
2015Q4,2015,Q4,2016-03-11,2015-12-31,15204000.0,62700000.0,18956000.0,0.7264561135266855,62700000.0,1.0,7694754000.0,663173000.0,1837233000.0,362544000.0,7031581000.0,0.0,348630000.0,514732800.0,549831800.0,32.08073722910217,5.067613862041573,0.003391921301187796,0.03935624640930798,0.021168680624367994,32.08073722910217,0.022926144460042854,8.209454545454545,8.463772691397,0.7761667015997333,0.22244146277295448,0.0,0.0065703992440349634,0.008148408643083327,5.067613862041573,0.001975891626944799,11.512184648416532,1.0,0.048578790283492955,0.855549806910285,-0.0766109404658814,0.606712766408264,0.049829214386176414,0.057522431661681854,-0.02924156296410099,0.2883122420704622,0.31933827014768623,0.3188228557392507,Banks—Regional,Financial Services,HTLFP
2015Q3,2015,Q3,2015-11-06,2015-09-30,14377000.0,59724000.0,19527000.0,0.6928006939090208,59724000.0,1.0,6805884000.0,591009000.0,1352792000.0,405552000.0,6214875000.0,0.0,337421000.0,510026700.0,754766700.0,28.853634721476347,3.335680751173709,0.04934627154973549,0.5682569977783756,0.01573279070921634,28.853634721476347,0.024326194694158632,8.53972774763914,8.86879564582319,0.862976198332005,0.157682409403909,0.0,0.004444865337442138,0.008775347919535508,3.335680751173709,0.0021124368267222892,11.67563354165236,1.0,-0.04195614125258301,0.6717776817036204,-0.02562854439678595,0.42556492388855194,0.03608354729026438,-0.038713559775341,0.01973993420021933,-0.14819219939182873,0.3056552347306091,0.21303390194396266,Banks—Regional,Financial Services,HTLFP
2015Q2,2015,Q2,2015-08-06,2015-06-30,14956000.0,57644000.0,19149000.0,0.7231408954646552,57644000.0,1.0,6717007000.0,579206000.0,1435421000.0,523938000.0,6137801000.0,0.0,325106000.0,508159200.0,866355200.0,28.381321050568406,2.739677213716127,0.07115043947400977,0.8251261209310677,0.014340796349340285,28.381321050568406,0.025821555715928358,8.815474290472556,8.4942364268521,0.8773375966409187,0.15151109922439154,0.0,0.004459232461008283,0.008581798411107804,2.739677213716127,0.002226586930756511,19.50407614953558,1.0,-0.04422274293729895,1.3670059648543034,-0.001893007961849871,0.44032309616032156,0.0688670498794734,-0.035407932924862946,-0.1784365882958641,-0.13500204535580707,0.2522447865517777,0.2563341199540968,Banks—Regional,Financial Services,HTLFP
2015Q1,2015,Q1,2015-05-07,2015-03-31,15505000.0,53930000.0,23308000.0,0.756599814570829,53930000.0,1.0,6506276000.0,567347000.0,1465269000.0,311231000.0,5938929000.0,0.0,312212000.0,503353500.0,650956500.0,28.065644323522136,4.707978960964685,0.03985920671056684,0.45710120966533707,0.019002470115473666,28.065644323522136,0.027328953885364687,9.333460040793621,8.115986778458561,0.8872057136108942,0.14582392776523703,0.0,0.004491873007737107,0.008288919806045732,4.707978960964685,0.002383083656457242,-23.88504792635475,1.0,0.15633969866154107,1.3642736968092353,-0.02884412644903024,0.4774977473642427,0.03371604914607732,0.2643725026502487,0.4049427365883062,-0.013517638951308595,0.1512849078827863,0.27293777481271525,Banks—Regional,Financial Services,HTLFP
2014Q4,2014,Q4,2015-03-13,2014-12-31,12263000.0,52171000.0,16590000.0,0.654305837157187,52171000.0,1.0,6052362000.0,496317000.0,1475739000.0,391768000.0,5556045000.0,0.0,298764000.0,459703800.0,716096800.0,26.88316542086448,3.766869677972678,0.012557081020599891,0.1531279404090531,0.021426936470522455,26.88316542086448,0.024707999121529184,8.811481474382319,9.371764657914051,0.9262302117396743,0.1674957188289978,0.0,0.004468094455603804,0.008619940446391012,3.766869677972678,0.002026151112573901,9.118755083014301,1.0,0.024275812731742865,2.3974758909046163,-0.026384879593696366,0.418877012904046,0.013206191373249694,0.024221164286310867,0.11424541607898449,0.7609499966779422,0.2643754955614395,0.26517863863847196,Banks—Regional,Financial Services,HTLFP
2014Q3,2014,Q3,2014-11-07,2014-09-30,11973000.0,51491000.0,14889000.0,0.6387984847676466,51491000.0,1.0,5934809000.0,483399000.0,1437539000.0,390178000.0,5451410000.0,0.0,288555000.0,459554400.0,740023400.0,26.191970091027308,3.6843158763436175,0.05868849359768781,0.7205331413594153,0.01439574656368131,26.191970091027308,0.02476835905742461,8.924946107086676,9.595640190428464,0.9506730464895459,0.1712185751273699,0.0,0.0044608429382897875,0.008676100612504968,3.6843158763436175,0.0020174196001926936,22.899860474387083,1.0,0.1110492673158464,2.044533825694405,0.010807892086257818,0.3262877460592338,0.013622315399909447,0.111286430295155,-0.0023452157598499064,0.4531670013371501,0.26904022703982455,0.311783218138181,Banks—Regional,Financial Services,HTLFP
2014Q2,2014,Q2,2014-08-07,2014-06-30,10774000.0,50799000.0,14924000.0,0.574950637707455,50799000.0,1.0,5913918000.0,472421000.0,1515469000.0,470300000.0,5441497000.0,0.0,278632000.0,459355200.0,777189200.0,25.608250216825674,3.222345311503296,0.07110244004059577,0.8900832096795019,0.01206609811684203,25.608250216825674,0.022805929456988575,9.04260320085041,10.658882494895117,0.9723428890756337,0.19027287915351773,0.0,0.004462777388826773,0.0085897369561093,3.222345311503296,0.001821804089945109,-84.44029411764706,1.0,0.5625472701120602,1.0239311989711992,-0.03521619356738769,0.3397383216694888,0.04498889163169588,0.5637155297532656,0.7367624810892587,-0.33306888503380966,-0.3724543040540507,0.28254853543160036,Banks—Regional,Financial Services,HTLFP
2014Q1,2014,Q1,2014-05-09,2014-03-31,6890000.0,48612000.0,8593000.0,0.36795727636849135,48612000.0,1.0,5747102000.0,457335000.0,1489384000.0,291487000.0,5289767000.0,0.0,269908000.0,459081300.0,626703300.0,24.805282855128276,5.109606946450442,0.044587689586856126,0.5603113691276635,0.009655472018049708,24.805282855128276,0.015065542764056982,9.443785485065415,16.657521770682145,1.0038184263176881,0.29738751814223513,0.0,0.004463261735993167,0.008458523965643902,5.109606946450442,0.0011988650975743949,52.49643224699828,1.0,-0.19035487770713813,0.005125102476558828,-0.00870593881674226,0.3082231694320426,0.04864421770174947,-0.13169502205419029,0.07668212003508332,0.4537188170819806,-0.10080199573314493,0.23998202089144935,Banks—Regional,Financial Services,HTLFP
2013Q4,2013,Q4,2014-03-14,2013-12-31,7935000.0,46357000.0,7981000.0,0.45446735395189003,46357000.0,1.0,5923716000.0,439460000.0,1759172000.0,467648000.0,5484256000.0,0.0,265067000.0,428255100.0,711741100.0,25.551485551485552,3.761743875735596,0.01772536022996376,0.23892959541255177,0.0145740733938214,25.551485551485552,0.018056250853319984,9.238197036046335,13.492599243856331,0.9745030264415419,0.2570888468809074,0.0,0.004763515951123525,0.007825662135051713,3.761743875735596,0.0013395307945215469,11.383405544775524,1.0,0.146712561373763,3.834216171631645,0.2657258984603645,0.37806102970057504,0.1624122367101304,0.16519823788546256,-0.03866538183570224,0.16396785374065564,-0.17943723407964923,0.27970556733421725,Banks—Regional,Financial Services,HTLFP
2013Q3,2013,Q3,2013-11-07,2013-09-30,6810000.0,39880000.0,8302000.0,0.39632194610952687,39880000.0,1.0,4912730000.0,396603000.0,1556618000.0,268591000.0,4516127000.0,0.0,259172000.0,420909600.0,479949600.0,23.462079981069568,5.79549575376688,0.0456056001449296,0.5649175623986707,0.010972350000241682,23.462079981069568,0.017170823216163266,10.554403209628887,15.45189427312775,1.061286979674889,0.28928046989721,0.0,0.004680339911467926,0.008117686093068417,5.79549575376688,0.001386194641268704,8.739817275747509,1.0,-0.28213619685407765,1.2096478262684138,-0.08408122855436125,0.7162956355985861,0.024560682355359163,-0.28255372945638435,-0.3688611829101414,-0.04046362457563823,-0.21162127401660222,0.1591856133669525,Banks—Regional,Financial Services,HTLFP
2013Q2,2013,Q2,2013-08-08,2013-06-30,9492000.0,38924000.0,13154000.0,0.5520851509335195,38924000.0,1.0,4959756000.0,395135000.0,1634515000.0,387155000.0,4564621000.0,0.0,254332000.0,420810000.0,647894000.0,23.380769230769232,4.22186204491741,0.06838663031003944,0.858392701228694,0.013013471039715872,23.380769230769232,0.02402216963822491,10.81106772171411,11.0832806573957,1.0649777924000656,0.20006321112515804,0.0,0.0045127254580451985,0.0078479667144916,4.22186204491741,0.001913803824220385,14.133946864608873,1.0,-0.2440497538962397,0.9683664587755265,0.021755023247065537,0.6924252231532051,0.006646494426772183,-0.24378585086042065,-0.25897132555912344,0.8140755351011763,-0.18613158718997008,0.18655019155273175,Banks—Regional,Financial Services,HTLFP
2013Q1,2013,Q1,2013-05-09,2013-03-31,12552000.0,38667000.0,17751000.0,0.7303194274742538,38667000.0,1.0,4900558000.0,411176000.0,1599156000.0,307551000.0,4489382000.0,0.0,246675000.0,419614800.0,547721800.0,24.399240446237837,5.199644936937289,0.041361412312638686,0.4929616514582563,0.02044732598107091,24.399240446237837,0.030527073564604938,10.852013344712546,8.357528680688336,1.0205235714146739,0.16666666666666666,0.0,0.00498552481942963,0.007890325958798978,5.199644936937289,0.0025613409738237973,43.924924107610174,1.0,0.29869846016073826,0.9588974244505456,0.04435085363406655,0.7050802026469539,0.018249328487912782,0.3310710498409332,1.454847185728115,1.295943549472895,-0.16474074890569557,0.28448227951428706,Banks—Regional,Financial Services,HTLFP
2012Q4,2012,Q4,2013-03-15,2012-12-31,9430000.0,37974000.0,7231000.0,0.5623471882640587,37974000.0,1.0,4990553000.0,401805000.0,1674129000.0,351329000.0,4588748000.0,0.0,236279000.0,411298200.0,467870200.0,24.325281511078824,4.765131828001674,0.0031551613618771308,0.03918816341260064,0.02272536767963674,24.325281511078824,0.023469095705628353,10.83104755885606,10.903981972428419,1.023626385933475,0.3988335100742312,0.0,0.009144217018212091,0.007609176778605497,4.765131828001674,0.0018895701538486818,15.643473299863077,1.0,-0.3073644659016636,0.3935793653799474,0.05702675041890868,0.7386352552714708,0.0315657937629034,-0.30574983435176323,-0.6370162140454796,2.201103890100256,-0.20792596006800831,0.2838734660949632,Banks—Regional,Financial Services,HTLFP
2012Q3,2012,Q3,2012-11-09,2012-09-30,13583000.0,36812000.0,19921000.0,0.8118947997609085,36812000.0,1.0,4593197000.0,392094000.0,1467428000.0,317879000.0,4201103000.0,0.0,230633000.0,410451600.0,464633600.0,23.786338267410823,4.616309979583426,0.05340681011504623,0.625635689401011,0.021309942548030914,23.786338267410823,0.03464220314516417,11.149940236879278,7.554509313111978,1.046819385147439,0.19119487594787601,0.0,0.006327177187273726,0.00801446138713406,4.616309979583426,0.0029571995279105163,-51.93617613564469,1.0,-0.027749581667007143,0.9612060617581694,0.04706664035352566,0.7637900228251724,-0.009817898162842618,-0.02728444571755944,-0.05120022861497428,2.867127556285684,-0.19090095822677636,0.20447331216578354,Banks—Regional,Financial Services,HTLFP
2012Q2,2012,Q2,2012-08-09,2012-06-30,13964000.0,37177000.0,20996000.0,0.8350675756488458,37177000.0,1.0,4427684000.0,372338000.0,1357383000.0,340240000.0,4055346000.0,0.0,219643000.0,410401800.0,577055800.0,22.5905836670307,3.989486832823889,0.056346613714980565,0.670049793467226,0.0224565511407587,22.5905836670307,0.03750355859461027,11.03913172122549,7.347497135491263,1.1022291573785108,0.19099112002291607,0.0,0.006498509509461217,0.008396488999666643,3.989486832823889,0.003153793269799742,9.342176189392214,1.0,0.17615151499837445,1.2577202910266776,0.038492695326685,0.7592738715667421,-0.026601733301913965,0.08966055403823645,0.10001571750406035,1.9360807401177458,-0.2097062199736406,0.18186406300092367,Banks—Regional,Financial Services,HTLFP
2012Q1,2012,Q1,2012-05-10,2012-03-31,12815000.0,38193000.0,19087000.0,0.71,38193000.0,1.0,4312851000.0,363394000.0,1315230000.0,293687000.0,3949457000.0,0.0,208353000.0,410401800.0,489812800.0,22.04793107632569,4.478339184233555,0.053220711775111174,0.631636735884467,0.021613115948506307,22.04793107632569,0.03526475395851335,10.74547168329275,8.006277799453764,1.1293576668849787,0.20834959032383926,0.0,0.006505819418920677,0.008855627055050127,4.478339184233555,0.00297135236065424,-12.284536637931035,1.0,1.2903225806451613,1.2205856870559697,0.10697930554750434,0.7153363228699553,0.036810815212965226,1.061283577288081,1.4197515212981744,1.091220626631854,-0.12878943406555812,0.16280126457525373,Banks—Regional,Financial Services,HTLFP
2011Q4,2011,Q4,2012-03-15,2011-12-31,6217000.0,36837000.0,7888000.0,0.31,36837000.0,1.0,4305058000.0,350218000.0,1397833000.0,369232000.0,3954840000.0,0.0,198182000.0,410401800.0,550648800.0,21.248513529911417,3.7857850890497033,0.06273574014566122,0.7711796652370809,0.010022585881969824,21.248513529911417,0.017751800307237206,11.14102125580259,16.5032089432202,1.1718466783546249,0.45777706289207015,0.0,0.006934667440542415,0.00855667914346334,3.7857850890497033,0.0014441152709208564,-19.91951657525603,1.0,0.4761904761904762,-0.17469799548652598,0.0568641514847224,0.6700030041342608,0.016613771215675453,-0.15506931231312857,-0.20379529625517312,3.3171822586656727,0.04954698273405901,0.14599005899811177,Banks—Regional,Financial Services,HTLFP
2011Q3,2011,Q3,2011-11-09,2011-09-30,7358000.0,36235000.0,9907000.0,0.21,36235000.0,1.0,4112679000.0,329091000.0,1346174000.0,209866000.0,3762162000.0,0.0,194780000.0,410401800.0,501995800.0,19.96669093556607,6.414445408022262,0.057350452101902434,0.7167136141675099,0.013024046162968731,19.96669093556607,0.02235855735951454,11.326115634055471,13.944067681435172,1.247076948321285,0.40839902147322643,0.0,0.007322092641893871,0.008810558762305543,6.414445408022262,0.001789101459170531,12.286007663752844,1.0,-0.7042253521126761,0.07041024148967122,0.0423438713574778,0.6293004856844386,-0.49897679820801416,-0.49019607843137253,-0.5170850597124056,1.4485856905158072,-0.1464879634427852,0.46060129953131657,Banks—Regional,Financial Services,HTLFP
2011Q2,2011,Q2,2011-08-09,2011-06-30,14433000.0,72322000.0,20515000.0,0.71,72322000.0,1.0,4010617000.0,329091000.0,1282257000.0,204664000.0,3667735000.0,0.0,193032000.0,410401800.0,430034800.0,19.96669093556607,6.265180979556737,0.05880990381280486,0.7167136141675099,0.02554716747351559,19.96669093556607,0.0438571702052016,5.67464671884074,7.108740386614009,1.247076948321285,0.1844384396868288,0.0,0.0064863263270287805,0.018032636873578305,6.265180979556737,0.003598698155420974,12.8046488409098,1.0,1.7619117299976395,1.319672131147541,0.9345709394393326,0.7188678456893939,0.4964514059881231,2.4064196365352846,0.0,2.0688921964703377,0.9465991979113398,0.4452959621955397,Banks—Regional,Financial Services,HTLFP
2011Q1,2011,Q1,2011-05-10,2011-03-31,4237000.0,48329000.0,0.0,0.25706831695182625,48329000.0,1.0,4003374000.0,329715000.0,2599624000.0,194934000.0,3670982000.0,0.0,185788000.0,410401800.0,888505800.0,20.004550418638516,13.335918823807033,0.13993571422505116,1.6990886068271083,0.0,20.004550418638516,0.012850492091654914,8.491833060895114,24.21535284399339,1.2447168008734815,0.6275666745338683,0.0,0.006479016417569319,0.012072067211307262,0.421224619614844,0.0010583572756379994,-2472.3,1.0,-0.35144650237256997,-0.05276101050748924,0.3420621476770985,0.7341373361664527,-0.10731635235227839,-0.35144650237257,0.0,-0.32391894048188924,0.3346128355241355,0.3979682259712618,Banks—Regional,Financial Services,HTLFP
2010Q4,2010,Q4,2011-03-16,2010-12-31,6533000.0,54139000.0,0.0,0.3963717995388909,54139000.0,1.0,3999455000.0,329091000.0,2574504000.0,235864000.0,3667671000.0,0.0,184525000.0,410401800.0,949832800.0,19.96669093556607,10.915205372587593,0.14961813547095792,1.8183146910732897,0.0,19.96669093556607,0.019851651974681774,7.580520512015368,15.704951783254247,1.247076948321285,0.4062452165926833,0.0,0.006466833235136883,0.013536594360981685,0.24997456161177628,0.0016334725606363867,62.513602437166796,1.0,-0.05592485549132951,0.13341429562803603,0.5571054675141651,0.7522362788320234,0.09766432829163456,-0.05592485549132948,0.0,-0.03243483412322278,0.5102798002622257,0.427107545533391,Banks—Regional,Financial Services,HTLFP
2010Q3,2010,Q3,2010-11-09,2010-09-30,6920000.0,49322000.0,0.0,0.419851959713627,49322000.0,1.0,4063184000.0,333598000.0,2692528000.0,196533000.0,3726858000.0,0.0,180961000.0,410401800.0,881807800.0,20.24014075961655,13.70013178448403,0.15012389298638704,1.8284911780046642,0.0,20.24014075961655,0.02074352963746785,8.320866955922307,14.826654624277456,1.2302285984927968,0.3829479768786127,0.0,0.006457086689190935,0.01213875620695494,0.7050978716042599,0.0017030978661069743,13.02697435246318,1.0,0.35606505976876357,0.09980928162746348,0.4164847788627228,0.8014990981650089,0.05743627125184915,0.35606505976876346,0.0,-0.000722021660649784,0.40306659460074534,0.500834551793949,Banks—Regional,Financial Services,HTLFP
2010Q2,2010,Q2,2010-08-09,2010-06-30,5103000.0,46643000.0,0.0,0.3096104841645431,46643000.0,1.0,4008429000.0,324775000.0,2632514000.0,200515000.0,3680928000.0,0.0,177006000.0,410401800.0,965443800.0,19.70482951098168,13.128763434157046,0.1562978912686242,1.9290554999615117,0.0,19.70482951098168,0.015712416288199523,8.798786527453208,20.105908289241622,1.2636496035717033,0.5198902606310014,0.0,0.006464396598650396,0.011636229555269658,0.3564172256439668,0.0012730673288712361,17.743268482490272,1.0,-0.04563306527024498,-0.05604883462819102,0.4074107600856943,0.7820692909583751,0.030169843408353027,-0.045633065270245,0.0,-0.17493936944219884,0.30291348920360894,0.5345416574136638,Banks—Regional,Financial Services,HTLFP
2010Q1,2010,Q1,2010-05-10,2010-03-31,5347000.0,45277000.0,0.0,0.3244145128018444,45277000.0,1.0,3998241000.0,313082000.0,2603001000.0,190732000.0,3682408000.0,0.0,174870000.0,410401800.0,953948800.0,18.99538890911297,13.64742675586687,0.15426058609273427,1.9699982752122447,0.0,18.99538890911297,0.0170785928287158,9.064244539169998,19.1884140639611,1.3108444433087816,0.49541799139704507,0.0,0.006454650052704448,0.011324229830067773,0.38391040832162404,0.0013373380944270243,42.599314926302675,1.0,1.6825376563696706,0.015767477203647337,0.42730597061975906,0.778885107301746,-0.05353484677453071,1.6825376563696706,0.0,-0.0734708022872986,0.31230073618920623,0.4778475336322871,Banks—Regional,Financial Services,HTLFP
2009Q4,2009,Q4,2010-03-16,2009-12-31,-7834000.0,47838000.0,0.0,-0.4753063948549933,47838000.0,1.0,4012991000.0,312281000.0,2679011000.0,162349000.0,3697934000.0,0.0,172487000.0,410401800.0,846560800.0,18.946790438053632,16.501555291378452,0.15294776389979445,1.9654669992730907,0.0,18.946790438053632,-0.025086380535479263,8.578991596638655,-13.096815164666836,1.3142067560946713,-0.3375031912177687,0.0,0.0064424668702720116,0.01192078427287776,1.094056631084885,-0.001952159872773201,-47.015901019589876,1.0,-3.2306378132118447,-2.188229940846352,0.47721096837944665,0.7765243312739643,0.0515695067264574,-3.230637813211845,0.0,-2.0399575202442586,0.37248601348443533,0.4891016684866315,Banks—Regional,Financial Services,HTLFP
2009Q3,2009,Q3,2009-11-09,2009-09-30,3512000.0,45492000.0,0.0,0.21308093677951706,45492000.0,1.0,3879613000.0,325492000.0,2604421000.0,111346000.0,3551248000.0,0.0,183280000.0,410401800.0,901960800.0,19.748331513165876,23.39034181739802,0.14660998403706763,1.747477664581618,0.0,19.748331513165876,0.010789819719071437,9.021405961487734,29.21425113895216,1.260866012067885,0.7525626423690205,0.0,0.006440030233785524,0.01172591183708272,0.6936127027463941,0.0009052449303577444,32.355865657521285,1.0,-0.26156433978132887,-0.12593330014932796,0.5607245780156442,0.9084507455160564,-0.03294927936737384,-0.26156433978132887,0.0,-0.4890893220832121,0.30863274170813804,0.6114821544387397,Banks—Regional,Financial Services,HTLFP
2009Q2,2009,Q2,2009-08-10,2009-06-30,4756000.0,47042000.0,0.0,0.2885572139303483,47042000.0,1.0,3766731000.0,315043000.0,2535808000.0,132301000.0,3448771000.0,0.0,182726000.0,410401800.0,964795800.0,19.114367188448004,19.16696018926539,0.1565837857813579,1.8721539599356278,0.0,19.114367188448004,0.015096351926562406,8.724157136176183,21.572844827586206,1.3026850302974513,0.5555088309503785,0.0,0.006437593597299038,0.012488813244163175,0.26768505151132643,0.0012626333019267902,22.353039215686273,1.0,-0.22389033942558736,0.039562841530054696,0.7503999999999998,0.9185606060606062,0.07306279796528206,-0.22389033942558748,0.0,-0.23561555769848913,0.25834581639203935,0.6454940509145608,Banks—Regional,Financial Services,HTLFP
2009Q1,2009,Q1,2009-05-11,2009-03-31,6128000.0,43839000.0,0.0,0.3717995388909113,43839000.0,1.0,3730100000.0,312516000.0,2554546000.0,117766000.0,3414623000.0,0.0,180927000.0,410401800.0,919572800.0,18.961048416454314,21.691710680502013,0.15962199404841693,1.9052016536753318,0.0,18.961048416454314,0.01960859603988276,9.361568466433997,16.742893276762402,1.3132185232116114,0.3676566579634465,0.0,0.005489742004055538,0.011752768022305031,0.7322571879829493,0.0016428513980858421,37.411285323609846,1.0,3.284010436079016,0.20963284642716146,0.650316217437133,1.1420023440873484,0.24904552965980967,3.284010436079016,0.0,0.3699977643639616,0.21737802338174445,0.6436791281846296,Banks—Regional,Financial Services,HTLFP
2008Q4,2008,Q4,2009-03-16,2008-12-31,-2683000.0,35098000.0,0.0,-0.16278364276180074,35098000.0,1.0,3630268000.0,305603000.0,2557777000.0,210184000.0,3324665000.0,0.0,177753000.0,410401800.0,1009441800.0,18.541621162480283,12.169227914589122,0.17850390108939615,2.1204536604679927,0.0,18.541621162480283,-0.008779364076923328,11.693025243603625,-38.24094297428252,1.3429246440643579,-0.6011926947446887,0.0,0.003930294652703765,0.009668156731128391,0.23301963993453356,-0.0007390638928035066,37.3772131147541,1.0,-1.8928452579034942,-1.7204618689581095,0.47179938776366004,1.1685814238981576,-0.17326989211852828,-1.8928452579034942,0.0,-1.465475364330326,0.009462452184417188,0.6271750473878135,Banks—Regional,Financial Services,HTLFP
2008Q3,2008,Q3,2008-11-10,2008-09-30,3005000.0,42454000.0,0.0,0.18232010678315738,42454000.0,1.0,3445982000.0,225312000.0,2517075000.0,176543000.0,3220670000.0,0.0,182227000.0,410401800.0,996553800.0,13.67018565708045,14.257574641871951,0.17895885701086076,2.7370446314443972,0.0,13.67018565708045,0.013337061496946457,9.666976021105196,34.143244592346086,1.8214822113336173,0.5364392678868553,0.0,0.003927858016217279,0.012319855414218647,0.17297202381289545,0.0008720300918577056,51.51271494916531,1.0,-0.36104614076121627,-0.42914133738601823,0.6321556264657261,0.6431498957133062,0.14268026808063952,-0.36104614076121627,0.0,-0.5224094087730451,0.21924181504882262,0.21673200920195698,Banks—Regional,Financial Services,HTLFP
2008Q2,2008,Q2,2008-08-11,2008-06-30,4703000.0,37153000.0,0.0,0.2853415847591312,37153000.0,1.0,3379071000.0,227698000.0,2416743000.0,263137000.0,3151373000.0,0.0,180834000.0,410401800.0,632798800.0,13.814949642033733,9.184352637599426,0.0778725868737295,1.155640365747613,0.0,13.814949642033733,0.020654551203787473,11.0462627513256,21.815957899213267,1.802395277955889,0.34424835211567084,0.0,0.003944914471622688,0.01099503384214182,0.15482429304886808,0.0013918026581862292,61.22658511114427,1.0,-0.24956119355353437,0.11789874019491332,0.5730798543483783,0.6626117179741806,0.025985861040539047,-0.2495611935535344,0.0,-0.13004069552349246,0.1210585075887872,0.24939916376765467,Banks—Regional,Financial Services,HTLFP
2008Q1,2008,Q1,2008-05-12,2008-03-31,6267000.0,36212000.0,0.0,0.38023298143429196,36212000.0,1.0,3300480000.0,235853000.0,2397625000.0,226106000.0,3064627000.0,0.0,177750000.0,410401800.0,983414800.0,14.30973182866157,10.603986625741909,0.18378690372309484,2.571877398209902,0.0,14.30973182866157,0.026571635722250724,11.333309400198829,16.371541407371947,1.7400745379537252,0.25801819052178077,0.0,0.003940041198649714,0.010971737444250533,0.14847903195846196,0.0018988147178592204,66.24726392251816,1.0,-0.07183056872037914,0.3852785145888595,0.49426425682924824,0.8468724550523085,0.010182163081987335,-0.07183056872037914,0.0,0.19053951367781155,0.14154214740558604,0.340081477735669,Banks—Regional,Financial Services,HTLFP
2007Q4,2007,Q4,2008-03-17,2007-12-31,6752000.0,35847000.0,0.0,0.40965902196335396,35847000.0,1.0,3264126000.0,230600000.0,2405316000.0,354146000.0,3033526000.0,0.0,173891000.0,410401800.0,981686800.0,13.991020507219998,6.791876796575424,0.18925525546501576,2.678894189071986,0.0,13.991020507219998,0.02928013876843018,11.448707004770274,15.195564277251185,1.7797129228100605,0.24274289099526067,0.0,0.003993647201352431,0.010982112822850588,0.13121142127822988,0.002068547598959109,37.05659593679458,1.0,-0.024981949458483716,0.10579757615460207,0.46188980873536956,0.8590627292588741,0.019742269507581144,-0.024981949458483754,0.0,0.024116487183376372,0.106935523715415,0.3118521805418076,Banks—Regional,Financial Services,HTLFP
2007Q3,2007,Q3,2007-11-09,2007-09-30,6925000.0,35153000.0,0.0,0.4201553209561946,35153000.0,1.0,3202455000.0,222275000.0,2386072000.0,256822000.0,2980180000.0,0.0,168778000.0,410401800.0,904761800.0,13.48592403834486,9.290761694870378,0.1641047259055943,2.364359464627151,0.0,13.48592403834486,0.031155100663592398,11.67473046397178,14.815949458483754,1.8463695872230346,0.21256317689530685,0.0,0.003586728908109078,0.010976891166308348,0.12139925707299219,0.0021624035310410295,49.48773664536356,1.0,0.11964430072756674,0.4496545949340589,0.5448472863107009,0.0,-0.018045196793206514,0.1196443007275667,0.0,0.7234942757590841,0.206017565527652,0.30326057002808504,Banks—Regional,Financial Services,HTLFP
2007Q2,2007,Q2,2007-08-09,2007-06-30,6185000.0,35799000.0,0.0,0.3752578570561825,35799000.0,1.0,3154416000.0,211643000.0,2399600000.0,274141000.0,2942773000.0,0.0,163325000.0,410401800.0,921427800.0,12.84085669214901,8.753159870285728,0.17210761041029465,2.565163978964577,0.0,12.84085669214901,0.0292237399772258,11.464057655241767,16.588593371059012,1.9391229570550408,0.23718674211802748,0.0,0.0035745457256766418,0.011348851895247805,0.11626498772529464,0.001960743288139548,-106.986913451512,1.0,0.07173800034656035,0.5814369726412681,0.6582055676501923,0.0,0.03759202365080285,0.07173800034656039,0.0,0.3519125683060108,0.3320558139534884,0.2888714313553542,Banks—Regional,Financial Services,HTLFP
2007Q1,2007,Q1,2007-05-10,2007-03-31,5771000.0,34502000.0,0.0,0.3501395461715811,34502000.0,1.0,3136360000.0,211850000.0,2386402000.0,304342000.0,2924510000.0,0.0,158607000.0,410401800.0,894603800.0,12.853415847591311,7.841185245546129,0.1642496397097272,2.4316544725041305,0.0,12.853415847591311,0.027240972386122258,11.895014781751783,17.778625888060994,1.9372282275194714,0.25506844567665915,0.0,0.003586728908109078,0.011000650435536738,0.10167508920885057,0.0018400311188766596,-660.872463768116,1.0,-0.23390415505110848,0.5135064253868344,0.5653554738895697,0.0,-0.01012767178310142,-0.23390415505110845,0.0,0.13916304776944338,0.29882547809064913,0.45203188507117936,Banks—Regional,Financial Services,HTLFP
