Quarters,Year,Quarter,FillingDate,Date,NetIncome,Revenue,OperatingIncome,EPSDiluted,GrossProfit,GrossProfitRatio,TotalAssets,CommonStockEquity,CurrentAssets,CurrentLiability,TotalLiability,Inventory,RetainedEarnings,MarketCap,EnterpriseValue,bookValuePerShare,currentRatio,debtToAssets,debtToEquity,roic,shareholdersEquityPerShare,roe,priceToSalesRatio,peRatio,pbRatio,payoutRatio,inventoryTurnover,dividendYield,assetTurnover,quickRatio,returnOnAssets,priceToFreeCashFlowsRatio,grossProfitMargin,epsdilutedGrowth,fiveYNetIncomeGrowthPerShare,fiveYRevenueGrowthPerShare,fiveYShareholdersEquityGrowthPerShare,grossProfitGrowth,netIncomeGrowth,operatingIncomeGrowth,threeYNetIncomeGrowthPerShare,threeYRevenueGrowthPerShare,threeYShareholdersEquityGrowthPerShare,Industry,Sector,Symbol
2020Q2,2020,Q2,2020-06-30,2020-06-30,-375489060.0,33363450.0,29765970.0,-7.05,30135720.0,0.9032555086,1559601667.0,1546624320.0,21215225.0,12154781.0,12977347.0,0.0,51277844.0,1316075850.6000001,1316044405.6000001,29.038665917148165,1.7454222334404874,0.0,0.0,0.06861603224238086,29.038665917148165,-0.24277974627994986,39.44663548284126,-0.8762411417525721,0.850934408298972,-0.10920200977360033,0.0,0.03115638052419712,0.021392289265871885,1.7454222334404874,-0.2407595913399341,-12.496086658214889,0.9032555086479366,-2.7803030303030303,-10.955474544520088,0.34216028862370096,0.13813996453671887,0.0905873360991526,-2.1716609793948285,0.09637954233124722,-2.29175822888016,0.19970544645870777,0.10508919366825116,Asset Management,Financial Services,TY
2019Q4,2019,Q4,2019-12-31,2019-12-31,320475860.0,31138870.0,27149330.0,3.96,27632560.0,0.887397648,1705349690.0,1702037615.0,8865968.0,2185381.0,3312075.0,0.0,197601043.0,1490890938.6,1490890938.6,32.193810761283004,4.056943846404814,0.0,0.0,0.040920080782252226,32.193810761283004,0.18828952848965091,47.878774618346775,1.1630290488962258,0.87594476494575,0.22039943975811468,0.0,0.04737616828386296,0.01825952189313149,4.056943846404814,0.18792383865856863,11.934302411409737,0.8873976480199828,-0.824390243902439,2.9910363003143443,0.39521315764629344,0.2574895416473767,-0.004141637366708617,-0.46094148673679924,-0.005654905025796842,-0.002747760629265117,0.16270108870844302,0.18595297580675943,Asset Management,Financial Services,TY
2019Q2,2019,Q2,2019-06-30,2019-06-30,594510340.0,31052800.0,27303730.0,22.55,27747480.0,0.8935580688,1645563800.0,1632978207.0,17182293.0,12309840.0,12585593.0,0.0,143275693.0,716541175.8,716541167.8,61.942494256113065,1.3958177360550583,0.0,0.0,0.04594081977340246,61.942494256113065,0.3640650790387431,23.074929661737425,0.30131569107780365,0.4387940835514163,0.05615185767837108,0.0,0.04658889276353014,0.018870614436219367,1.3958177360550583,0.36128063828336526,3.3116077349904747,0.8935580688375927,3.81875,4.410014728110605,1.7475450638550474,1.4767344953518877,-0.0004600102664781477,2.525058820200642,0.0011733762397911683,10.403479489911604,1.2143941375878113,1.5050241622106448,Asset Management,Financial Services,TY
2018Q4,2018,Q4,2018-12-31,2018-12-31,-389827810.0,31261700.0,27271730.0,-8.0,27760250.0,0.8879955345,1474077664.0,1468848213.0,12700693.0,4058814.0,5229451.0,0.0,-39714049.0,1146270014.4,1146270014.4,30.138893572857995,3.129163593108726,0.0,0.0,0.0647614493661007,30.138893572857995,-0.26539693247392065,36.66691236880912,-0.7351130325976486,0.7803869754920687,-0.20133440454132814,0.0,0.06847056017694256,0.02120763428106594,3.129163593108726,-0.2644554079614627,-10.256398913936783,0.8879955344718937,-7.8965517241379315,-1.9960665210898165,0.5350946084857814,0.26004876074932304,0.04734476347425577,-7.198422011509988,0.048120957861061874,-0.946897823579477,0.3134457440972732,0.22270157548974007,Asset Management,Financial Services,TY
2018Q2,2018,Q2,2018-06-30,2018-06-30,62891460.0,30028430.0,26019640.0,1.16,26505360.0,0.8826755178,1663833092.0,1656084403.0,14227520.0,7020350.0,7748689.0,0.0,-891602.0,1433742715.9,1433742715.9,30.621112865407653,2.026611208842864,0.0,0.0,0.025792622820221225,30.621112865407653,0.0379759992220638,47.74617640349496,5.699274257188496,0.8657425390292744,0.4044830570001078,0.0,0.017742744020869554,0.01804774177432937,2.026611208842864,0.03779914001133474,37.42451996267318,0.8826755178342657,-0.8836509528585758,-0.7972657040973211,0.45590461681450056,0.44832086284913036,-0.00662912858890408,-0.8552760492921693,-0.007414358739604792,0.6421129754972388,0.18963226870466307,0.20016230808073557,Asset Management,Financial Services,TY
2017Q4,2017,Q4,2017-12-31,2017-12-31,434561520.0,30102150.0,26214000.0,9.97,26682240.0,0.8863898426,1677414460.0,1675190260.0,9803890.0,2223870.0,2224200.0,0.0,8289610.0,1173984315.6000001,1173984315.6000001,38.441421239375885,4.408481610885528,0.0,0.0,0.04189112875766135,38.441421239375885,0.25941024752615266,39.00001546733373,0.6753844171476573,0.7008065553103204,0.0742844649475637,0.0,0.027497105004764683,0.01794556486653871,4.408481610885528,0.2590662775137875,7.232091866781857,0.8863898425859947,0.8260073260073262,2.8219541748007706,0.7523245011677354,0.9656793578296637,0.02981067045930409,0.42444537835206575,0.031811227431835475,5.565588913236454,0.6363164403716484,0.5015210697799994,Asset Management,Financial Services,TY
2017Q2,2017,Q2,2017-06-30,2017-06-30,305074190.0,29186750.0,25405810.0,5.46,25909850.0,0.8877264512,1474077660.0,1468848210.0,12832900.0,5163420.0,5229450.0,0.0,-39714050.0,1361120439.5,1361112189.5,26.277214620800645,2.4853488579274976,0.0,0.0,0.044480759002086666,26.277214620800645,0.20769619891493077,46.63487505460526,1.1154011746290304,0.9266583369427942,0.09517612748557983,0.0,0.021332263595032142,0.019800008365909297,2.4853488579274976,0.20695937417571336,11.473796702481526,0.8877264512150205,-0.10197368421052633,0.38447559748889354,0.5372152466943964,0.4118570933619516,0.03680872348939576,-0.09682577417253833,0.03612601957585644,0.30929832205590946,0.21793442419356926,0.05067909638913294,Asset Management,Financial Services,TY
2016Q4,2016,Q4,2016-12-31,2016-12-31,337780000.0,28150000.0,24520000.0,6.08,24990000.0,0.8877442274,1523000000.0,1508500000.0,22500000.0,14500000.0,14500000.0,0.0,-159600000.0,1225318500.0,1225318500.0,27.14594205506568,1.5517241379310345,0.0,0.0,0.04258154517503548,27.14594205506568,0.22391779913821677,43.52818827708703,0.9068909497305938,0.8122761020881671,,0.0,,0.018483256730137884,1.5517241379310345,0.22178594878529218,0.0,0.8877442273534636,2.0707070707070705,5.02189070564517,1.1061345290330056,0.5334367518648414,-0.10397992111868053,1.9479839413510212,-0.1060882245716369,-0.24306484850296495,0.21230018656687719,0.13491925518667436,Asset Management,Financial Services,TY
2016Q2,2016,Q2,2016-06-30,2016-06-30,114580000.0,30820000.0,27430000.0,1.98,27890000.0,0.9049318624,1464800000.0,1432700000.0,41300000.0,32000000.0,32100000.0,0.0,-214100000.0,1190087600.0,1190087600.0,24.72730410769762,1.290625,0.0,0.0,0.038840487888020615,24.72730410769762,0.07997487261813359,38.61413367942894,2.596630301972421,0.8306607105465205,,0.0,,0.021040415073730202,1.290625,0.07822228290551611,0.0,0.9049318624269954,1.481751824817518,-0.4975987333469937,1.782335580660953,0.3882366894110862,0.11694032839407288,1.4840113209141215,0.12050653594771242,-0.6552316661417085,0.3948128420252954,0.16955482900332824,Asset Management,Financial Services,TY
2015Q4,2015,Q4,2015-12-31,2015-12-31,-236730000.0,28140000.0,24480000.0,-4.11,24970000.0,0.8873489694,1426100000.0,1420300000.0,13100000.0,5800000.0,5800000.0,0.0,-191200000.0,1153552400.0,1153552400.0,24.64942728219368,2.2586206896551726,0.0,0.0,0.06518980365239485,24.64942728219368,-0.1666760543547138,40.99333333333333,-1.2182152663371775,0.8121892557910301,-0.10518312001013813,0.0,0.02158549537931697,0.01973213659631162,2.2586206896551726,-0.16599817684594348,-18.42735463258786,0.8873489694385217,-6.788732394366198,-1.437608720467171,1.473380592426489,0.46093111192035174,0.009704811969268095,-6.562265037593985,0.009068425391591096,-2.5746315749524986,0.2388894663730946,0.260433897311288,Asset Management,Financial Services,TY
2015Q2,2015,Q2,2015-06-30,2015-06-30,42560000.0,28050000.0,24260000.0,0.71,24730000.0,0.8816399287,1542500000.0,1533400000.0,21100000.0,9100000.0,9100000.0,0.0,-206300000.0,1273519000.0,1273519000.0,25.51414309484193,2.318681318681319,0.0,0.0,0.02217865420183656,25.51414309484193,0.027755314986304944,45.40174688057041,7.480727208646617,0.8305197600104344,0.5968045112781954,0.0,0.01994473580684701,0.018184764991896273,2.318681318681319,0.02759157212317666,41.892072368421054,0.8816399286987522,-0.5328947368421053,1.2949660253954312,1.4851580698835274,0.8897612641379213,0.11196043165467626,-0.5368375231254762,0.1108058608058608,-0.8203593673267469,0.3740575693308193,0.37085777276369736,Asset Management,Financial Services,TY
2014Q4,2014,Q4,2014-12-31,2014-12-31,91890000.0,25540000.0,21840000.0,1.52,22240000.0,0.8707909162,1558100000.0,1548900000.0,16000000.0,9200000.0,9200000.0,0.0,-286700000.0,1295305000.0,1295305000.0,25.601652892561983,1.7391304347826086,0.0,0.0,0.028671813592528617,25.601652892561983,0.05932597327135387,50.716718872357085,3.524064098378496,0.8362741300277616,0.2709761671563826,0.0,0.019223271739088478,0.016391759193889993,1.7391304347826086,0.058975675502214234,28.72073170731708,0.8707909162098669,-0.6354916067146282,-0.8101900472087724,1.6742651412359688,0.7668783007458173,-0.04426299957026214,-0.6420195566636799,-0.04753597906672481,2.004961922394213,0.7551475173902615,0.44620199123335896,Asset Management,Financial Services,TY
2014Q2,2014,Q2,2014-06-30,2014-06-30,256690000.0,26400000.0,22930000.0,4.17,23270000.0,0.8814393939,1555000000.0,1540100000.0,13100000.0,15000000.0,15000000.0,0.0,-366000000.0,1291948400.0,1291948400.0,25.00974342318935,0.8733333333333333,0.0,0.0,0.037895547092619046,25.00974342318935,0.16667099538990976,48.93743939393939,1.2582769098913085,0.8388730601908967,0.08960224395184853,0.0,0.017802568585556514,0.016977491961414792,0.8733333333333333,0.16507395498392283,12.80424578790882,0.881439393939394,-0.4806973848069738,6.32087432929449,1.6058149879266275,1.1426413350667184,0.026919682259488084,-0.48108840236925626,0.03148897885739991,0.05898464753052685,1.242433683680116,0.40409335613828157,Asset Management,Financial Services,TY
2013Q4,2013,Q4,2013-12-31,2013-12-31,494670000.0,25740000.0,22230000.0,8.03,22660000.0,0.8803418803,1480100000.0,1473400000.0,16100000.0,6700000.0,6700000.0,0.0,-462800000.0,1230768000.0,1230768000.0,23.91883116883117,2.4029850746268657,0.0,0.0,0.041530018609760085,23.91883116883117,0.3357336772091761,47.815384615384616,0.6220146764509673,0.8353250984118366,0.04265469909232417,0.0,0.01714376714376714,0.017390716843456524,2.4029850746268657,0.3342139044659145,6.849015025041736,0.8803418803418803,0.39895470383275244,1.27742363511985,0.16694250871080143,0.8228640093132847,0.07240889730241364,0.3761092719837539,0.06875,-0.1446560571830413,1.1162547211730727,0.41762987899351545,Asset Management,Financial Services,TY
2013Q2,2013,Q2,2013-06-30,2013-06-30,359470000.0,23900000.0,20800000.0,5.74,21130000.0,0.8841004184,1340300000.0,1325000000.0,19400000.0,15200000.0,15300000.0,0.0,-539300000.0,1126179900.0,1126179900.0,21.142492420615923,1.2763157894736843,0.0,0.0,0.04220959499376903,21.142492420615923,0.27129811320754715,47.12049790794979,0.7832224524995132,0.8499470943396227,0.06398308621025399,0.0,0.020423024776059315,0.017831828695068268,1.2763157894736843,0.26820114899649333,8.423185489902767,0.8841004184100418,1.199233716475096,1.5636045893564512,-0.04765030921148746,0.11219214038384226,-0.03867151956323931,1.2068266928602125,-0.04979442667884879,3.389174142815987,1.0306441772496457,0.5659653179528857,Asset Management,Financial Services,TY
2012Q4,2012,Q4,2012-12-31,2012-12-31,162890000.0,24610000.0,21890000.0,2.61,21980000.0,0.8931328728,1225800000.0,1220900000.0,6000000.0,4900000.0,4900000.0,0.0,-600300000.0,1002001500.0,1002001500.0,19.556303059426558,1.2244897959183674,0.0,0.0,0.04239395225658081,19.556303059426558,0.13341797034974198,40.71521739130435,1.5378499294002088,0.8207072651322795,0.13935784885505556,0.0,0.02265465670460573,0.020076684614129547,1.2244897959183674,0.13288464676129874,14.542837445573298,0.8931328728159285,-0.33756345177664976,1.3447123800504959,-0.2593267114164217,-0.16424807463675814,0.1568421052631579,-0.3511134127395132,0.19945205479452055,-0.6739327410347663,1.4972224114889274,0.34966315118461133,Asset Management,Financial Services,TY
2012Q2,2012,Q2,2012-06-30,2012-06-30,251030000.0,21630000.0,18250000.0,3.94,19000000.0,0.8784096163,1294400000.0,1185200000.0,5700000.0,109200000.0,109200000.0,0.0,-632100000.0,985129600.0,985129600.0,18.61180904522613,0.0521978021978022,0.0,0.0,0.040332026793164666,18.61180904522613,0.2118039149510631,45.54459546925566,0.9810875194199897,0.8311927100911238,0.0685177070469665,0.0,0.01745963170734084,0.01671044499381953,0.0521978021978022,0.19393541409147094,10.283189979123174,0.878409616273694,3.609271523178808,-0.2662281247608833,-0.29118972843439034,-0.331254395442664,0.49842271293375395,3.635208901952551,0.5195670274771024,6.031949890522737,1.0645851540310247,0.5945158135326715,Asset Management,Financial Services,TY
2011Q4,2011,Q4,2011-12-31,2011-12-31,-95260000.0,15160000.0,12010000.0,-1.51,12680000.0,0.8364116095,1215200000.0,1115800000.0,4900000.0,99400000.0,99400000.0,0.0,-689100000.0,896916900.0,896916900.0,17.702681262890685,0.04929577464788732,0.0,0.0,0.04317214365902208,17.702681262890685,-0.0853737228894067,59.16338390501319,-2.3538654734411084,0.8038330345940133,-0.10812513121981944,0.0,0.011483784060708411,0.012475312705727453,0.04929577464788732,-0.07839038841342989,-37.68558403361345,0.8364116094986808,-1.383248730964467,-1.1482349901495332,-0.21584931440003902,-0.3349998425699777,0.27565392354124746,-1.3692534304984882,0.29557713052858686,0.9477878150732552,-0.3283028213433015,0.34912865577306473,Asset Management,Financial Services,TY
2011Q2,2011,Q2,2011-06-30,2011-06-30,257980000.0,12530000.0,9270000.0,3.94,9940000.0,0.7932960894,1253200000.0,1167400000.0,1400000.0,85800000.0,85800000.0,0.0,-770500000.0,978512200.0,978512200.0,17.81202319194385,0.016317016317016316,0.0,0.0,0.022225753638561337,17.81202319194385,0.2209868082919308,78.09355147645651,0.9482442437398247,0.8381978756210382,0.036824560043414216,0.0,0.009708616816428043,0.009998404085541014,0.016317016317016316,0.20585700606447493,10.612930585683298,0.7932960893854749,-0.5804046858359958,6.054008683079982,-0.12969494128185696,-0.21471881758014857,-0.061378659112370164,-0.5780986802296106,-0.07021063189568706,1.386768561556029,-0.5225775107634275,-0.06300582711347365,Asset Management,Financial Services,TY
2010Q4,2010,Q4,2010-12-31,2010-12-31,611470000.0,12860000.0,9970000.0,9.39,10590000.0,0.8234836703,1181700000.0,1098900000.0,1100000.0,82800000.0,82800000.0,0.0,-800000000.0,896188800.0,896188800.0,16.87240902809765,0.013285024154589372,0.0,0.0,0.02635857564826064,16.87240902809765,0.5564382564382564,69.68808709175738,0.36640750977153413,0.8155326235326236,0.01848005625787038,0.0,0.012608950256910152,0.010882626724210883,0.013285024154589372,0.5174494372514175,4.257428978622328,0.8234836702954899,4.9125000000000005,3.124727522962827,-0.014453667519459343,-0.23959936101610202,0.0124282982791587,4.7515798515246335,0.019427402862985686,2.24036604509406,-0.6290047968922168,-0.27894611328639135,Asset Management,Financial Services,TY
2010Q2,2010,Q2,2010-06-30,2010-06-30,-162990000.0,12750000.0,9780000.0,-2.4,10460000.0,0.8203921569,986500000.0,916600000.0,8800000.0,68500000.0,69800000.0,0.0,-773600000.0,737964300.0,737964300.0,13.5012520253351,0.12846715328467154,0.0,0.0,0.036374850573833446,13.5012520253351,-0.17782020510582588,57.87955294117647,-1.1319165286213877,0.8051105171285184,-0.04478802380514142,0.0,0.009892077435182164,0.012924480486568676,0.12846715328467154,-0.1652204764318297,-15.438583682008368,0.8203921568627451,-1.3,-0.45153707187213227,-0.06419132004637974,-0.37789780081265845,0.25872442839951865,-1.29993927237261,0.30574098798397864,-1.446882801939928,-0.6080949012189772,-0.5148831085670544,Asset Management,Financial Services,TY
2009Q4,2009,Q4,2009-12-31,2009-12-31,543410000.0,10720000.0,7490000.0,8.0,8310000.0,0.7751865672,1179600000.0,984000000.0,1200000.0,194000000.0,195700000.0,0.0,-797800000.0,782323200.0,782323200.0,14.489765866588131,0.006185567010309278,0.0,0.0,0.02222275857113592,14.489765866588131,0.5522459349593496,72.97791044776119,0.3599138771829742,0.7950439024390243,0.012881617931212161,0.0,0.008947708568530246,0.009087826381824347,0.006185567010309278,0.46067310952865376,4.201520945220192,0.7751865671641791,11.256410256410255,0.7367103693340374,-0.3640757762466836,-0.36331446586854416,-0.12249208025343189,10.923484295105917,0.14176829268292682,-0.21515959265521117,-0.4853538985836848,-0.4556928162851728,Asset Management,Financial Services,TY
2009Q2,2009,Q2,2009-06-30,2009-06-30,-54760000.0,11500000.0,6560000.0,-0.78,9470000.0,0.8234782609,818000000.0,815900000.0,1700000.0,1800000.0,2100000.0,0.0,-828800000.0,642381000.0,641681000.0,11.672389127324749,0.9444444444444444,0.0,0.0,0.03172056246651123,11.672389127324749,-0.06711606814560608,55.85921739130435,-2.932710920379839,0.7873281039343056,-0.15157048940832724,0.0,0.01292068102885982,0.014058679706601468,0.9444444444444444,-0.0669437652811736,-46.21446043165468,0.8234782608695652,0.9730569948186528,0.0,0.0,0.0,-0.5615740740740741,0.9733513716062661,-0.6622039134912462,-2.4039209416771192,-0.2510591167105081,-0.4853977318131997,Asset Management,Financial Services,TY
2008Q4,2008,Q4,2008-12-31,2008-12-31,-2054890000.0,25420000.0,19420000.0,-28.95,21600000.0,0.8497246263,1002400000.0,931500000.0,84900000.0,2700000.0,70900000.0,0.0,-660800000.0,699961400.0,702661400.0,13.121566417805324,31.444444444444443,0.002693535514764565,0.002898550724637681,0.06356466214703127,13.121566417805324,-2.2060010735373052,27.535853658536585,-0.08515801332431419,0.7514346752549651,-0.07465119787433876,0.0,0.21915494197251445,0.025359138068635274,31.444444444444443,-2.0499700718276137,-1.0416092261904761,0.8497246262785209,-1.843811394891945,-4.876789181860919,1.3013219164582994,-0.33967557910226887,-0.40951339529797703,-0.9487605030062781,-0.43381924198250726,-13.717231900636335,0.7872920589300713,-0.40864120399446024,Asset Management,Financial Services,TY
2008Q2,2008,Q2,2008-06-30,2008-06-30,-1054460000.0,41490000.0,34300000.0,-10.18,36580000.0,0.8816582309,2013100000.0,1969600000.0,36000000.0,43000000.0,43500000.0,0.0,-157200000.0,1713709400.0,1713709400.0,19.00974809381334,0.8372093023255814,0.0,0.0,0.05587946030469539,19.00974809381334,-0.5353675873273761,41.30415521812485,-0.4063002389848832,0.870079914703493,-0.06325512584640479,0.0,0.038921418065396625,0.020610004470716804,0.8372093023255814,-0.5237991157915652,-5.215183810103469,0.8816582308990119,-0.34478203434610294,-3.5829542965132952,1.766059308092647,0.09461034608270583,-0.2590642090338262,-0.3520104626115499,-0.26109435588108576,-5.153205465228056,0.9953746668349505,-0.12408078354754422,Asset Management,Financial Services,TY
2007Q4,2007,Q4,2007-12-31,2007-12-31,-779920000.0,54840000.0,46420000.0,-7.57,49370000.0,0.9002552881,2472000000.0,2411100000.0,90100000.0,60400000.0,60900000.0,0.0,32300000.0,2153536000.0,2153536000.0,23.399650621118013,1.4917218543046358,0.0,0.0,0.06556130616792705,23.399650621118013,-0.32347061507195884,39.26943836615609,-0.6903066981228844,0.8931757289204096,-0.3038773207508462,0.0,0.11005156171060063,0.022184466019417474,1.4917218543046358,-0.31550161812297733,-9.404087336244542,0.900255288110868,-2.409683426443203,0.06299305435997145,1.8415510112802276,0.46032390468784007,0.1668636256204207,-2.417160300904895,0.1663316582914573,-2.6427735773873122,1.1440549403399805,0.028189081270781135,Asset Management,Financial Services,TY
2007Q2,2007,Q2,2007-06-30,2007-06-30,550340000.0,49090000.0,39800000.0,5.37,42310000.0,0.8618863312,2926900000.0,2851000000.0,44000000.0,75000000.0,75900000.0,0.0,193500000.0,2665488800.0,2665488800.0,27.830925419757907,0.5866666666666667,0.0,0.0,0.03658802800914814,27.830925419757907,0.193034023149772,54.29799959258505,1.2108373005778246,0.9349311820413889,0.027800995748083004,0.0,0.00574003537362453,0.01677201134305921,0.5866666666666667,0.18802828931634152,12.69280380952381,0.8618863312283561,-0.4735294117647058,1.5270314679950991,1.5453206373539146,0.4961006013861528,0.853263250109505,-0.466776475147757,0.9702970297029703,0.0,0.0,0.0,Asset Management,Financial Services,TY
2022Q4,2022,Q4,2022-12-31,2022-12-31,,,,,,,1616450919.0,1614669871.0,9746552.0,1183789.0,1781048.0,0.0,85453745.0,0.0,0.0,0.0,8.23335239641524,0.0,0.0,,0.0,,0.0,0.0,0.0,0.0,0.0,,,8.23335239641524,,0.0,0.0,0.0,-1.0,-1.0,-1.0,0.0,0.0,0.0,-1.0,-1.0,-1.0,Asset Management,Financial Services,TY
2022Q2,2022,Q2,2022-06-30,2022-06-30,,,,,,,1678900329.0,1656318948.0,32263515.0,21626644.0,22581381.0,0.0,123244301.0,0.0,0.0,0.0,1.4918410364548471,0.0,0.0,,0.0,,0.0,0.0,0.0,0.0,0.0,,,1.4918410364548471,,0.0,0.0,0.0,-1.0,-1.0,-1.0,0.0,0.0,0.0,-1.0,-1.0,-1.0,Asset Management,Financial Services,TY
2021Q4,2021,Q4,2021-12-31,2021-12-31,,,,,,,2046607055.0,2043494256.0,8324155.0,2120196.0,3112799.0,0.0,499175681.0,0.0,0.0,0.0,3.9261252261583364,0.0,0.0,,0.0,,0.0,0.0,0.0,0.0,0.0,,,3.9261252261583364,,0.0,0.0,0.0,-1.0,-1.0,-1.0,0.0,0.0,0.0,1.0,-1.0,-1.0,Asset Management,Financial Services,TY
2021Q2,2021,Q2,2021-06-30,2021-06-30,,,,,,,2023952594.0,2006219088.0,31441769.0,17272807.0,17733506.0,0.0,535920643.0,0.0,-57252.0,0.0,1.8203045399627287,0.0,0.0,,0.0,,0.0,0.0,0.0,0.0,0.0,,,1.8203045399627287,,0.0,0.0,0.0,-1.0,-1.0,-1.0,0.0,0.0,0.0,-1.0,-1.0,-1.0,Asset Management,Financial Services,TY
2020Q4,2020,Q4,2020-12-31,2020-12-31,,,,,,,1784774761.0,1782771830.0,9934512.0,1090549.0,2002931.0,0.0,307601758.0,0.0,-123907.0,0.0,9.109642941307543,0.0,0.0,,0.0,,0.0,0.0,0.0,0.0,0.0,,,9.109642941307543,,0.0,0.0,0.0,1.0,-1.0,-1.0,0.0,0.0,0.0,-1.0,-1.0,-1.0,Asset Management,Financial Services,TY
