Quarters,Year,Quarter,FillingDate,Date,NetIncome,Revenue,OperatingIncome,EPSDiluted,GrossProfit,GrossProfitRatio,TotalAssets,CommonStockEquity,CurrentAssets,CurrentLiability,TotalLiability,Inventory,RetainedEarnings,MarketCap,EnterpriseValue,bookValuePerShare,currentRatio,debtToAssets,debtToEquity,roic,shareholdersEquityPerShare,roe,priceToSalesRatio,peRatio,pbRatio,payoutRatio,inventoryTurnover,dividendYield,assetTurnover,quickRatio,returnOnAssets,priceToFreeCashFlowsRatio,grossProfitMargin,epsdilutedGrowth,fiveYNetIncomeGrowthPerShare,fiveYRevenueGrowthPerShare,fiveYShareholdersEquityGrowthPerShare,grossProfitGrowth,netIncomeGrowth,operatingIncomeGrowth,threeYNetIncomeGrowthPerShare,threeYRevenueGrowthPerShare,threeYShareholdersEquityGrowthPerShare,Industry,Sector,Symbol
2023Q1,2023,Q1,2023-05-09,2023-03-31,3491000.0,78486000.0,7050000.0,0.07,29317000.0,0.3735315853,243653000.0,103784000.0,116423000.0,42951000.0,139869000.0,0.0,-105366000.0,246549420.0,306459420.0,2.142615302035592,2.710600451677493,0.34324223383254054,0.8058274878594003,0.024648347715491237,2.142615302035592,0.03363716950589686,3.1413171775858113,17.65607419077628,2.37560144145533,0.5614437124033228,0.0,0.007949724643440655,0.32212203420438085,2.57989336685991,0.014327752992985927,-63.62565677419355,0.37353158525087277,-0.22222222222222213,18.206619047331316,0.02816518730267936,0.3864410555723185,-0.010496827325502903,-0.18491711417230913,-0.016599246756869857,3.507399771812602,0.20336460289576647,0.1782777928127248,Information Technology Services,Technology,III
2022Q4,2022,Q4,2023-03-10,2022-12-31,4283000.0,74167000.0,7169000.0,0.09,29628000.0,0.3994768563,243028000.0,100431000.0,115481000.0,51191000.0,142597000.0,0.0,-108747000.0,221388799.99999997,276773800.0,2.086747839095745,2.2558848235041316,0.35375347696561715,0.8560305085083291,0.026451617329569466,2.086747839095745,0.04264619489998108,2.9850041123410676,12.92253093625963,2.2043870916350525,0.4699976651879524,0.0,0.00909260089037928,0.3051788271310302,2.163602977085816,0.017623483713810756,38.55604319052594,0.399476856283792,-0.18181818181818185,2.458223895084805,0.004570103348276162,0.4261430570699675,0.01989672977624785,-0.2291216702663787,-0.0351278600269179,1.0209735793693735,0.1187988748984098,0.1065995354323332,Information Technology Services,Technology,III
2022Q3,2022,Q3,2022-11-04,2022-09-30,5556000.0,68836000.0,7430000.0,0.11,29050000.0,0.422017549,214007000.0,93642000.0,97943000.0,43608000.0,120365000.0,0.0,-113030000.0,227946880.0,281302880.0,1.9554376879385231,2.2459869748669967,0.34160097566902015,0.7806860169582025,0.03603450764818438,1.9554376879385231,0.059332350868200164,3.3114486605845777,10.25678905687545,2.4342376284146003,0.36879049676025916,0.0,0.008988936369736668,0.32165303004107343,2.103788295725555,0.025961767605732523,-267.85767332549943,0.42201754895694116,0.09999999999999995,2.518401304725031,-0.08925917559265956,0.32792154614589764,-0.009580307524462173,0.12083921726850919,0.039451594851706774,2.17873970518153,0.00042416598231050426,0.09793985494959388,Information Technology Services,Technology,III
2022Q2,2022,Q2,2022-08-08,2022-06-30,4957000.0,70701000.0,7148000.0,0.1,29331000.0,0.4148597615,221275000.0,94192000.0,103512000.0,48885000.0,127083000.0,0.0,-118586000.0,325561600.0,368568600.0,1.955813953488372,2.117459343356858,0.3365947350581855,0.7907253269916765,0.03096573442555515,1.955813953488372,0.05262655002547987,4.604766552099687,16.419285858382086,3.4563614744351963,0.6836796449465402,0.0,0.010409704338595217,0.31951643882047226,2.0425897514575024,0.02240198847587843,-1397.2600858369099,0.4148597615309543,0.04058272632674298,15.675041940771381,-0.07094506878069616,0.4098074331084864,0.02527265100671141,0.005476673427991886,-0.07553026383859286,10.655199255300369,0.022188445438525432,0.13111964149438535,Information Technology Services,Technology,III
2022Q1,2022,Q1,2022-05-10,2022-03-31,4930000.0,72563000.0,7732000.0,0.0961,28608000.0,0.3942505133,234578000.0,97431000.0,114481000.0,56780000.0,137147000.0,0.0,-123543000.0,330462060.0,362624060.0,2.007810246053662,2.0162205001761184,0.3232442940088158,0.7782533279962229,0.02987038203701409,2.007810246053662,0.050599911732405495,4.554139988699475,16.757710953346855,3.3917547803060626,0.002028397565922921,0.0,3.0260659877263974e-05,0.3093342086640691,1.9516731243395562,0.02101646360698787,107.81796411092985,0.3942505133470226,0.39275362318840573,8.09421603661417,-0.04925367267508935,0.46353329495472684,-0.5887823599591773,0.37786472889882616,2.1507742461287696,6.182477430187587,0.05722490058140228,0.16860352397878314,Information Technology Services,Technology,III
2021Q4,2021,Q4,2022-03-11,2021-12-31,3578000.0,69569000.0,2454000.0,0.069,69569000.0,1.0,236794000.0,98393000.0,116110000.0,56838000.0,138401000.0,0.0,-128473000.0,373288560.0,403038560.0,2.008512288723769,2.042823463176044,0.3263216128787047,0.7853302572337463,0.00758484503662047,2.008512288723769,0.03636437551451831,5.365731288361196,26.082207937395193,3.7938528147327557,0.0,0.0,0.0,0.2937954508982491,1.968137513635244,0.015110180156591806,0.0,1.0,-0.23333333333333325,1.3391306948339923,-0.010070445072548959,0.33259909583219127,1.4983480571715866,-0.19068084143858854,-0.6621230896323833,4.876430358915147,-0.05426200940697542,0.15569899835596349,Information Technology Services,Technology,III
2021Q3,2021,Q3,2021-11-05,2021-09-30,4421000.0,71095000.0,7263000.0,0.09,27846000.0,0.3916731134397637,243514000.0,98277000.0,123355000.0,61887000.0,145237000.0,0.0,-132051000.0,350032180.0,373562180.0,2.015897109802876,1.9932295958763553,0.32044974826909334,0.7940209815114422,0.026335649083049053,2.015897109802876,0.04498509315506171,4.923442998804417,19.79372200859534,3.561689713768226,0.3368016285908166,0.0,0.004253894599062292,0.2919544666836404,1.9343642445101557,0.018155013674778453,19.44731262847936,0.3916731134397637,0.12499999999999993,3.423634829740917,0.0027644619084963356,0.7169963528309349,0.009278724175425879,0.07671699951290795,0.24302584288892692,0.022050506898394877,-0.031964753356245074,0.188696877646801,Information Technology Services,Technology,III
2021Q2,2021,Q2,2021-08-09,2021-06-30,4106000.0,70597000.0,5843000.0,0.08,27590000.0,0.39080980778220037,238696000.0,96881000.0,117949000.0,57734000.0,141815000.0,0.0,-136472000.0,282595950.0,318182950.0,2.005527149274432,2.042972944885163,0.33256527130743707,0.819376348303589,0.025182430186629957,2.005527149274432,0.042381891186094284,4.002945592588921,17.206280443253775,2.916938821853614,0.0,0.0,0.0,0.29576113550289906,1.9700523088647937,0.01720179642725475,33.83167125583623,0.39080980778220037,0.14285714285714277,0.8776023397910828,-0.13775656198587252,0.8040878175701214,0.08557938225457407,0.1991822429906542,0.16510468594217348,0.6069378416519507,-0.08118322522598698,0.2639448853411865,Information Technology Services,Technology,III
2021Q1,2021,Q1,2021-05-10,2021-03-31,3424000.0,66571000.0,5015000.0,0.07,25415000.0,0.3817728440311848,240397000.0,100827000.0,117682000.0,54127000.0,139570000.0,0.0,-140578000.0,213417600.00000003,245641600.00000003,2.0787357743691244,2.174182940122305,0.33609820422051856,0.8013428942644332,0.020876823067343973,2.0787357743691244,0.03395915776528113,3.2058644154361513,15.58247663551402,2.1166711297569103,0.0,0.0,0.0,0.27692109302528733,2.11630055240453,0.014243106195168826,18.37905614881158,0.3817728440311848,1.3333333333333337,4.7709722685290386,0.026429135838336493,0.6576613735172044,-0.09393939393939393,1.3646408839779005,0.4320388349514563,17.812368504684553,-0.12910774691381385,0.3451059639750463,Information Technology Services,Technology,III
2020Q4,2020,Q4,2021-03-12,2020-12-31,1448000.0,66389000.0,3502000.0,0.03,28050000.0,0.4225097531217521,239520000.0,99137000.0,114615000.0,50661000.0,140383000.0,0.0,-144002000.0,157676160.0,194347160.0,2.0622607755034115,2.262391188488186,0.3356755177020708,0.8110090077367683,0.009753122650023356,2.0622607755034115,0.014606050213341134,2.375034418352438,27.223093922651934,1.590487507187024,0.0,0.0,0.0,0.2771751837007348,2.195041550699749,0.006045424181696727,25.115667410003187,0.4225097531217521,-0.25000000000000006,-0.1218973525083325,-0.04666051822932448,0.661439320955902,0.12772886262212038,-0.2953771289537713,0.17753866845998656,1.4935717806937394,-0.09973309073250357,0.409407898621034,Information Technology Services,Technology,III
2020Q3,2020,Q3,2020-11-09,2020-09-30,2055000.0,61635000.0,2974000.0,0.04,24873000.0,0.4035531759552202,230070000.0,93612000.0,108936000.0,43878000.0,136458000.0,0.0,-145450000.0,101026800.0,141749800.0,1.9551378446115288,2.4827020374675235,0.34278263137306036,0.8424560953723882,0.015194394027705666,1.9551378446115288,0.021952313805922316,1.639114139693356,12.290364963503649,1.0792077938725804,0.0,0.0,0.0,0.26789672708306167,2.3788686813437256,0.008932064154387794,10.135112359550561,0.4035531759552202,3.0,-0.09923941603164275,-0.06554199311405898,0.6477170691708833,0.05237994499682674,2.357843137254902,-0.1534301167093652,0.3015699700933005,-0.18439639512686823,0.32771792502473396,Information Technology Services,Technology,III
2020Q2,2020,Q2,2020-08-10,2020-06-30,612000.0,57394000.0,3513000.0,0.01,23635000.0,0.4118026274523469,217845000.0,88295000.0,102815000.0,41076000.0,129550000.0,0.0,-147504000.0,98534069.99999999,146855070.0,1.8548980063444045,2.503043139546207,0.36665060019738804,0.9046152103743134,0.004681282123070995,1.8548980063444045,0.006931309813692735,1.7168008851099414,40.25084558823529,1.1159643241406647,0.0,0.0,0.0,0.26346255365053134,2.4078293894244815,0.0028093369138607726,4.456538670284938,0.4118026274523469,1.3333333333333335,-0.48794131733957147,-0.16024814310054966,0.6164632651924636,0.04151059798175649,1.45,5.879166666666666,2.833083533361131,-0.23695046600385758,0.3370642909762843,Information Technology Services,Technology,III
2020Q1,2020,Q1,2020-05-11,2020-03-31,-1360000.0,63710000.0,-720000.0,-0.03,22693000.0,0.35619212054622507,211473000.0,86039000.0,94349000.0,31156000.0,125434000.0,0.0,-148117000.0,121599549.99999999,189950550.0,1.8184296734650744,3.028277057388625,0.40547493060579837,0.9966061902160648,-0.002972829079951752,1.8184296734650744,-0.01580678529504062,1.908641500549364,-22.35285845588235,1.4133073373702623,0.0,0.0,0.0,0.301267774136651,2.860989857491334,-0.006431081036349794,27.424345963013078,0.35619212054622507,-1.7500000000000002,-2.247866714552724,-0.013358715230936931,0.6713016893616259,-0.2163478140755577,-1.6494746895893029,-1.1414538310412574,-1.0071140369875515,-0.14388386661998903,0.32548998436511617,Information Technology Services,Technology,III
2019Q4,2019,Q4,2020-03-11,2019-12-31,2094000.0,65501000.0,5090000.0,0.04,28958000.0,0.4421001206088457,218755000.0,89674000.0,99801000.0,41251000.0,129081000.0,0.0,-146757000.0,120311619.99999999,190994620.0,1.8857299070530344,2.419359530678044,0.40609814632808394,0.9906550393648104,0.01619124116752593,1.8857299070530344,0.023351250083636282,1.8367905833498723,14.363851480420248,1.3416555523340097,0.0,0.0,0.0,0.29942629882745536,2.308525853918693,0.009572352631939842,8.70057998264391,0.4421001206088457,0.0,1.4598803609566284,-0.0502831537803615,0.6997828683021948,-0.047997895982641856,0.2097053726169844,-0.09975238769013088,1.2044589360600324,-0.03984993441173639,0.251135969259782,Information Technology Services,Technology,III
2019Q3,2019,Q3,2019-11-07,2019-09-30,1731000.0,68143000.0,5654000.0,0.04,30418000.0,0.4463848084175924,220727000.0,84466000.0,100992000.0,39877000.0,136261000.0,0.0,-148851000.0,117853610.0,198880610.0,1.7810061991312782,2.5325877071996388,0.43146058252955005,1.1274950867804798,0.012871903124014492,1.7810061991312782,0.02049345298700069,1.7295042777688097,17.021029751588674,1.39527869201809,0.0,0.0,0.0,0.30872072741440787,2.428467537678361,0.007842266691433309,24.660726093324964,0.4463848084175924,3.0,-0.4254631399364933,-0.000738506900327162,0.42958323096444645,0.042354876293605646,3.181159420289855,0.7216808769792935,0.7804215955417692,-0.012019991983432657,0.516933147732284,Information Technology Services,Technology,III
2019Q2,2019,Q2,2019-08-05,2019-06-30,414000.0,67328000.0,3284000.0,0.01,29182000.0,0.43343037072243346,217385000.0,81060000.0,96564000.0,39613000.0,136325000.0,0.0,-150582000.0,147672000.0,232911000.0,1.7290955631399318,2.4376845984903945,0.43999815994663843,1.1799777942264988,0.004243588806851902,1.7290955631399318,0.005107327905255366,2.1933222433460076,89.17391304347827,1.821761658031088,0.0,0.0,0.0,0.30971778181567267,2.3472597379648095,0.0019044552292016468,-145.20353982300884,0.43343037072243346,1.5,-0.8941410693970421,-0.026116353351012502,0.4096978700209902,0.21460084908016316,1.4610244988864143,5.901492537313433,-0.8049223665935518,-0.15265195867702505,0.5554215967626583,Information Technology Services,Technology,III
2019Q1,2019,Q1,2019-05-10,2019-03-31,-898000.0,64791000.0,-670000.0,-0.02,24026000.0,0.37082310814773656,216040000.0,78704000.0,92793000.0,41178000.0,137336000.0,0.0,-150996000.0,174070400.0,254538400.0,1.7181278379322389,2.2534605857496723,0.4354471394186262,1.1952886765602764,-0.0014930048383223111,1.7181278379322389,-0.011409839398251678,2.686644750042444,-48.46057906458797,2.211709697092905,0.0,0.0,0.0,0.29990279577855955,2.171912186118801,-0.00415663765969265,188.1842162162162,0.37082310814773656,0.0,-12.632380702892402,0.09605210692171556,0.4757771463954066,-0.1921589724622575,-0.0539906103286385,-1.2005988023952097,-0.047206053056184756,0.05777865239264972,0.3700991664365146,Information Technology Services,Technology,III
2018Q4,2018,Q4,2019-03-15,2018-12-31,-852000.0,67901000.0,3340000.0,-0.02,29741000.0,0.43800533129114444,214731000.0,78587000.0,98190000.0,40649000.0,136144000.0,0.0,-150098000.0,191728560.0,270554560.0,1.7379199009266018,2.415557578292209,0.45387950505516206,1.2401796734828916,-0.009065696085918975,1.7379199009266018,-0.010841487777876748,2.8236485471495265,-56.25838028169015,2.4396981689083437,0.0,0.0,0.0,0.3162142401423176,2.3265024969863957,-0.003967755005099403,25.30068091844814,0.43800533129114444,-1.25,-1.7298624229377324,0.041652998570628916,0.4898695429838369,0.01363280051804642,-1.212840369722708,-0.01007705986959099,-1.5492721212356917,0.03657053527398729,0.40013740957003674,Information Technology Services,Technology,III
2018Q3,2018,Q3,2018-11-09,2018-09-30,4003000.0,67965000.0,3374000.0,0.08,29341000.0,0.43170749650555434,212557000.0,76510000.0,94190000.0,38681000.0,136047000.0,0.0,-149245000.0,204822100.0,290675100.0,1.69588828549263,2.4350456296372895,0.467465197570534,1.2986929813096326,0.04527991977272623,1.69588828549263,0.05231995817540191,3.0136408445523433,12.791787409442918,2.6770631290027445,0.0,0.0,0.0,0.3197495260094939,2.324474548227812,0.018832595492032724,54.48845437616387,0.43170749650555434,0.6,6.940472374868982,0.07862348570435396,0.4620398234742271,-0.04962264762089852,0.6947502116850127,-0.19666666666666666,0.8621571020789639,0.09358083488436464,0.42923123457229473,Information Technology Services,Technology,III
2018Q2,2018,Q2,2018-08-06,2018-06-30,2362000.0,71026000.0,4200000.0,0.05,30873000.0,0.4346718103229803,217244000.0,70855000.0,97001000.0,44998000.0,146389000.0,0.0,-153248000.0,183085499.99999997,271865500.0,1.586720412047923,2.1556735854926887,0.49815414925153284,1.5273586902829723,0.021948378857214526,1.586720412047923,0.033335685555006704,2.577725058429307,19.37822819644369,2.583946087079246,0.0,0.0,0.0,0.3269411353132883,2.0659362638339482,0.010872567251569664,-66.96616678858814,0.4346718103229803,12.982102908277405,-0.202875344843472,0.05180086290983273,0.4372334326926109,0.19232997335187116,13.402439024390244,1.3823028927963699,1.1066587352908104,0.107765458640207,0.3827581082268352,Information Technology Services,Technology,III
2018Q1,2018,Q1,2018-05-10,2018-03-31,164000.0,68877000.0,1763000.0,0.003576,25893000.0,0.3759310074480596,222911000.0,67542000.0,101143000.0,48070000.0,155369000.0,0.0,-155611000.0,182686900.0,263812900.0,1.5454067040384396,2.104077387143749,0.5034520503698786,1.6615587338248794,0.014755695739280861,1.5454067040384396,0.002428118800153978,2.652364359655618,278.4861280487805,2.704789612389328,0.0,0.0,0.0,0.30898878924772666,2.0286665279800293,0.0007357196369851645,27.99370211461845,0.3759310074480596,1.0595999999999999,-0.8581433900639537,0.14118543166092867,0.44874957473477634,-0.1112750986785653,1.0618867924528301,-0.5543478260869565,-0.8370925821139358,0.1547650246372025,0.4203688341097858,Information Technology Services,Technology,III
2017Q4,2017,Q4,2018-03-16,2017-12-31,-2650000.0,66612000.0,3956000.0,-0.06,29135000.0,0.43738365459676937,224760000.0,63537000.0,103711000.0,53075000.0,161223000.0,0.0,-157814000.0,181073910.0,266990910.0,1.4632107408516224,1.9540461610927933,0.5087070653141128,1.799534129719691,-0.026441105978845213,1.4632107408516224,-0.041707981176322455,2.7183376869032605,-17.08244433962264,2.849897067850229,0.0,0.0,0.0,0.296369460758142,1.8698822421102215,-0.01179035415554369,24.900152640264025,0.43738365459676937,-3.0,-15.823145251171285,0.12112128028455989,0.3823138145647516,-0.03318400530944085,-2.8557422969187676,0.13874496257915947,-4.409183757487273,0.05770830276662439,0.3189272444123153,Information Technology Services,Technology,III
2017Q3,2017,Q3,2017-11-09,2017-09-30,1428000.0,68349000.0,3474000.0,0.03,30135000.0,0.4408989158583154,224797000.0,63769000.0,101546000.0,53805000.0,161028000.0,0.0,-155164000.0,174086099.99999997,267381099.99999997,1.4725551322018242,1.8872967196357215,0.5138947583820068,1.8115698850538664,0.016648247075569843,1.4725551322018242,0.022393325910708965,2.5470175130579813,30.477258403361343,2.7299487211654565,0.0,0.0,0.0,0.3040476518814753,1.8032339001951492,0.0063523979412536645,215.72007434944234,0.4408989158583154,5.277284768211921,4.677894007620367,0.22813810575438803,0.4183458358937099,0.08457800971747345,5.728476821192053,5.362637362637362,-0.4809281343996881,0.09766172663119416,0.18199483229939686,Information Technology Services,Technology,III
2017Q2,2017,Q2,2017-08-07,2017-06-30,-302000.0,68038000.0,546000.0,-0.007013795345812625,27785000.0,0.4083747317675417,225589000.0,59734000.0,100100000.0,46506000.0,165855000.0,0.0,-156591000.0,176968380.0,271201380.0,1.3872915602210971,2.152410441663441,0.5306242768929336,2.00393410787826,0.000755756890639432,1.3872915602210971,-0.005055747145679178,2.6010226638055203,-146.49700331125828,2.9626072253657885,0.0,0.0,0.0,0.30160158518367475,2.052552358835419,-0.0013387177566282044,-142.14327710843372,0.4083747317675417,0.29862046541873755,-1.3104807787762789,0.13084153225609724,0.3726236917471917,0.0740654837836793,0.5016501650165016,-0.5376799322607959,-1.0840751892982756,0.07151103487458293,0.1310317366094065,Information Technology Services,Technology,III
2017Q1,2017,Q1,2017-05-09,2017-03-31,-606000.0,66555000.0,1181000.0,-0.01,25869000.0,0.3886860491322966,229323000.0,58053000.0,100332000.0,47673000.0,171270000.0,0.0,-156289000.0,133295400.0,221002400.0,1.3718924283958787,2.104587502359826,0.5271211348185747,2.0822524245086385,0.006693985086853719,1.3718924283958787,-0.010438737016174874,2.002785665990534,-54.98985148514851,2.296098392847915,0.0,0.0,0.0,0.2902238327599063,1.9805969836175612,-0.0026425609293442,92.50201249132547,0.3886860491322966,0.9545454545454545,0.09000174841700495,0.23518648835346032,0.3940611729403953,0.2705171651687049,0.9256441717791412,1.138015659693818,-9.49770434688669,0.2188041609718938,0.178380006679912,Information Technology Services,Technology,III
2016Q4,2016,Q4,2017-03-15,2016-12-31,-8150000.0,54287000.0,-8557000.0,-0.22,20361000.0,0.37506216958019417,235122000.0,57036000.0,106251000.0,52353000.0,178086000.0,0.0,-155684000.0,137744880.0,225290880.0,1.507214206437292,2.0295112027964013,0.5190114068441065,2.139543446244477,-0.04131057014504155,1.507214206437292,-0.14289220842976366,2.5373455891834142,-4.2253030674846626,2.4150515463917523,0.0,0.0,0.0,0.23088864504384957,1.893816973239356,-0.03466285587907554,481.62545454545455,0.37506216958019417,-12.0,0.8494205536869376,0.16874339374673603,0.526661318731921,-0.0290414878397711,-12.133879781420765,-4.271024464831804,-9.342685864787743,-0.004847558232987027,0.29209208072605636,Information Technology Services,Technology,III
2016Q3,2016,Q3,2016-11-08,2016-09-30,732000.0,51929000.0,2616000.0,0.02,20970000.0,0.4038206012054921,137380000.0,41923000.0,73743000.0,31239000.0,95457000.0,0.0,-147533000.0,142470930.0,182106930.0,1.1740835130366596,2.3606069336406414,0.4277842480710438,1.401831929966844,0.009909709372193863,1.1740835130366596,0.017460582496481646,2.7435716073870093,48.65810450819673,3.398395391551177,0.0,0.0,0.0,0.37799534138884844,2.211466436185537,0.00532828650458582,36.72877803557618,0.4038206012054921,-0.5,1.2872792574945606,0.08065713314147803,-0.514358066054855,-0.13518640712636093,-0.5459057071960298,-0.186820018650917,0.8345917165641936,0.04126700903650561,0.012187457645822639,Information Technology Services,Technology,III
2016Q2,2016,Q2,2016-08-08,2016-06-30,1612000.0,60354000.0,3217000.0,0.04,24248000.0,0.4017629320343308,137389000.0,39585000.0,73296000.0,33390000.0,97804000.0,0.0,-148266000.0,133533750.0,176738750.0,1.1116571653233733,2.1951482479784366,0.431519262823079,1.4976885183781736,0.0186778072034233,1.1116571653233733,0.040722495894909685,2.212508698677801,20.70932847394541,3.373342175066313,0.0,0.0,0.0,0.4392928109237275,2.05633423180593,0.011733108181877734,54.37041938110749,0.4017629320343308,3.0,1.3969747765466454,0.22687192583393176,-0.5600108693033858,0.3063951295727601,3.3061516452074393,23.37121212121212,-0.31778431154526937,0.12081140192742422,0.006926508012171545,Information Technology Services,Technology,III
2016Q1,2016,Q1,2016-05-09,2016-03-31,-699000.0,49929000.0,132000.0,-0.02,18561000.0,0.37174788199242925,130641000.0,46825000.0,70347000.0,30120000.0,83816000.0,0.0,-149878000.0,146746200.0,178235200.0,1.254017139796465,2.335557768924303,0.3786330478180663,1.0563801388147358,0.0011441398979045673,1.254017139796465,-0.014927923117992525,2.9390975184762365,-52.4843347639485,3.133928457020822,0.0,0.0,0.0,0.3821847658851356,2.1705843293492695,-0.0053505407950031,87.40095294818344,0.37174788199242925,-1.6666666666666667,0.6695050176597002,0.187374897715652,-0.4979258914210924,-0.16669659692915506,-1.547805642633229,-0.9468599033816425,-1.7076845521282964,-0.03174070467456968,0.17558490800041215,Information Technology Services,Technology,III
2015Q4,2015,Q4,2016-03-10,2015-12-31,1276000.0,53886000.0,2484000.0,0.03,22274000.0,0.413354117952715,131343000.0,46172000.0,71494000.0,31180000.0,85171000.0,0.0,-149179000.0,134656760.0,167602760.0,1.241249529544599,2.292944194996793,0.3866289029487677,1.0998224031880794,0.01645339278935685,1.241249529544599,0.027635796586675906,2.498919199792154,26.38259404388715,2.9164160097028504,0.0,0.0,0.0,0.410269294899614,2.1590442591404746,0.00971502097561347,26.861512068621582,0.413354117952715,-0.4000000000000001,1.6000351773517871,0.6547348011633131,-0.4522645291971325,0.04518793111538642,-0.2823397075365579,-0.212428662016487,7.331925906386682,0.0587082662738047,0.17262423252365214,Information Technology Services,Technology,III
2015Q3,2015,Q3,2015-11-09,2015-09-30,1778000.0,51404000.0,3154000.0,0.05,21311000.0,0.41457863201307293,123560000.0,44277000.0,61882000.0,24083000.0,79283000.0,0.0,-150455000.0,145901650.0,182963650.0,1.186573763901916,2.569530374122825,0.41553091615409515,1.1595862411635838,0.021336736679756985,1.186573763901916,0.04015628881812228,2.8383326200295698,20.514855174353205,3.2952017977731107,0.0,0.0,0.0,0.41602460343153125,2.4185525059170367,0.0143897701521528,38.104374510316006,0.41457863201307293,1.5,1.0295059673043425,0.3713212798339884,-0.5421229309561181,0.021963266676257615,0.9036402569593148,0.5738522954091816,7.204373576309796,0.0719303157060986,0.1428923238307286,Information Technology Services,Technology,III
2015Q2,2015,Q2,2015-08-10,2015-06-30,934000.0,53411000.0,2004000.0,0.02,20853000.0,0.39042519331223907,123279000.0,42686000.0,63085000.0,25602000.0,80593000.0,0.0,-152233000.0,177811220.0,216643220.0,1.1475039651603538,2.4640653073978593,0.4214343075462974,1.217120367333552,0.013511148068732,1.1475039651603538,0.02188071030314389,3.3291123551328377,47.59400963597431,4.16556294803917,0.0,0.0,0.0,0.43325302768516943,2.32778689164909,0.007576310644959806,-193.06321389793703,0.39042519331223907,0.0,3.3171258216849973,0.37597089787201987,-0.7239897389455981,0.03741107407591662,0.09495896834701055,0.015712113532691332,0.11146870909981234,0.027551290446052076,0.13537137694539014,Information Technology Services,Technology,III
2015Q1,2015,Q1,2015-05-11,2015-03-31,853000.0,50539000.0,1973000.0,0.02,20101000.0,0.3977324442509745,124943000.0,40292000.0,63490000.0,30674000.0,84651000.0,0.0,-153187000.0,147757680.0,183075680.0,1.0880319723482395,2.0698311273391146,0.420415709563561,1.3036831132731064,0.010415650281223739,1.0880319723482395,0.021170455673582843,2.923636795346168,43.30529894490036,3.667171646977067,6.083235638921454,0.0,0.03511830992473623,0.4044964503813739,1.9499902197300645,0.006827113163602603,-59.435913113435234,0.3977324442509745,0.0,0.5984686569547372,0.2502923238221632,-0.7380306633582452,-0.08189458299077373,0.2983257229832572,-0.41034070531978484,2.463674159336019,0.07178069348670336,0.10561374651070642,Information Technology Services,Technology,III
2014Q4,2014,Q4,2015-03-13,2014-12-31,657000.0,53230000.0,3346000.0,0.02,21894000.0,0.41130941198572235,134169000.0,40717000.0,72078000.0,37264000.0,93452000.0,0.0,-154020000.0,154882440.0,180592440.0,1.1093945834014496,1.934252898239588,0.39779680850270926,1.3108038411474323,0.009890446804899262,1.1093945834014496,0.01613576638750399,2.909683261318805,58.93547945205479,3.803876513495591,0.0,0.0,0.0,0.3967384418159187,1.8465543151567196,0.004896809248037922,17.814865424430643,0.41130941198572235,-0.6666666666666666,3.6187338698654914,0.32463304046518826,-0.7346892862578474,0.005649717514124294,-0.7207819804504887,-0.1129374337221633,1.0125157767322086,0.18158275345813688,0.12370875384272904,Information Technology Services,Technology,III
2014Q3,2014,Q3,2014-11-05,2014-09-30,2353000.0,53258000.0,3772000.0,0.06,21771000.0,0.408783656915393,132643000.0,46144000.0,69084000.0,29088000.0,86499000.0,0.0,-154928000.0,140748200.0,173330200.0,1.2458219714355139,2.375,0.4087286928070083,1.1749089805825244,0.028088904422865504,1.2458219714355139,0.05099254507628294,2.6427616508317997,14.954122396940077,3.0501950416088763,0.0,0.0,0.0,0.401513837895705,2.2768151815181517,0.017739345461124975,17.4430784483827,0.408783656915393,-0.25000000000000006,1.5559418495106665,0.3943039513145224,-0.6997451629149055,-0.06925740669488265,-0.24219001610305957,-0.16622458001768348,1.890244350794105,0.06845670571414887,-0.4846845349233646,Information Technology Services,Technology,III
2014Q2,2014,Q2,2014-08-11,2014-06-30,3105000.0,54888000.0,4524000.0,0.08,23391000.0,0.42615872321818976,135445000.0,45653000.0,70605000.0,29711000.0,89792000.0,0.0,-157257000.0,179028200.0,217199200.0,1.2265717356260075,2.3763925818720337,0.4065044852154011,1.2060324622697303,0.03354400045172348,1.2265717356260075,0.06801305500186187,3.2617001894767528,14.414508856682767,3.921499134777561,0.0,0.0,0.0,0.40524198013954005,2.2783817441351686,0.022924434272213814,-40.53162780167535,0.42615872321818976,48.352251696483656,25.789814286810913,0.4724919503023427,-0.7101058217601321,0.2692495523359922,48.285714285714285,3.3667953667953667,3.417163144198663,0.06746583833358288,-0.5145281760153674,Information Technology Services,Technology,III
2014Q1,2014,Q1,2014-05-09,2014-03-31,63000.0,48241000.0,1036000.0,0.001621,18429000.0,0.3820194440413756,137198000.0,43522000.0,74434000.0,32008000.0,93676000.0,0.0,-160090000.0,183550530.0,213268530.0,1.1642190300403927,2.325481129717571,0.4074622079039053,1.2844768163227793,0.0018121590449432059,1.1642190300403927,0.0014475437709664078,3.804865778072594,728.375119047619,4.217419466017187,0.0,0.0,0.0,0.3516159127684077,2.211197200699825,0.00045919036720651904,-24.444071114662407,0.3820194440413756,-0.9459666666666666,-0.9021304325317542,0.18205920210154009,-0.7215502813939522,-0.15933765167411731,-0.9341692789968652,-0.6531637094074322,1.029752838636497,0.1459125084098121,-0.5338785945198463,Information Technology Services,Technology,III
2013Q4,2013,Q4,2014-03-07,2013-12-31,957000.0,53440000.0,2987000.0,0.03,21922000.0,0.41021706586826345,139874000.0,43243000.0,76714000.0,34532000.0,96631000.0,0.0,-160153000.0,157181040.0,178842040.0,1.1664913274527258,2.2215336499478746,0.4056936957547507,1.312258631454802,0.012108739839400123,1.1664913274527258,0.022130749485465857,2.941261976047904,41.06087774294671,3.6348319959299777,0.0,0.0,0.0,0.3820581380385204,2.136366268967914,0.006841871970487724,10.681688073394495,0.41021706586826345,1.9999999999999996,1.0127821530033205,0.21017694349431876,-0.7193402981604541,0.062215330942920824,1.3284671532846715,0.6622148024485254,1.4515681097178075,0.6466609714867043,-0.48525364060826953,Information Technology Services,Technology,III
2013Q3,2013,Q3,2013-11-08,2013-09-30,411000.0,51371000.0,1797000.0,0.01,20638000.0,0.40174417472893265,138095000.0,42664000.0,73255000.0,30713000.0,95431000.0,0.0,-161110000.0,152273340.0,187958340.0,1.1599467116174111,2.385146354963696,0.42913936058510443,1.3890399399962499,0.0065221511457112784,1.1599467116174111,0.009633414588411776,2.964188744622452,92.62368613138686,3.5691294768423023,0.0,0.0,0.0,0.3719975379267895,2.292937843909745,0.002976212027951772,25.111038918205804,0.40174417472893265,-0.8333333333333333,-0.7606548261681392,0.059926217880888366,-0.8150268419527845,-0.13579833340312383,-0.8314883148831488,-0.5827722312514512,1.0069195816036571,0.39033749030252085,-0.5523978224362867,Information Technology Services,Technology,III
2013Q2,2013,Q2,2013-08-07,2013-06-30,2439000.0,55583000.0,4307000.0,0.06,23881000.0,0.42964575499703145,136473000.0,40579000.0,70547000.0,29886000.0,95894000.0,0.0,-161520000.0,69836400.0,110943400.0,1.1040102296223746,2.360536706150037,0.4404241131945513,1.481209492594692,0.028702351751574616,1.1040102296223746,0.06010498040858572,1.256434521346455,7.15830258302583,1.7209985460459842,0.0,0.0,0.0,0.4072820264814286,2.2594191260121796,0.017871666923127652,26.74699348908464,0.42964575499703145,1.0,-0.14297716194244306,-0.06608532360269988,-0.8235146278184063,0.1617532593889862,1.5170278637770898,0.650191570881226,10.40939596431919,0.4491840485278671,-0.7344513300725545,Information Technology Services,Technology,III
2013Q1,2013,Q1,2013-05-14,2013-03-31,969000.0,50588000.0,2610000.0,0.03,20556000.0,0.4063414248438365,133282000.0,39076000.0,66369000.0,32729000.0,94206000.0,0.0,-163960000.0,70333440.0,112685440.0,1.066717623935357,2.027834642060558,0.454397443015561,1.5498771624526564,0.01311081143423627,1.066717623935357,0.02479782986999693,1.390318652644896,18.145882352941175,1.7999140137168594,0.0,0.0,0.0,0.37955612910970726,1.9148461608970637,0.007270299065140079,-31.455026833631486,0.4063414248438365,6.672634271099743,-0.5011923534680862,-0.04934580926842524,-0.827170250741468,0.04012548702120124,5.503355704697986,0.5480427046263345,0.835673371820314,0.2651702397049075,-0.7431625950078482,Information Technology Services,Technology,III
2012Q4,2012,Q4,2013-03-13,2012-12-31,149000.0,49520000.0,1686000.0,0.00391,19763000.0,0.3990912762520194,135985000.0,38309000.0,67415000.0,32933000.0,97676000.0,0.0,-164929000.0,41619650.0,81183650.0,1.058522837169462,2.0470348890170955,0.46374967827333896,1.6461666971207811,0.0027262265349764273,1.058522837169462,0.0038894254613798325,0.8404614297253635,69.83162751677852,1.0864196402934037,0.0,0.0,0.0,0.36415781152332977,1.9560623083229587,0.0010957090855609074,4.043883598911776,0.3990912762520194,-0.2909494285714285,1.3616001347225097,0.0,-0.8260151704992078,0.06292690797612005,-0.2904761904761905,-0.3009950248756219,0.06226527653148073,0.24970900977226165,-0.7468552184735399,Information Technology Services,Technology,III
2012Q3,2012,Q3,2012-11-09,2012-09-30,210000.0,46469000.0,2412000.0,0.005514416259650229,18593000.0,0.40011620650326024,135332000.0,37541000.0,67202000.0,31011000.0,97791000.0,0.0,-165078000.0,44837160.0,94663160.0,1.0382200835200088,2.1670375028215796,0.4789185115124287,1.7264590714152526,0.003178360582636189,1.0382200835200088,0.005593884020137983,0.9648832555036692,53.37757142857143,1.194351775392238,0.0,0.0,0.0,0.34337037803328113,1.9342813840250235,0.001551739426004197,18.293414932680538,0.40011620650326024,-0.7242791870174885,-0.8917398711799415,0.0,-0.7899685035973788,-0.11562975646879757,-0.7426470588235294,0.057430951337132836,1.0508240859381122,0.24617424984830688,-0.749779174566509,Information Technology Services,Technology,III
2012Q2,2012,Q2,2012-08-09,2012-06-30,816000.0,50474000.0,2281000.0,0.02,21024000.0,0.4165312834330546,138772000.0,36508000.0,68847000.0,30469000.0,102264000.0,0.0,-165288000.0,46236160.0,98646160.0,1.0106860085266596,2.259575306048771,0.47965727956648313,1.823244220444834,0.012699287578874698,1.0106860085266596,0.02235126547606004,0.9160391488687245,14.165490196078432,1.2664665278842995,0.0,0.0,0.0,0.3637189058311475,2.0311464111063704,0.005880148733173839,27.570757304710792,0.4165312834330546,2.0,-0.42930039146128457,0.0,-0.7937430056215378,0.11026615969581749,2.4265734265734267,12.339181286549708,6.2544223713515095,0.395236492919717,-0.7611293482554992,Information Technology Services,Technology,III
2012Q1,2012,Q1,2012-05-10,2012-03-31,-572000.0,46282000.0,171000.0,-0.02,18936000.0,0.40914394364979906,141679000.0,35769000.0,69442000.0,32009000.0,105910000.0,0.0,-166104000.0,47614570.0,98959570.0,0.9840977247090544,2.169452341528945,0.48216743483508495,1.9098381279879224,0.0014502454261490405,0.9840977247090544,-0.015991501020436692,1.0287924030940754,-20.810563811188814,1.331168609689955,0.0,0.0,0.0,0.32666803125374966,1.995376300415508,-0.004037295576620388,-8.636780337384364,0.40914394364979906,0.9860166198591929,-1.4025098109365794,0.0,-0.8641244432617435,-0.04092382495948136,0.9889970376639865,1.002852614896989,-1.913921150349575,0.1663815040245196,-0.7646304282480412,Information Technology Services,Technology,III
2011Q4,2011,Q4,2012-03-15,2011-12-31,-51986000.0,44614000.0,-59945000.0,-1.4302693482268138,19744000.0,0.4425516653965123,146479000.0,35884000.0,72768000.0,32441000.0,110595000.0,0.0,-165532000.0,37437410.0,83031410.0,0.9872616722150384,2.2430874510650103,0.47831429761262706,1.9524857875376211,-0.4826202007236107,0.9872616722150384,-1.4487236651432394,0.8391404043573766,-0.18003601931289193,1.0432897670270873,0.0,0.0,0.0,0.3045760825783901,2.0751518140624516,-0.3549041159483612,4.1782823660714286,0.4425516653965123,-19.432419260383053,0.0,0.0,0.0,-0.055130168453292494,-19.048592364057075,-34.73382104670794,0.2918191041780525,0.03043195515121182,-0.762463243368851,Information Technology Services,Technology,III
2011Q3,2011,Q3,2011-11-07,2011-09-30,-2593000.0,48901000.0,1777000.0,-0.07,20896000.0,0.42731232490133125,212097000.0,87848000.0,73561000.0,36538000.0,124249000.0,0.0,-113546000.0,38517220.0,92463220.0,2.4175908853234995,2.013273851880234,0.33504952922483583,0.8089313359439031,-0.03638125384878243,2.4175908853234995,-0.029516892814862035,0.7876571031267254,-3.7135769379097567,0.43845300974410345,0.0,0.0,0.0,0.23055960244605062,1.8285073074607259,-0.012225538315016243,5.751414065999701,0.42731232490133125,-4.5,-2.330206617264792,0.0,-0.5109223570283145,-0.07273130685600178,-4.774381368267831,-0.29287703939514526,-2.528480256949506,0.021291738929111254,-0.6144741681271741,Information Technology Services,Technology,III
2011Q2,2011,Q2,2011-08-09,2011-06-30,687000.0,50253000.0,2513000.0,0.02,22535000.0,0.4484309394464012,212083000.0,91906000.0,70582000.0,30267000.0,120177000.0,0.0,-110953000.0,64385520.0,123592520.0,2.5265559709698704,2.331978722701292,0.33978678159022646,0.7840946184144669,0.005576805366578697,2.5265559709698704,0.007475028833808456,1.2812273894095876,23.42995633187773,0.7005583966226362,0.0,0.0,0.0,0.23694968479321776,2.1374764595103577,0.003239297822079092,-8.883211920529801,0.4484309394464012,1.3333333333333335,-0.5228762885782274,0.0,-0.48438997244963167,0.3717433649866082,1.3359413202933985,1.484480431848853,-0.7560781902222552,-0.14682030316900355,-0.5961086601282987,Information Technology Services,Technology,III
2011Q1,2011,Q1,2011-05-10,2011-03-31,-2045000.0,40658000.0,-5187000.0,-0.06,16428000.0,0.4040533228392936,215012000.0,90176000.0,71216000.0,31100000.0,124836000.0,0.0,-111639000.0,79067760.0,131190760.0,2.4976733879902504,2.289903536977492,0.3398089408963221,0.8102266678495387,-0.010826538973742927,2.4976733879902504,-0.022677874378992192,1.9447036253627823,-9.66598533007335,0.8768160042583392,0.0,0.0,0.0,0.1890964225252544,1.952572347266881,-0.00951109705504809,-8.568244473342002,0.4040533228392936,-0.04953488372093014,-2.4487285023064076,0.0,-0.6551432305731254,0.09658901274948267,0.009205426356589148,-1.059150456530369,-2.0680902428062766,-0.22477748301164205,-0.5953265834462089,Information Technology Services,Technology,III
2010Q4,2010,Q4,2011-03-16,2010-12-31,-2064000.0,31607000.0,-2519000.0,-0.057168180810990475,14981000.0,0.47397728351314583,184564000.0,81817000.0,71037000.0,13532000.0,102747000.0,0.0,-109595000.0,74735280.0,104247280.0,2.266147795258143,5.249556606562223,0.3782590320972671,0.8532823251891416,-0.010073100664901646,2.266147795258143,-0.025227031057115268,2.36451672097953,-9.052238372093022,0.913444394196805,0.0,0.0,0.0,0.171252248542511,4.944132426840083,-0.01118311263301619,14.962018018018018,0.47397728351314583,0.9644918131608755,0.0,0.0,0.0,0.10577206967818129,0.9601136297756392,0.9514783781180777,-4.021081503161674,0.0,-0.6275230690006703,Information Technology Services,Technology,III
2010Q3,2010,Q3,2010-11-09,2010-09-30,-51747000.0,32190000.0,-51915000.0,-1.61,13548000.0,0.42087604846225535,184288000.0,83041000.0,74009000.0,10085000.0,101247000.0,0.0,-107531000.0,57358760.0,86287760.0,2.5914679815254025,7.338522558254834,0.3788255339468658,0.8407051938199203,-0.33282654424796143,2.5914679815254025,-0.6231500102359075,1.7818813296054676,-0.27711152337333567,0.6907281945063283,0.0,0.0,0.0,0.1746722521271054,6.822012890431334,-0.2807941916999479,-117.53844262295083,0.42087604846225535,-279.88489247311827,-31.102607079363892,0.0,-0.47574709189415243,-0.13114859231706535,-279.2096774193548,-51.55014605647517,-31.102607079363892,0.0,-0.47574709189415243,Information Technology Services,Technology,III
2010Q2,2010,Q2,2010-08-06,2010-06-30,186000.0,33372000.0,1027000.0,0.00577299109221267,15593000.0,0.46724799232889846,236156000.0,132960000.0,71227000.0,9539000.0,103196000.0,0.0,-55785000.0,63962000.0,93329000.0,4.157468496920046,7.46692525421952,0.2956223852030014,0.5250676895306859,0.002971761822022205,4.157468496920046,0.0013989169675090252,1.9166367014263455,85.97043010752688,0.48106197352587243,0.0,0.0,0.0,0.1413133691288809,6.982492923786561,0.0007876149663781568,21.151455026455025,0.46724799232889846,-0.422700890778733,-0.8530701250354761,0.0,-0.15155948616730777,-0.0470573855649942,-0.5956521739130435,-0.3835534213685474,-0.8530701250354761,0.0,-0.15155948616730777,Information Technology Services,Technology,III
2010Q1,2010,Q1,2010-05-07,2010-03-31,460000.0,34844000.0,1666000.0,0.01,16363000.0,0.4696073929514407,236726000.0,132581000.0,69578000.0,9799000.0,104145000.0,0.0,-55970000.0,108854020.0,140847020.0,4.1532798696823505,7.100520461271558,0.29491057171582336,0.5265686636848417,0.004721291625526734,4.1532798696823505,0.00346957708872312,3.1240391459074734,59.15979347826087,0.8210378561030616,0.0,0.0,0.0,0.14719126754137696,6.696397591590979,0.0019431748096955974,-39.71325063845312,0.4696073929514407,1.5801639344262297,-0.631432742466479,0.0,-0.4265516519208247,0.007697992363591575,2.7704918032786887,0.048458149779735685,-0.631432742466479,0.0,-0.4265516519208247,Information Technology Services,Technology,III
2009Q4,2009,Q4,2009-12-31,2009-12-31,122000.0,34465000.0,1589000.0,0.003875722726983925,16238000.0,0.471144639489337,241973000.0,131625000.0,72620000.0,14923000.0,110348000.0,0.0,-56430000.0,99785260.0,128812260.0,4.181491835567698,4.866313743885278,0.29678104581916165,0.5455878442545109,0.0013651998365855978,4.181491835567698,0.0009268755935422602,2.8952636007543884,204.47799180327868,0.7581026400759734,0.0,0.0,0.0,0.14243324668454746,4.627688802519601,0.000504188483839106,20.16678658043654,0.471144639489337,1.0352338429725811,0.0,0.0,0.0,0.04801858784045437,1.0339171531832083,1.3779733587059944,0.0,0.0,0.0,Information Technology Services,Technology,III
2009Q3,2009,Q3,2009-09-30,2009-09-30,-3597000.0,32462000.0,-4204000.0,-0.11,15494000.0,0.47729653132893846,244492000.0,130609000.0,73058000.0,17753000.0,113883000.0,0.0,-56553000.0,125597220.0,159477220.0,4.149215324988881,4.1152481270771135,0.31416978878654517,0.5881064857705058,-0.013543348116081462,4.149215324988881,-0.02754021545222764,3.8690536627441316,-8.729303586321935,0.9616276060608382,0.0,0.0,0.0,0.13277326047478036,3.9137047259618094,-0.014712137820460384,89.01291282778172,0.47729653132893846,-36.423367346938775,-3.130094950490316,0.0,-0.16061544422309587,0.11435558112773303,-37.704081632653065,-4.055232558139535,-3.130094950490316,0.0,-0.16061544422309587,Information Technology Services,Technology,III
2009Q2,2009,Q2,2009-06-30,2009-06-30,98000.0,31518000.0,1376000.0,0.0031052948445768245,13904000.0,0.4411447426867187,255256000.0,133157000.0,74565000.0,10855000.0,122099000.0,0.0,-52904000.0,94727710.0,130733710.0,4.231101649137301,6.869184707508061,0.3205096060425612,0.6144025473688953,0.003689943803114703,4.231101649137301,0.0007359733247219448,3.0055114537724474,241.6523214285714,0.711398649714247,0.0,0.0,0.0,0.12347603974049581,6.502901888530631,0.0003839282915974551,15.740729478231971,0.4411447426867187,-0.8447352577711589,-0.9213307994317412,0.0,-0.1365327097651269,-0.2845528455284553,-0.8188539741219963,-0.3297613248904043,-0.9213307994317412,0.0,-0.1365327097651269,Information Technology Services,Technology,III
2009Q1,2009,Q1,2009-03-31,2009-03-31,541000.0,34299000.0,2053000.0,0.02,19434000.0,0.5666054403918481,267945000.0,131361000.0,84619000.0,13634000.0,136584000.0,0.0,-52965000.0,96453260.0,139665260.0,4.181074543255459,6.2064691213143615,0.3501203605217489,0.7141617375019983,0.005474483873548938,4.181074543255459,0.004118421753792983,2.8121303828099946,44.571746765249536,0.7342610059302227,0.0,0.0,0.0,0.1280076135027711,5.884333284435969,0.002019071078019743,-10.089253138075314,0.5666054403918481,1.0099027626747357,-0.5595792801352508,0.0,-0.42271400790308167,0.08321721197257678,1.0085259956188044,1.0289521929206036,-0.5595792801352508,0.0,-0.42271400790308167,Information Technology Services,Technology,III
2008Q4,2008,Q4,2009-03-16,2008-12-31,-63453000.0,37425000.0,-70910000.0,-2.0196384238334715,17941000.0,0.47938543754175017,279588000.0,130581000.0,94141000.0,25005000.0,149007000.0,0.0,-53505000.0,106821200.0,139725200.0,4.156248010694506,3.764887022595481,0.3363878278037684,0.7202426080363912,-0.2775602825130549,4.156248010694506,-0.4859282744043927,2.8542738810955246,-0.4208674136762643,0.8180455043229873,0.0,0.0,0.0,0.13385767629511997,3.6093181363727256,-0.2269518005064595,18.31325218583919,0.47938543754175017,-41.392768476669424,0.0,0.0,0.0,-0.02239537925021796,-44.55044612216884,-19.640904311251315,0.0,0.0,0.0,Information Technology Services,Technology,III
2008Q3,2008,Q3,2008-11-13,2008-09-30,1457000.0,41123000.0,3804000.0,0.05,18352000.0,0.4462709432677577,354927000.0,195702000.0,92773000.0,24522000.0,159225000.0,0.0,9948000.0,152919200.0,190192200.0,6.270892078954114,3.7832558518881005,0.26565462757130337,0.48179374763671295,0.0075364667747163695,6.270892078954114,0.00744499289736436,3.7185808428373415,26.238709677419358,0.7813880287375704,0.0,0.0,0.0,0.11586326202289485,3.642973656308621,0.004105069493163383,15.328708901363273,0.4462709432677577,-0.375,-0.12971946401219603,0.0,0.26859889153424726,-0.18257538639704246,-0.3989273927392739,-0.31484149855907784,-0.12971946401219603,0.0,0.26859889153424726,Information Technology Services,Technology,III
2008Q2,2008,Q2,2008-08-13,2008-06-30,2424000.0,50693000.0,5552000.0,0.08,22451000.0,0.44288166018976977,357688000.0,195842000.0,93601000.0,26049000.0,161846000.0,0.0,8505000.0,150273600.0,196349600.0,6.255533906155173,3.593266536143422,0.26426662342600254,0.48265949081402354,0.01124415510925292,6.255533906155173,0.012377324577976124,2.9643856153709587,15.498514851485147,0.7673205951736604,0.0,0.0,0.0,0.14172407237592538,3.502092210833429,0.006776855807295744,27.28774287270746,0.44288166018976977,0.6,0.9560518670163818,0.0,0.2766058012389054,0.1373353596757852,0.4576067348165965,0.41922290388548056,0.9560518670163818,0.0,0.2766058012389054,Information Technology Services,Technology,III
2008Q1,2008,Q1,2008-05-14,2008-03-31,1663000.0,45554000.0,3912000.0,0.05,19740000.0,0.43333186986872724,355042000.0,193550000.0,87164000.0,24911000.0,161492000.0,0.0,6081000.0,161812440.0,212196440.0,6.172071813514462,3.4990164987354984,0.26690645050444733,0.48960475329372255,0.008012982970212613,6.172071813514462,0.008592095065874451,3.5521016815208326,24.325381840048106,0.8360239731335573,0.0,0.0,0.0,0.12830594690205666,3.3462727309220828,0.0046839528844474735,-65.53764277035236,0.43333186986872724,5.3915001596450844,0.3563727522686195,0.0,-0.14781461959205652,0.0,5.6577153388116805,5.436571319698513,0.3563727522686195,0.0,-0.14781461959205652,Information Technology Services,Technology,III
2007Q4,2007,Q4,2008-03-27,2007-12-31,-357042.0,0.0,-881762.0,-0.011385630919353296,0.0,0.0,357290000.0,190788000.0,87085000.0,28652000.0,166502000.0,0.0,4418000.0,214809150.0,262632150.0,6.083995025351574,3.039403881055424,0.26589045313330906,0.49793488060045704,-0.0066646118590250126,6.083995025351574,-0.001871407006729983,0.0,-150.4088804678441,1.1259049311277438,0.0,0.0,0.0,0.0,2.8661175485131927,-0.0009993058859749783,190.0957517887089,0.0,-1.2846407729838323,0.0,0.0,0.0,0.0,-1.164620752869228,-2.7023156215228936,0.0,0.0,0.0,Information Technology Services,Technology,III
2007Q3,2007,Q3,2007-11-09,2007-09-30,2168876.0,0.0,-238165.0,0.04,0.0,0.0,260084863.0,199850564.0,2415017.0,729967.0,60234299.0,0.0,4775223.0,317777339.82,315741804.82,4.94316376973188,3.3083920232010486,0.0,0.0,-0.0008190065091700623,4.94316376973188,0.010852488762553604,0.0,36.62926555275636,1.5900747711675212,0.0,0.0,0.0,0.0,2.788530166432181,0.008339108916154032,145.22761633776375,0.0,0.0,0.0,0.0,0.0,0.0,0.35526289479209366,0.27872064640003874,0.0,0.0,0.0,Information Technology Services,Technology,III
2007Q2,2007,Q2,2007-08-14,2007-06-30,1600336.0,0.0,-330198.0,0.04,0.0,0.0,257814520.0,198110707.0,2698127.0,628500.0,59703813.0,0.0,2606347.0,309287105.55,307016326.55,4.900129625045081,4.2929626093874305,0.0,0.0,-0.000898920294057675,4.900129625045081,0.00807798843502184,0.0,48.31596388977065,1.5611831901140003,0.0,0.0,0.0,0.0,3.613013524264121,0.006207315243532443,310.2775113662812,0.0,0.0,0.0,0.0,0.0,0.0,0.5085697048537466,-0.5438831092928113,0.0,0.0,0.0,Information Technology Services,Technology,III
2007Q1,2007,Q1,2007-05-14,2007-03-31,1060830.0,0.0,-213875.0,0.04,0.0,0.0,257002561.0,196513186.0,1146905.0,1416877.0,60489375.0,0.0,1006011.0,202410777.52,201639653.52,7.242639870869263,0.8094598190245166,0.0,0.0,-0.0006630983260546211,7.242639870869263,0.005398263707352442,0.0,47.70104011010247,1.030011174517317,0.0,0.0,0.0,0.0,0.5442420195966199,0.004127702058190774,147.84718317904188,0.0,0.0,0.0,0.0,0.0,0.0,0.0,0.0,0.0,0.0,0.0,Information Technology Services,Technology,III
