Year,Date,FillingDate,NetIncome,Revenue,OperatingIncome,EPSDiluted,GrossProfit,GrossProfitRatio,TotalAssets,CommonStockEquity,CurrentAssets,CurrentLiability,TotalLiability,Inventory,RetainedEarnings,EnterpriseValue,bookValuePerShare,currentRatio,debtToAssets,debtToEquity,roic,shareholdersEquityPerShare,roe,priceToSalesRatio,peRatio,pbRatio,payoutRatio,inventoryTurnover,dividendYield,assetTurnover,quickRatio,returnOnAssets,priceToFreeCashFlowsRatio,grossProfitMargin,epsdilutedGrowth,fiveYNetIncomeGrowthPerShare,fiveYRevenueGrowthPerShare,fiveYShareholdersEquityGrowthPerShare,grossProfitGrowth,netIncomeGrowth,operatingIncomeGrowth,threeYNetIncomeGrowthPerShare,threeYRevenueGrowthPerShare,threeYShareholdersEquityGrowthPerShare,Industry,Sector,Price,MarketCap,AvgVolume,Symbol
2022,2022-12-31,2022-12-31,16000000.0,5624000000.0,915000000.0,0.11,4118000000.0,0.7322190612,14198000000.0,3605000000.0,2066000000.0,2120000000.0,10564000000.0,53000000.0,2868000000.0,8537188870.0,25.926112377651044,0.9745283018867924,0.5507818002535568,2.1692094313453536,0.0049443457151367885,25.926112377651044,0.004438280166435506,0.3122668687766714,109.76180437500001,0.4871536393897365,0.0,28.41509433962264,0.0,0.3961121284687984,0.7646226415094339,0.0011269192844062545,8.283909764150943,0.7322190611664295,-0.9759299781181618,-0.8641068129601372,-0.017626737047302044,-0.15937762761042554,0.24223227752639517,-0.9728813559322034,0.3884673748103187,-0.8487289387487982,0.20176066580261767,0.385958330638929,Telecom Services,Communication Services,16.02,2743761548,105244,TIGO
2021,2021-12-31,2021-12-31,590000000.0,4617000000.0,659000000.0,4.57,3315000000.0,0.7179987005,15139000000.0,2583000000.0,2286000000.0,4484000000.0,12399000000.0,63000000.0,2609000000.0,11673844950.0,20.09006696688989,0.5098126672613738,0.588612193671973,3.4498644986449865,0.03861056477811687,20.09006696688989,0.22841656987998452,0.7922557829759584,6.19973720338983,1.416122706155633,0.0,20.666666666666668,0.0,0.30497390844837835,0.33786797502230154,0.038972191029790604,76.205103125,0.7179987004548408,2.5813148788927336,15.38865247606381,-0.17624287142685532,-0.363505825937218,0.105,2.581769436997319,0.47757847533632286,47.252941954250964,-0.1117819153466708,-0.2034075059820092,Telecom Services,Communication Services,16.02,2743761548,105244,TIGO
2020,2020-12-31,2020-12-31,-373000000.0,4171000000.0,446000000.0,-2.89,3000000000.0,0.7192519779,12422000000.0,2059000000.0,2307000000.0,2606000000.0,10148000000.0,37000000.0,2021000000.0,10824077500.0,16.007774538386784,0.885264773599386,0.5402511672838513,3.2593491986401166,0.06270348913907935,16.007774538386784,-0.18115590092277806,1.1958948693358906,-13.372861930294906,2.4225728508984945,0.0,31.64864864864865,0.0,0.335775237481887,0.6596316193399846,-0.03002737079375302,-1662.6925,0.7192519779429394,-4.802631578947369,0.48048681961923534,-0.5174696083995051,-0.5389466283082525,-0.0430622009569378,-4.8061224489795915,-0.22434782608695653,-4.424751111873321,-0.21238515379190975,-0.4809675583780947,Telecom Services,Communication Services,16.02,2743761548,105244,TIGO
2019,2019-12-31,2019-12-31,98000000.0,4336000000.0,575000000.0,0.76,3135000000.0,0.7230166052,12856000000.0,2410000000.0,2646000000.0,2408000000.0,10175000000.0,32000000.0,2371000000.0,12085654174.0,18.706271180389,1.0988372093023255,0.5472930927193528,2.9195020746887965,0.024594313847013327,18.706271180389,0.04066390041493776,1.4330383242619926,63.40463442857143,2.5782797402489623,2.7346938775510203,37.53125,0.04313082004489425,0.3372744243932794,0.8700166112956811,0.007622899813316739,-58.619379,0.7230166051660517,8.6,-0.9712243422427951,-0.4730654123351119,-0.20140516164439223,0.0703311710481393,10.8,-0.12213740458015267,3.3851043941884815,-0.22795646607868333,-0.407347290361007,Telecom Services,Communication Services,16.02,2743761548,105244,TIGO
2018,2018-12-31,2018-12-31,-10000000.0,4075000000.0,655000000.0,-0.1,2929000000.0,0.7187730061349693,10315000000.0,2542000000.0,1531000000.0,2683000000.0,7525000000.0,39000000.0,2525000000.0,10144773073.389526,25.220005357514907,0.5706298919120387,0.4440135724672807,1.8017309205350118,0.009268148264249433,25.220005357514907,-0.003933910306845004,1.4951590364146075,-609.2773073389526,2.3968422790674766,-26.6,29.384615384615383,0.04365828117934797,0.3950557440620456,0.3913529631010063,-0.0009694619486185168,507.7310894491271,0.7187730061349693,-1.1176470588235294,-1.0432383426502074,-0.2178922193718294,0.30481169242371453,0.004802744425385935,-1.1176470588235294,0.04133545310015898,0.9822260990914499,-0.39840099216777086,-0.2736174240658692,Telecom Services,Communication Services,16.02,2743761548,105244,TIGO
2017,2017-12-31,2017-12-31,85000000.0,4133000000.0,629000000.0,0.85,2915000000.0,0.7052988144205178,9464000000.0,3096000000.0,1817000000.0,2067000000.0,6184000000.0,45000000.0,3035000000.0,8958560694.273891,30.841568377430665,0.8790517658442186,0.3615807269653423,1.105297157622739,-0.001768733626091393,30.841568377430665,0.027454780361757105,1.4893686654425093,72.41836110910461,1.9882301984088797,3.1176470588235294,27.066666666666666,0.0430505055772599,0.4367075232459848,0.552007740686986,0.008981403212172443,166.3665052506457,0.7052988144205178,3.6562499999999996,-0.8310970126682046,-0.13335459885555875,0.5440898255048439,-0.05815831987075929,3.65625,0.3049792531120332,-0.9679680462137009,-0.3553883388446056,0.3166663241164177,Telecom Services,Communication Services,16.02,2743761548,105244,TIGO
2016,2016-12-31,2016-12-31,-32000000.0,4374000000.0,482000000.0,-0.32,3095000000.0,0.7075903063557385,9628000000.0,3167000000.0,1667000000.0,1897000000.0,6259000000.0,62000000.0,3215000000.0,6648456875.762468,31.563630564995965,0.8787559304164471,0.3750519318653926,1.140195768866435,-0.10461923243120537,31.563630564995965,-0.010104199557941269,0.84212548599965,-115.10802736757715,1.1630744792429646,-8.28125,20.629032258064516,0.07194328831259779,0.4542999584545077,0.606747496046389,-0.0033236393851267137,230.2160547351543,0.7075903063557385,0.9427549194991055,-1.0358763493163363,0.0009017343854987219,0.4561040083497666,-0.36525840853158326,0.9427549194991055,-0.3906447534766119,-1.138991511270773,-0.1566904239052831,0.6330129051410899,Telecom Services,Communication Services,16.02,2743761548,105244,TIGO
2015,2015-12-31,2015-12-31,-559000000.0,6730000000.0,791000000.0,-5.59,4876000000.0,0.7245170876671619,10363000000.0,3477000000.0,1872000000.0,2458000000.0,6672000000.0,80000000.0,3512000000.0,7714625576.897515,34.720003195398625,0.7615947925142392,0.355399015729036,1.0592464768478573,0.30622344989223005,34.720003195398625,-0.16077077940753523,0.7133173219758566,-8.587881175129722,1.380680349984905,-0.47227191413237923,23.175,0.054992832865464684,0.6494258419376628,0.532139951179821,-0.05394190871369295,10.76373447734869,0.7245170876671619,-1.2115821347464044,-1.3656108690155428,0.8551541141576324,0.20681261971896994,0.2619047619047619,-1.2115020809685964,-0.14393939393939395,-2.1134475803661625,0.4145902438917541,0.7382645078044137,Telecom Services,Communication Services,16.02,2743761548,105244,TIGO
2014,2014-12-31,2014-12-31,2643000000.0,6386000000.0,924000000.0,26.42,3864000000.0,0.6050735984967116,13297000000.0,2342000000.0,2406000000.0,4574000000.0,9550000000.0,152000000.0,4764000000.0,10091903610.10941,23.42398207695308,0.5260166156536948,0.34346093103707603,1.9500426985482493,0.1178229990978609,23.42398207695308,1.1285226302305722,0.973833950847073,2.3529714756373092,2.655381558543727,0.09988649262202043,16.592105263157894,0.04245121271390078,0.4802587049710461,0.3384346305203323,0.1987666390915244,42.59523020622883,0.6050735984967116,10.486956521739131,2.373210789097098,1.055963490258086,0.0668029355473117,0.23925593329057088,10.541484716157205,0.18309859154929578,1.973653604161657,0.46648128669509703,0.0806030099588714,Telecom Services,Communication Services,16.02,2743761548,105244,TIGO
2013,2013-12-31,2013-12-31,229000000.0,5159000000.0,781000000.0,2.3,3118000000.0,0.6043806939329327,9147000000.0,1929000000.0,2922000000.0,3006000000.0,7066000000.0,140000000.0,2383000000.0,11191814511.773962,19.32846364264887,0.9720558882235529,0.42582267410079805,2.0191809227579056,0.06778764711386488,19.32846364264887,0.11871435977190253,1.596785135059888,35.972989134384115,4.2705103741700166,1.1528384279475983,14.57857142857143,0.03204733483895223,0.5640100579424948,0.5166333998669328,0.025035530775117526,164.75629023547924,0.6043806939329327,-0.5409181636726547,-0.15050980555593707,0.6340671512406137,0.2425768390760997,0.013324666883327917,-0.5492125984251969,-0.29257246376811596,-0.8497090554663066,0.4269885840500364,-0.3281730502023895,Telecom Services,Communication Services,16.02,2743761548,105244,TIGO
2012,2012-12-31,2012-12-31,508000000.0,4814000000.0,1104000000.0,5.01,3077000000.0,0.6391773992521811,8211000000.0,2024000000.0,2099000000.0,2998000000.0,5875000000.0,93000000.0,2450000000.0,8866247955.466122,19.97394702561876,0.700133422281521,0.37254901960784315,1.5113636363636365,0.1167088790795282,19.97394702561876,0.2509881422924901,1.4501969163826594,13.742614085563234,3.4492331795781235,1.06496062992126,18.677419354838708,0.07749330828113792,0.5862866885884789,0.5390260173448966,0.06186822555109,11.954191704565279,0.6391773992521811,-0.4345372460496614,-0.2734458209859256,0.8246286915975395,0.5669370349393064,0.03770543330019331,-0.45052270650016496,-0.1217330498058505,-0.36028051478125994,0.5292275698688256,-0.09032267650333256,Telecom Services,Communication Services,16.02,2743761548,105244,TIGO
2011,2011-12-31,2011-12-31,924515000.0,4529597000.0,1257021000.0,8.86,2965196000.0,0.6546268906483292,7281946000.0,2254384000.0,1779796000.0,2698845000.0,4836392000.0,74593000.0,2811130000.0,9706834427.138401,21.67676923076923,0.6594658085217936,0.33485911595609197,1.081637378547754,0.2724488725699893,21.67676923076923,0.41009650529812136,1.7992080591581106,8.8150948628615,3.6150395971309233,0.5342357884945079,20.97249071628705,0.060604655628298906,0.6220311164076197,0.3265393158925392,0.12695988132842512,9.760876221519785,0.6546268906483292,-0.4186351706036746,4.291409086665664,1.7789687088683481,3.3177028350135194,0.14519670977574167,-0.44044514302764803,0.20666679465888474,2.291079727605354,0.3767829840649228,0.39354331984867336,Telecom Services,Communication Services,16.02,2743761548,105244,TIGO
2010,2010-12-31,2010-12-31,1652233000.0,3920249000.0,1041730000.0,15.24,2589246000.0,0.660479984817291,6995117000.0,3113461000.0,1650099000.0,1684831000.0,3836106000.0,62132000.0,2786587000.0,10649898436.882154,28.770003418992967,0.979385469521869,0.33623969406087134,0.7554409706753995,0.16745623545227298,28.770003418992967,0.5306740633654958,2.3777442292268054,5.641667632157302,2.993886686514511,0.47724866892260354,21.422181806476534,0.08459354574564147,0.5604265089490283,0.8232220323581415,0.2361980507259564,12.267273936319633,0.660479984817291,0.948849104859335,151.67494617396207,2.357197948083973,8.651474068528561,0.19329715530054267,0.9420031782300644,0.22409147578855096,1.2126803691762054,0.39131402947126753,1.2569792437483456,Telecom Services,Communication Services,16.02,2743761548,105244,TIGO
2009,2009-12-31,2009-12-31,850788000.0,3372727000.0,851023000.0,7.82,2169825000.0,0.643344391645099,5991018000.0,2383803000.0,2075164000.0,1613354000.0,3680888000.0,46980000.0,937398000.0,10186962980.064018,21.957178122063997,1.2862422010296561,0.39173425951983454,0.9845138209826902,0.13099250768836898,21.957178122063997,0.35690365353177256,2.7726044770489926,10.991266896176272,3.9228233121881377,0.0,25.604555129842485,0.0,0.5629639236603863,1.119242893995986,0.14201058985300996,19.39422933193966,0.643344391645099,1.9159604071854646,8.556825756796883,1.80568925184767,6.644199729640906,0.005804469747643238,1.919997528881201,-0.018748205603015395,3.6646411047051135,0.9821877320180878,3.3735562812543844,Telecom Services,Communication Services,16.02,2743761548,105244,TIGO
2008,2008-12-31,2008-12-31,291366000.0,3412380000.0,867283000.0,2.6817922426964635,2157303000.0,0.6321989344680252,5220808000.0,1677918000.0,1364168000.0,1749079000.0,3568731000.0,58162000.0,1082548000.0,10775033491.30967,15.555145593265905,0.779935040098246,0.41335096023450774,1.2861331721812388,0.13704125079153678,15.555145593265905,0.17364734152682074,2.7227924472976834,31.888423808233185,5.537340019780269,0.8913325508123803,21.578986279701525,0.02795160263086599,0.6536114716342758,0.38545714630385475,0.05580860280630891,-32.6622530568463,0.6321989344680252,-0.5942825654014428,-0.013466526248781006,2.192858219704966,12.926950798161338,0.30701435514535086,-0.5820564533480984,0.30826517590198604,26.01109679333265,1.9317541465017891,4.2182852445016215,Telecom Services,Communication Services,16.02,2743761548,105244,TIGO
TTM,,,,,,,,,,,,,,,,9712761548.0,21.221943969855126,0.9322689888727624,0.545643584944895,2.1703887510339124,-0.013283096727892532,21.221943969855126,-0.009475371002577858,0.49127332999104745,-80.52782823529411,0.7548790074441688,0.0,22.176470588235293,0.0,0.38712136965412075,0.7223028543783261,-0.002356692313024191,24.9432868,0.7299910474485228,,,,,,,,,,,Telecom Services,Communication Services,16.02,2743761548,105244,TIGO
