Quarters,Year,Quarter,FillingDate,Date,NetIncome,Revenue,OperatingIncome,EPSDiluted,GrossProfit,GrossProfitRatio,TotalAssets,CommonStockEquity,CurrentAssets,CurrentLiability,TotalLiability,Inventory,RetainedEarnings,MarketCap,EnterpriseValue,bookValuePerShare,currentRatio,debtToAssets,debtToEquity,roic,shareholdersEquityPerShare,roe,priceToSalesRatio,peRatio,pbRatio,payoutRatio,inventoryTurnover,dividendYield,assetTurnover,quickRatio,returnOnAssets,priceToFreeCashFlowsRatio,grossProfitMargin,epsdilutedGrowth,fiveYNetIncomeGrowthPerShare,fiveYRevenueGrowthPerShare,fiveYShareholdersEquityGrowthPerShare,grossProfitGrowth,netIncomeGrowth,operatingIncomeGrowth,threeYNetIncomeGrowthPerShare,threeYRevenueGrowthPerShare,threeYShareholdersEquityGrowthPerShare,Industry,Sector,Symbol
2023Q1,2023,Q1,2023-04-26,2023-04-01,13967000.0,246787000.0,19573000.0,0.41,153860000.0,0.623452613,2161448000.0,1419454000.0,1460740000.0,693331000.0,741994000.0,133236000.0,1425914000.0,5595701310.0,5409420310.0,44.41484401889922,2.1068436288006738,0.24525040620917088,0.37345063665324835,0.006618744405215731,44.41484401889922,0.009839698926488635,22.67421424143087,100.15932752201618,3.942150509984825,0.0,0.6974616470023117,0.0,0.11417670006403115,1.788135825457105,0.006461871856274127,-267.2637584181115,0.6234526129820452,-0.46052631578947373,-0.2889201386891042,0.6153144887730799,0.9070983620258022,-0.021850384940590092,-0.4492725050274043,0.25299276614813393,7.499468012687156,0.5683529670754602,0.7627749493888246,Semiconductors,Technology,SLAB
2022Q4,2022,Q4,2023-02-01,2022-12-31,25361000.0,257325000.0,15621000.0,0.76,157297000.0,0.6112775673,2169428000.0,1405008000.0,1461363000.0,185776000.0,764420000.0,100417000.0,1415693000.0,4414973140.0,4444631140.0,43.175219716059246,7.86626367237964,0.2441072024515218,0.37691813854440687,0.00759394486530204,43.175219716059246,0.01805043102957421,17.1571869814437,43.52128405819959,3.1423117448441573,0.0,0.9961261539380782,0.0,0.11861421535999352,6.800533976401688,0.011690178240531606,597.4253234100136,0.6112775672787332,0.2666666666666667,7.851433847452792,0.6779650884966757,0.9324777046851503,-0.05005284295075037,0.20772417734177817,-0.4831419779638024,2.485532280023064,0.565725717761208,0.6824013400846906,Semiconductors,Technology,SLAB
2022Q3,2022,Q3,2022-10-26,2022-10-01,20999000.0,269817000.0,30223000.0,0.6,165585000.0,0.6136937257,2336297000.0,1551644000.0,1625636000.0,205701000.0,784653000.0,88447000.0,1568108000.0,4206711760.0,4252496760.0,45.53079609143461,7.90290761833924,0.22645322919132285,0.3409686758045016,0.00834920794338769,45.53079609143461,0.013533387813183952,15.590981146480763,50.08228677556074,2.71113203801903,0.0,1.1784684613384286,0.0,0.1154891693992673,7.064039552554436,0.008988155187461183,772.7244232182219,0.6136937257474511,0.0,0.31437964279495767,0.6953700832321784,1.05494930812575,0.010262167257463256,-0.05132143663880732,-0.03683992479046496,0.3238486279411358,0.5373567327737331,0.8215612186274945,Semiconductors,Technology,SLAB
2022Q2,2022,Q2,2022-07-27,2022-07-02,22135000.0,263150000.0,31379000.0,0.6,163903000.0,0.6228500855,2419398000.0,1605344000.0,1709965000.0,232119000.0,814054000.0,74026000.0,1619396000.0,4586347579.999999,4610061579.999999,44.93992497620514,7.366760153197283,0.21846922250907044,0.3292527956624873,0.009829167245868181,44.93992497620514,0.013788322004504954,17.428643663309895,51.799724192455386,2.8569251076404805,0.0,1.3407046172966255,0.0,0.10876672626827004,6.676752010822035,0.00914897011570647,-120.0394582144633,0.622850085502565,0.09090909090909079,0.5885888969064219,0.6460920637630397,1.0926854524358471,0.052198084379734486,0.019435361304287753,-0.06562844296221303,2.677208069304457,0.5461721063861427,0.8546726629172079,Semiconductors,Technology,SLAB
2022Q1,2022,Q1,2022-04-27,2022-04-02,21713000.0,233814000.0,33583000.0,0.55,155772000.0,0.6662218687,2843762000.0,2007655000.0,2123398000.0,246208000.0,836107000.0,55515000.0,2018117000.0,5656366520.0,5418541520.0,52.82885561666184,8.6244070054588,0.18569978781628,0.26303622883413735,0.008609183355880286,52.82885561666184,0.010815105184904777,24.191735824202144,65.12649702942937,2.817399662790669,0.0,1.4057822210213455,0.0,0.08221996074214369,8.175814758253184,0.0076353084400171325,80.05613926827542,0.6662218686648361,3.75,0.5591555838705152,0.44668007757640005,1.5304932513295988,0.21857765330788306,3.6430919050517345,48.77098150782361,3.5713262657829015,0.4125602113151623,1.1576021579828388,Semiconductors,Technology,SLAB
2021Q4,2021,Q4,2022-02-02,2022-01-01,-8215000.0,208680000.0,-703000.0,-0.2,127831000.0,0.6125694844,2958295000.0,2212424000.0,2238573000.0,668827000.0,745871000.0,49307000.0,2214839000.0,8043155299.999999,7419131299.999999,56.77977672269986,3.347013502744357,0.15231712861631447,0.20366756101000533,-0.0002958181085758669,56.77977672269986,-0.0037131218970685546,38.543009871573695,-244.770398660986,3.635449308089227,0.0,1.6397063297300587,0.0,0.0705406323574897,3.1959206192333744,-0.0027769373913014085,-35.357326293948525,0.612569484377995,0.5454545454545454,-1.4387709592754137,0.22737437908696806,1.8734635324224311,0.16731044936945821,0.5838399189463019,0.8129821761106677,-1.600110959556572,0.07116976876191736,1.2933967288542647,Semiconductors,Technology,SLAB
2021Q3,2021,Q3,2021-10-27,2021-10-02,-19740000.0,184831000.0,-3759000.0,-0.44,109509000.0,0.5924817807,3639502000.0,2647583000.0,2920153000.0,458375000.0,991919000.0,59114000.0,2648190000.0,6088650900.0,5171348900.0,61.02530828627406,6.370663757840196,0.12229969924456698,0.16811937529437226,-0.0023172585968803364,61.02530828627406,-0.007455856907979844,32.94171919212686,-77.11057370820669,2.299701614642487,0.0,1.274182088845282,0.0,0.050784695268748306,6.10657867466594,-0.005423818973035322,197.51673587231556,0.5924817806536782,-0.09999999999999995,-1.9458588342290946,-0.004474907453856406,2.2242428592967105,0.13718872666098986,-0.06754637391163269,0.6532287822878229,-1.7089552076777181,-0.19962201851877814,1.5195123591147819,Semiconductors,Technology,SLAB
2021Q2,2021,Q2,2021-07-28,2021-07-03,-18491000.0,169492000.0,-10840000.0,-0.4,96298000.0,0.5681566092,1896002000.0,1227754000.0,1161003000.0,154882000.0,668248000.0,52269000.0,1027105000.0,6836041740.000001,6972611740.000001,27.40338816597103,7.4960486047442565,0.2318847764928518,0.3580961658442978,-0.006938242739535953,27.40338816597103,-0.015060834662318346,40.33253333490667,-92.42390541344439,5.567924633110541,0.0,1.4003328933019572,0.0,0.08939442047002061,4.62812334551465,-0.009752626843220629,115.26923092487988,0.5681566091614944,-2.3793103448275863,-2.108123285801208,-0.09645685808136081,0.5040110945865263,-0.3604988610932177,-2.3687911762528686,-1.4891917505302585,-2.251795351089122,-0.24529275059683925,0.15404227282184493,Semiconductors,Technology,SLAB
2021Q1,2021,Q1,2021-04-28,2021-04-03,13509000.0,255505000.0,22159000.0,0.29,150583000.0,0.5893544158,1870623000.0,1206979000.0,860931000.0,150799000.0,663644000.0,79244000.0,1007173000.0,6532147199.999999,6761211199.999999,27.331951992753623,5.709129370884423,0.23216222616743193,0.3598140481317405,0.013303216743268039,27.331951992753623,0.011192406827293598,25.565633549245607,120.88509882300689,5.411980821538734,0.0,1.324037151077684,0.0,0.13658818479191157,4.486972725283324,0.007221658238993105,784.1713325330131,0.5893544157648578,0.44999999999999984,1.1926206895099714,0.4865663127055898,0.5181885170083282,0.060630392674766685,0.5097228430934287,0.2546144264522704,-0.5022599757745158,0.21031476173634026,0.17358784045641149,Semiconductors,Technology,SLAB
2020Q4,2020,Q4,2021-02-03,2021-01-02,8948000.0,242917000.0,17662000.0,0.2,141975000.0,0.5844588893,1993487000.0,1199841000.0,975821000.0,284498000.0,793646000.0,66662000.0,993664000.0,5589589300.0,5950294300.0,27.334343319284656,3.4299749031627638,0.2826328940193741,0.46958305308786746,0.007454165912597748,27.334343319284656,0.007457654805928452,23.010284582799887,156.16867735806883,4.658608348939568,0.0,1.5142359965197565,0.0,0.12185532185562284,2.8817496080816034,0.004488617181852703,1561.3377932960893,0.5844588892502377,1.857142857142857,0.5013138095742552,0.4406341253160834,0.49651968839699656,0.09149407260482495,1.829854522454143,0.8355851174392018,2.7921330853333863,0.17432426733551026,0.2234566351744423,Semiconductors,Technology,SLAB
2020Q3,2020,Q3,2020-10-28,2020-10-03,3162000.0,221350000.0,9622000.0,0.07,130074000.0,0.587639485,1943075000.0,1170051000.0,937649000.0,151146000.0,773024000.0,66159000.0,984716000.0,4211935950.0,4543255950.0,26.704347826086956,6.203597845791486,0.2890665568750563,0.48004574159587915,0.005737756346078558,26.704347826086956,0.0027024463036226624,19.02839823808448,333.01201375711577,3.599788342559427,0.0,1.379646004322919,0.0,0.11391737323572174,5.307755415293822,0.001627317525056933,194.9338617114824,0.5876394849785408,2.678657074340528,-0.6937439524864885,0.36914956067144794,0.5245560851950526,0.029791546262795798,2.734503565551289,-0.06907894736842106,-0.846061197923929,0.08177952906243484,0.2052519569164796,Semiconductors,Technology,SLAB
2020Q2,2020,Q2,2020-07-29,2020-07-04,-1823000.0,207533000.0,10336000.0,-0.0417,126311000.0,0.6086309165,1923707000.0,1157646000.0,917437000.0,135000000.0,766061000.0,70022000.0,981554000.0,4307395230.0,4601510230.0,26.453828751628162,6.79582962962963,0.2972250971691635,0.49391091922746677,0.007555677834540057,26.453828751628162,-0.001574747375277071,20.755230397093474,-590.7014851892486,3.720822453496147,0.0,1.1599497300848305,0.0,0.10788181360259125,5.880229629629629,-0.0009476495121138511,124.69300688976378,0.6086309165289375,-1.834,-1.2355016111743484,0.2318909286414113,0.4408720138575332,-0.022103339888205873,-1.8123885918003566,0.43595443178660737,-1.1067990018133396,0.05970855222164055,0.2318565867449324,Semiconductors,Technology,SLAB
2020Q1,2020,Q1,2020-04-29,2020-04-04,2244000.0,214877000.0,7198000.0,0.05,129166000.0,0.6011159873,1971082000.0,1099603000.0,1248037000.0,446733000.0,871479000.0,68160000.0,983377000.0,3407567360.0,3473790360.0,25.19598093579579,2.7936978015951364,0.3459993039356049,0.6202174784899641,0.005471456584973576,25.19598093579579,0.002040736520362349,15.858222890304686,379.63094474153297,3.098906932774829,0.0,1.2574970657276996,0.0,0.10901474418618809,2.5359286195557527,0.001138461007710486,61.32578709619365,0.6011159872857496,-0.7727272727272727,-0.6580816213402789,0.2755929067774115,0.3997382147432873,-0.03080189988819773,-0.7690169840452908,-0.4558923576989946,-0.8596844795917479,0.1577243233559598,0.20688322649471866,Semiconductors,Technology,SLAB
2019Q4,2019,Q4,2020-01-29,2019-12-28,9715000.0,219438000.0,13229000.0,0.22,133271000.0,0.6073287216,1674853000.0,1115051000.0,943859000.0,137701000.0,559802000.0,73057000.0,980608000.0,5062794000.0,5203905000.0,25.662853855005753,6.854409190928171,0.21987422179737565,0.3302602302495581,0.007457737798260124,25.662853855005753,0.008712605970489243,23.07163754682416,130.2829130211014,4.540414743361515,0.0,1.1794489234433387,0.0,0.13101925960069333,5.82138110834344,0.005800509059601051,179.75480205929344,0.6073287215523291,-0.5111111111111111,-0.05694575825843062,0.31844837183452723,0.43129240865554563,-0.006107838019240809,-0.5186066101778901,-0.44462636439966413,-0.534673257444282,0.15742527369256254,0.29872428083650043,Semiconductors,Technology,SLAB
2019Q3,2019,Q3,2019-10-23,2019-09-28,20181000.0,223294000.0,23820000.0,0.45,134090000.0,0.6005087463,1637178000.0,1083754000.0,895166000.0,132036000.0,553424000.0,71453000.0,970893000.0,4785205670.0,4912951670.0,24.99547949628673,6.7797115938077495,0.2228236636456146,0.33660959959548015,0.015176785861403093,24.99547949628673,0.01862138455775019,21.430068295610273,59.278599549080816,4.415398392993243,0.0,1.248429037269254,0.0,0.13638956790281814,5.840104214002242,0.012326698746257279,79.58629661045138,0.6005087463165154,2.2162162162162162,2.578191724815834,0.4039552452062169,0.4368642906301767,0.05541956253099198,2.2590305072056895,0.6364385820280297,-0.032408110711338124,0.2034410243146326,0.32062415649814313,Semiconductors,Technology,SLAB
2019Q2,2019,Q2,2019-07-24,2019-06-29,-16029000.0,206709000.0,14556000.0,-0.37,127049000.0,0.6146273263,1602940000.0,1051271000.0,847642000.0,131037000.0,551669000.0,73865000.0,950712000.0,4486112400.0,4657993400.0,24.23065044023418,6.468722574540015,0.22547943154453692,0.34380288241566637,-0.012467537607694328,24.23065044023418,-0.01524725784312513,21.702549961540136,-69.96868800299458,4.267322507707337,0.0,1.0784539362350234,0.0,0.12895616804122426,5.4497203080046095,-0.009999750458532446,132.68203838987313,0.6146273263379921,-4.083333333333333,-2.124524005469405,0.33664968369765574,0.35430267222234674,0.0964409617342976,-3.969433123379029,0.8390397978521794,-1.9919541409682582,0.137932650668133,0.32987814756477757,Semiconductors,Technology,SLAB
2019Q1,2019,Q1,2019-05-03,2019-03-30,5398000.0,188113000.0,7915000.0,0.12,115874000.0,0.61598082,1621927000.0,1057482000.0,814488000.0,134755000.0,564445000.0,70489000.0,966741000.0,3492262540.0,3619211540.0,24.484984602560836,6.04421357278023,0.22078243965357258,0.33862798610283673,0.010343454961913542,24.484984602560836,0.005104578612212785,18.56470600118014,161.7387245276028,3.3024321359607067,0.0,1.0248265686844755,0.0,0.11598117547830451,5.073837705465475,0.0033281399224502706,124.09873636331332,0.6159808200390191,-0.6571428571428571,-0.3360663917511763,0.28794913702042035,0.38576530542492193,-0.11032454719255545,-0.6435787388577088,-0.5689467378281233,-0.10416277975331303,0.11907607112309203,0.36005004225783144,Semiconductors,Technology,SLAB
2018Q4,2018,Q4,2019-01-30,2018-12-29,15145000.0,215534000.0,18362000.0,0.35,130243000.0,0.6042805311,1624354000.0,1067290000.0,826638000.0,144845000.0,557064000.0,74972000.0,961343000.0,3384056500.0,3541784500.0,24.757939177433947,5.707052366322621,0.21840744074259674,0.3324035641671898,0.014930214546612799,24.757939177433947,0.014190145133937355,15.70080126569358,55.86095245955761,3.1707000908843894,0.0,1.1376380515392412,0.0,0.13268905669576952,4.743111602057372,0.009323706531950547,152.29091850051753,0.6042805311458981,-0.4444444444444445,0.41861204014566217,0.46919387126218853,0.4404994602114537,-0.03969711045735731,-0.45445048809480926,-0.26931953840031836,1.5873899467199313,0.30154348498795214,0.35546491790148727,Semiconductors,Technology,SLAB
2018Q3,2018,Q3,2018-10-24,2018-09-29,27761000.0,230243000.0,25130000.0,0.63,135627000.0,0.5890602537,1604289000.0,1047707000.0,801051000.0,147348000.0,556582000.0,77563000.0,946201000.0,3970900800.0,4097031800.0,24.221079156648788,5.436456551836469,0.2190733714436738,0.33545351897047554,0.022352072892841364,24.221079156648788,0.02649691182744794,17.246564716408315,35.759706062461724,3.790087114050016,0.0,1.2198599847865605,0.0,0.14351715931481174,4.591416239107419,0.01730423882480027,45.38846685793318,0.5890602537319267,0.96875,3.1944418415400717,0.546271830607341,0.4079851809837648,0.03301800566675807,0.944047619047619,0.3960335536914616,1.7235438582585554,0.44256124298592026,0.38278582419403967,Semiconductors,Technology,SLAB
2018Q2,2018,Q2,2018-07-25,2018-06-30,14280000.0,217106000.0,18001000.0,0.32,131292000.0,0.6047368567,1592611000.0,1028468000.0,775915000.0,139080000.0,564143000.0,87163000.0,918440000.0,4313875200.0,4467244200.0,23.745567048393056,5.5789114178889845,0.2186554029829004,0.33859390860969907,0.012682895031322939,23.745567048393056,0.013884729520023958,19.86990318093466,75.52302521008403,4.194467110303869,0.0,0.9845232495439579,0.0,0.13632079647823606,4.573698590739143,0.008966407992912267,202.89131784404103,0.6047368566506683,-0.4666666666666666,0.11238720349012346,0.5069372507530538,0.432508593655104,0.05678662556243309,-0.4591933345957205,-0.24094454986295594,0.8638648608119031,0.3020747535133773,0.2933599644286419,Semiconductors,Technology,SLAB
2018Q1,2018,Q1,2018-04-25,2018-03-31,26405000.0,205384000.0,23715000.0,0.6,124237000.0,0.6049010634,1565995000.0,1000575000.0,976321000.0,144804000.0,565420000.0,76505000.0,904160000.0,3862373700.0000005,3865150700.0000005,23.28922561273654,6.742362089445043,0.2203385068279273,0.3448507108412663,0.021119918175901087,23.28922561273654,0.026389825850136172,18.805621177891172,36.56858265480023,3.8601541113859534,0.0,1.0606757728253056,0.0,0.131152398315448,5.768217728792022,0.016861484232069707,213.27298177802322,0.6049010633739726,6.454545454545454,0.29417275039945523,0.387236889011399,0.4428915300096982,0.04169741078615508,6.442085737840066,-0.10136415308829103,3.0869169280235713,0.2385080020202843,0.2938102773213534,Semiconductors,Technology,SLAB
2017Q4,2017,Q4,2018-01-31,2017-12-30,-4852000.0,201018000.0,26390000.0,-0.11,119264000.0,0.5933001025,1535082000.0,953016000.0,947642000.0,162325000.0,582066000.0,73132000.0,851307000.0,3766524800.0,3839037800.0,22.341897974493623,5.837930078546127,0.2227105783274118,0.35873374633794186,-0.004209617262927889,22.341897974493623,-0.005091205184383054,18.73725139042275,-194.07073371805438,3.9522157025695264,0.0,1.1178964064978396,0.0,0.1309493564513166,5.1464038194979205,-0.0031607432045975396,81.18035217794254,0.593300102478385,-1.2391304347826089,-1.2537484046727114,0.28909279637797297,0.4335500936596697,0.023075471374405958,-1.2432202115394255,0.05695289971163089,-1.4797603063225901,0.23025713554695387,0.24607298730386135,Semiconductors,Technology,SLAB
2017Q3,2017,Q3,2017-10-25,2017-09-30,19949000.0,198723000.0,24968000.0,0.46,116574000.0,0.5866155402,1477786000.0,942832000.0,905501000.0,159991000.0,534954000.0,72895000.0,856159000.0,3399984700.0000005,3502242700.0000005,22.15665170493267,5.659699608102955,0.22920571720127272,0.3592548831605206,0.017564958743297464,22.15665170493267,0.021158594532217828,17.109165521857058,42.60846032382576,3.6061405425356803,0.0,1.126949722203169,0.0,0.13447346232810434,4.969298273027857,0.013499248199671672,57.92433514489668,0.5866155402243324,0.21052631578947373,0.9518673830141574,0.30403871632524615,0.48853283920756874,0.029878436638631704,0.2039954131208884,0.19270086939906372,2.603969546678937,0.2731025928072767,0.27367437137893164,Semiconductors,Technology,SLAB
2017Q2,2017,Q2,2017-07-26,2017-07-01,16569000.0,190098000.0,20934000.0,0.38,113192000.0,0.5954402466,1434327000.0,912205000.0,851506000.0,143243000.0,522122000.0,67427000.0,836210000.0,2903371299.9999995,3028395299.9999995,21.474763406940063,5.944485943466696,0.23400451919262483,0.36794251292198576,0.015589668465665934,21.474763406940063,0.01816368031308752,15.273023913981207,43.80728016174784,3.1828057289753944,0.0,1.1405816660981505,0.0,0.13253463122426057,5.146617984822993,0.011551759117690736,83.65858809969744,0.5954402466096435,0.05555555555555561,-0.18874441706050302,0.4070178543039911,0.4841436387576511,0.0763686157415772,0.07409568261376896,0.6506860116700836,0.1872553936218001,0.2555132865525329,0.20027027500135552,Semiconductors,Technology,SLAB
2017Q1,2017,Q1,2017-04-26,2017-04-01,15426000.0,179028000.0,12682000.0,0.36,105161000.0,0.5873997364,1399426000.0,878834000.0,813246000.0,145293000.0,520592000.0,61308000.0,819641000.0,3096160800.0,3203263800.0,20.87690041809198,5.597282732134377,0.23759884409750856,0.3783444882651331,0.012002189324130023,20.87690041809198,0.017552802918412352,17.294282458609825,50.177635161415786,3.523032563601317,0.0,1.2048509166829777,0.0,0.12792959399067905,4.801181061716669,0.011023090895838722,82.63039231385108,0.5873997363540898,-0.23404255319148934,0.08649819964582149,0.43647302291947593,0.4218411897630125,-0.03941503160510066,-0.23288079964195135,-0.36852063934671114,0.9466031315422069,0.2575729308449451,0.18156024003287033,Semiconductors,Technology,SLAB
2016Q4,2016,Q4,2017-02-01,2016-12-31,20109000.0,182610000.0,20083000.0,0.47,109476000.0,0.5995071464,1081844000.0,826958000.0,490851000.0,139695000.0,254886000.0,59578000.0,801999000.0,2720250000.0,2651644000.0,19.76004778972521,3.513733490819285,0.06701520736816029,0.08767071604603861,0.022685507074876838,19.76004778972521,0.02431683350303159,14.896500739280434,33.81881247202745,3.289465728610159,0.0,1.2275336533619792,0.0,0.16879513127585863,2.6448190701170406,0.01858770765470807,136.63418554422623,0.5995071463775259,0.0,0.5752428528842479,0.4458125522603458,0.38496081598438997,0.011764923338539597,0.004545908682186033,-0.07587888827535431,0.9402483565826619,0.2822135496400427,0.14970547309511156,Semiconductors,Technology,SLAB
2016Q3,2016,Q3,2016-10-26,2016-10-01,20018000.0,178083000.0,21732000.0,0.47,108203000.0,0.607598704,1030216000.0,787629000.0,468395000.0,143847000.0,242587000.0,55051000.0,781890000.0,2446903200.0,2371208200.0,18.92701975296775,3.2562027709997428,0.07037359155749862,0.09204841365668354,0.023676357012470166,18.92701975296775,0.02541551923557919,13.740240225063594,30.558787091617543,3.1066697645718984,0.0,1.2693684038437085,0.0,0.17285986628046934,2.5322530188325096,0.019430876631696653,57.18533267895955,0.6075987039751127,0.27027027027027023,0.8307302392018269,0.5390753099827502,0.4190245852577368,-0.0008403050953884795,0.2865865415515136,0.2337913023731123,2.143884984998622,0.24316497481494995,0.10023848070577561,Semiconductors,Technology,SLAB
2016Q2,2016,Q2,2016-07-27,2016-07-02,15559000.0,174908000.0,17614000.0,0.37,108294000.0,0.6191483523,992588000.0,761149000.0,425364000.0,140980000.0,231439000.0,56388000.0,761872000.0,2008124250.0,1979290250.0,18.220203470975463,3.017193928216768,0.07304138272878576,0.09525073277374076,0.019036594091901688,18.220203470975463,0.0204414641548501,11.481031456537151,32.26628076997236,2.638280087078877,0.0,1.1813506419805633,0.0,0.1762140989010546,2.2389700666761243,0.015675184467271414,132.29621516568943,0.6191483522766255,1.6428571428571426,0.2422905674083757,0.4797846492958891,0.2765751300871635,0.13360061131988568,1.6788911845730028,1.5721378504672898,0.2566121006410924,0.2587074316385081,0.09917771165979469,Semiconductors,Technology,SLAB
2016Q1,2016,Q1,2016-04-27,2016-04-02,5808000.0,162025000.0,6848000.0,0.14,95531000.0,0.5896065422,998282000.0,749447000.0,421250000.0,155096000.0,248835000.0,48923000.0,750256000.0,1912852550.0,1861162550.0,18.003002714453867,2.716059730747408,0.07512907174525836,0.10007378773949326,0.007943727470938501,18.003002714453867,0.007749714122546357,11.805909890449005,82.33697271005511,2.552352000875312,0.0,1.3591562250884042,0.0,0.16230383799367312,2.115496208799711,0.005817995315952807,47.69492220615369,0.5896065422002778,0.07692307692307698,4.151187677742311,0.4402035572425351,0.26445952121353583,0.02130684855352905,0.026511134676564158,0.4278565471226022,-0.7062138566795382,0.12944392082979556,0.11538187500837228,Semiconductors,Technology,SLAB
2015Q4,2015,Q4,2016-02-05,2016-01-02,5658000.0,160071000.0,4796000.0,0.13,93538000.0,0.5843531933,1011463000.0,761114000.0,423140000.0,142321000.0,250349000.0,53895000.0,747749000.0,2022661800.0,1986076800.0,18.26527477801776,2.973138187618131,0.07662168561776357,0.10182443103135667,0.007662296047840935,18.26527477801776,0.0074338403971021426,12.636029012125869,89.37176564156945,2.6575017671465773,0.0,1.2344929956396697,0.0,0.1582569011422069,2.224457388579338,0.00559387738355234,144.01294410822356,0.5843531932704862,-0.43478260869565216,-0.5183421575594763,0.5689539699681628,0.3346386603703237,0.0011023706319901537,-0.43278195488721805,-0.5726632807627194,-0.6970980294296435,0.05079626189051151,0.17197681229409617,Semiconductors,Technology,SLAB
2015Q3,2015,Q3,2015-10-28,2015-10-03,9975000.0,156194000.0,11223000.0,0.23,93435000.0,0.5981983943,978051000.0,741476000.0,429355000.0,129341000.0,236575000.0,51957000.0,742091000.0,1784674959.9999998,1729034959.9999998,17.516146559259173,3.319558376694165,0.08179532560163018,0.10789290550199872,0.013050985244792495,17.516146559259173,0.013452896654780465,11.426014827714251,44.72869573934837,2.4069220851382913,0.0,1.2079026887618607,0.0,0.1596992385877628,2.3916623499122474,0.010198854660953263,37.457759680973865,0.5981983943045187,0.3529411764705882,-0.42693784632271586,0.36167376118257866,0.29361001762843275,-0.040984111343761544,0.31683168316831684,0.2465844718427191,-0.0188989598995624,0.030334763233383105,0.17677344560258207,Semiconductors,Technology,SLAB
2015Q2,2015,Q2,2015-07-29,2015-07-04,7575000.0,164856000.0,9003000.0,0.17,97428000.0,0.5909884991,1035931000.0,786213000.0,481596000.0,133395000.0,249718000.0,60746000.0,742586000.0,2285463510.0,2244974510.0,18.359596478527894,3.6103002361407848,0.08162898880330832,0.10755609484961455,0.009180450503301166,18.359596478527894,0.00963479362462844,13.863392961129714,75.42783861386138,2.906926634385338,0.0,1.109999012280644,0.0,0.15913801208767767,2.5788822669515348,0.0073122630754364915,219.9252800230947,0.5909884990537196,0.13333333333333347,-0.6185419144375107,0.29833960169047785,0.3583019499849963,0.01098901098901099,0.1876763875823142,0.2483361064891847,-0.6320989650924544,0.21035784797835966,0.2688511536736483,Semiconductors,Technology,SLAB
2015Q1,2015,Q1,2015-04-29,2015-04-04,6378000.0,163705000.0,7212000.0,0.15,96369000.0,0.5886747503,1021226000.0,763437000.0,457811000.0,134822000.0,257789000.0,61078000.0,735011000.0,2158770800.0,2133210800.0,18.00049514288409,3.3956698461675394,0.08533860281661454,0.11415480255738195,0.007652201558255361,18.00049514288409,0.008354323932426645,13.186957026358389,84.6178582627783,2.8276999935816574,0.0,1.102459150594322,0.0,0.16030242081576457,2.43334173947872,0.00624543440922969,97.69519844322758,0.5886747503130632,-0.3478260869565218,-0.6731391329323148,0.39556035807719747,0.27736167974892595,-0.003134309831181728,-0.3637270550678372,-0.344721061239324,-0.5541258679819193,0.30373863765043463,0.2259408685066076,Semiconductors,Technology,SLAB
2014Q4,2014,Q4,2015-02-06,2015-01-03,10024000.0,161951000.0,11006000.0,0.23,96672000.0,0.596921291,1042561000.0,758056000.0,528537000.0,163314000.0,284505000.0,52631000.0,728633000.0,2008675290.0,1954469290.0,17.929846968944393,3.23632389139939,0.08392794282540782,0.11542682862479817,0.012873731226328093,17.929846968944393,0.013223297487256877,12.402981704342672,50.096650289305664,2.649771639562249,0.0,1.2403146434610781,0.0,0.1553395916402014,2.4833265978421935,0.00961478513007872,83.24044962910779,0.5969212910077739,0.7692307692307693,-0.7184491881707695,0.43957354367359364,0.36083221410669797,0.005837000967631177,0.7874465049928673,0.14598084131611827,-0.22273545569007447,0.26923437030729397,0.2566839793523491,Semiconductors,Technology,SLAB
2014Q3,2014,Q3,2014-10-23,2014-09-27,5608000.0,158144000.0,9604000.0,0.13,96111000.0,0.6077435755,1014917000.0,749970000.0,504868000.0,152730000.0,264947000.0,47015000.0,718609000.0,1785267919.9999998,1764812919.9999998,17.395852662831693,3.3056243043278988,0.08990882998314148,0.12167153352800779,0.007028778618189184,17.395852662831693,0.007477632438630879,11.28887545528126,79.5857667617689,2.3804524447644573,0.0,1.3194299691587792,0.0,0.15581963845319372,2.6192169187454986,0.005525574997758438,42.498284136354975,0.6077435754755159,-0.59375,-0.738147679830461,0.31593387822234503,0.3579048718774756,-0.02586582609488866,-0.6072554100427201,-0.5383136236900298,-0.504945551508045,0.31926311317063905,0.30422765613740194,Semiconductors,Technology,SLAB
2014Q2,2014,Q2,2014-07-25,2014-06-28,14279000.0,154918000.0,20802000.0,0.32,98663000.0,0.6368724099,1024465000.0,777605000.0,508977000.0,134750000.0,246860000.0,45557000.0,713001000.0,2123118700.0,2122328700.0,17.891606460816345,3.777194805194805,0.09029102995221897,0.1189549964313501,0.016886358003993202,17.891606460816345,0.018362793449116198,13.70479027614609,37.17204811261293,2.730330566290083,0.0,1.2348267006168097,0.0,0.1512184408447336,2.953447124304267,0.013938006666894428,143.45396621621623,0.6368724099200868,0.7777777777777779,0.5072990720934561,0.5267993272394753,0.5151189385967732,0.13269043108891568,0.7606658446362515,1.0783295034468978,0.09583723124892626,0.2597880274306595,0.25355240305459475,Semiconductors,Technology,SLAB
2014Q1,2014,Q1,2014-04-29,2014-03-29,8110000.0,145691000.0,10009000.0,0.18,87105000.0,0.5978749545,1010053000.0,761195000.0,487511000.0,133121000.0,248858000.0,44334000.0,698722000.0,2222548790.0,2187975790.0,17.668925976648637,3.662164496961411,0.09281691158780776,0.12316160773520583,0.009910780499120362,17.668925976648637,0.010654300146480205,15.255223658290491,68.51260141800248,2.919815277294255,0.0,1.3214688500924798,0.0,0.14424094577215255,2.912838695622779,0.008029281631755958,49.08564212990569,0.597874954527047,-0.25,11.5218540432847,0.8033182621832745,0.5557832073683229,-0.016851396194045014,-0.23792520202969367,-0.2928500777165466,5.251857677682619,0.251367225715936,0.24099529590435267,Semiconductors,Technology,SLAB
2013Q4,2013,Q4,2014-01-31,2013-12-28,10642000.0,146236000.0,14154000.0,0.24,88598000.0,0.6058562871,991150000.0,738562000.0,459317000.0,109147000.0,252588000.0,45271000.0,690612000.0,1819864200.0,1819064200.0,17.187052033882527,4.208242095522552,0.09584825707511477,0.12862833452032463,0.013188049685518653,17.187052033882527,0.014409081431213628,12.444707185645122,42.751931028002254,2.464064222096453,0.0,1.2731770890857281,0.0,0.14754174443827878,3.1839354265348567,0.01073702265045654,77.54662519175046,0.6058562870975683,0.6,0.7857089237402899,0.5619763224275894,0.5597850032739786,0.004956840326221345,0.6294595008421375,0.34928503336510963,-0.12150988147438749,0.38991991309064233,0.25585321770371017,Semiconductors,Technology,SLAB
2013Q3,2013,Q3,2013-10-24,2013-09-28,6531000.0,146933000.0,10490000.0,0.15,88161000.0,0.600008167,999727000.0,734278000.0,452165000.0,103857000.0,265449000.0,44817000.0,679970000.0,1802545319.9999998,1782256319.9999998,17.20265204760566,4.353726758908884,0.09627628342537513,0.1310811436540384,0.008431965866673698,17.20265204760566,0.00889445142030675,12.26780450953836,68.99959118052365,2.454854047104775,0.0,1.3113773791195305,0.0,0.14697312366275994,3.26309252144776,0.006532783449881818,67.73685017473976,0.6000081669876747,-0.48275862068965514,5.2755882900366355,0.43571787261710004,0.5503789678567932,-0.006893988036903113,-0.48215984776403426,-0.448736139576436,-0.6278980689180033,0.27034442107201917,0.27045768561439476,Semiconductors,Technology,SLAB
2013Q2,2013,Q2,2013-07-25,2013-06-29,12612000.0,141543000.0,19029000.0,0.29,88773000.0,0.6271804328,913021000.0,705351000.0,526928000.0,98442000.0,207670000.0,50659000.0,673439000.0,1762078319.9999998,1664860319.9999998,16.57621263395375,5.352674671380102,0.10541926198849752,0.13645688458653918,0.0162149601770635,16.57621263395375,0.017880459515900594,12.449067209257962,34.92860608943863,2.498158108516185,0.0,1.0416707791310527,0.0,0.15502710233390032,4.200707015298348,0.013813482931936943,51.84260554885403,0.6271804328013395,-0.36956521739130443,-0.01810466427540619,0.542357245025992,0.3880322635807907,0.01603488531795083,-0.3704702006588799,-0.07791830207879052,-0.3608463677739379,0.12183517661600256,0.22636148187667826,Semiconductors,Technology,SLAB
2013Q1,2013,Q1,2013-04-24,2013-03-30,20034000.0,145375000.0,20637000.0,0.46,87372000.0,0.601011178,896633000.0,680910000.0,502711000.0,103804000.0,215723000.0,56949000.0,660827000.0,1744812960.0,1763049960.0,16.140662779121037,4.8428865939655505,0.10874014228787028,0.14319073005242983,0.026453636229734213,16.140662779121037,0.029422390624311585,12.002152777300086,21.773147648996705,2.5624722209983695,0.0,1.0185077876696693,0.0,0.16213434035999122,3.678442063889638,0.022343589852258393,68.13014291292464,0.6010111779879622,0.0454545454545455,1.2444520905161027,0.7939079674678582,0.400689252664237,-0.06679768440390489,0.07162342872425782,-0.18437277685558454,0.032206257097489824,0.24593909264670652,0.14538316619303981,Semiconductors,Technology,SLAB
2012Q4,2012,Q4,2013-02-01,2012-12-29,18695000.0,152461000.0,25302000.0,0.44,93626000.0,0.6140980316,871966000.0,649973000.0,467682000.0,106378000.0,221993000.0,49579000.0,640793000.0,1730340450.0,1724914450.0,15.58501378731567,4.396416552294648,0.11468337068188439,0.15385254464416215,0.025887260951409027,15.58501378731567,0.028762733221226112,11.349397222896346,23.139080636533834,2.662172813332246,0.0,1.1866919461868937,0.0,0.17484741377530774,3.3842899847712875,0.021440056148978287,166.25100403535743,0.6140980316277606,0.8333333333333334,0.5743015954127881,1.0412505216313346,0.23830354946868493,0.08246910154578983,0.865023942537909,-0.07080426000734484,-0.46767387994896026,0.37386977045038683,0.18286502142549182,Semiconductors,Technology,SLAB
2012Q3,2012,Q3,2012-10-24,2012-09-29,10024000.0,149461000.0,27230000.0,0.24,86493000.0,0.5786994601,855043000.0,621221000.0,444955000.0,116159000.0,233822000.0,42523000.0,622098000.0,1534178600.0,1508673600.0,14.884892775847609,3.8305684449762825,0.11695318247152482,0.16097330901563212,0.013976671301783154,14.884892775847609,0.016135964495726962,10.26474197282234,38.26263467677574,2.4696180586296985,0.0,1.4807986266255908,0.0,0.1747993960537657,3.011622000878107,0.011723387010945649,-29.75232425094541,0.578699460059815,-0.48936170212765956,-0.3510005517153298,1.248578005159396,0.06943500213195668,0.04457621796574962,-0.511238968257838,0.6624946577935161,-0.5165102937675372,0.2847155620109318,0.1619015640942524,Semiconductors,Technology,SLAB
2012Q2,2012,Q2,2012-07-25,2012-06-30,20509000.0,135670000.0,16379000.0,0.47,82802000.0,0.6103191568,721274000.0,617195000.0,474865000.0,94379000.0,104079000.0,35977000.0,618839000.0,1614491750.0,1450438750.0,14.469464306646348,5.031468864895793,0.01344842597958612,0.01571626471374525,0.03012211948357122,14.469464306646348,0.03322936835197952,11.900138202992556,19.68028365595592,2.6158535795008064,0.0,1.4694943991994887,0.0,0.18809772707736588,4.074698820712235,0.028434409114982656,121.43600977811207,0.6103191567774747,0.4242424242424241,2.532318139542967,1.309880818694523,0.054111694392173,0.10261531905827208,0.4321927374301676,-0.022965879265091863,1.205900323865696,0.36239695564977054,0.22532090398715512,Semiconductors,Technology,SLAB
2012Q1,2012,Q1,2012-04-26,2012-03-31,14320000.0,125702000.0,16764000.0,0.33,75096000.0,0.597412929,732810000.0,623411000.0,481525000.0,90346000.0,109399000.0,34295000.0,600973000.0,1825694000.0,1746709000.0,14.683004380799849,5.329787705045049,0.025999918123388054,0.03056250210535265,0.021829521802298517,14.683004380799849,0.02297039994481971,14.523985298563268,31.873149441340782,2.928555960674419,0.0,1.475608689313311,0.0,0.17153423124684433,4.3694463506962125,0.019541218051063715,79.83269928724474,0.5974129289907877,0.13793103448275876,25.77837173768444,1.198224383021091,0.10271423220526814,-0.02698920690861504,0.11831315892229598,0.10122840438809697,21.434533532884153,0.5787308191914158,0.29286701860396785,Semiconductors,Technology,SLAB
2011Q4,2011,Q4,2012-02-15,2011-12-31,12805000.0,126692000.0,15223000.0,0.29,77179000.0,0.6091860575,705991000.0,598939000.0,453049000.0,82838000.0,107052000.0,34778000.0,586653000.0,1822728180.0,1727764180.0,14.267586174039401,5.4690963084574715,0.0,0.0,0.02062613048518222,14.267586174039401,0.021379472700892747,14.387081899409592,35.58625888324873,3.0432618012852726,0.0,1.4236873885789867,0.0,0.17945271256999026,4.380127477727613,0.018137624983887896,83.02109678888635,0.609186057525337,0.11538461538461527,2.276350300091924,0.5251411448320843,0.40748535097578337,0.05874041455752637,0.13771657041314972,0.09297817346352671,1.1994823199979858,0.3852329623936891,0.2948332793380503,Semiconductors,Technology,SLAB
2011Q3,2011,Q3,2011-10-31,2011-10-01,11255000.0,119100000.0,13928000.0,0.26,72897000.0,0.6120654912,677345000.0,571322000.0,426768000.0,86743000.0,106023000.0,38403000.0,573848000.0,1436652360.0,1328469360.0,13.338049213241817,4.919912845993337,0.0,0.0,0.019280482184742997,13.338049213241817,0.01969992403583268,12.062572292191435,31.911425144380274,2.51461060487781,0.0,1.2031091320990548,0.0,0.1758335855435561,3.9365481940905895,0.016616347651492225,38.90730832769127,0.6120654911838791,-0.10344827586206887,2.0929912440001086,0.3410372551498044,0.3267835044473486,-0.043497087072901904,-0.1583158839365839,-0.12862862862862862,9.77697160105972,0.15967955653412108,0.20208389469385082,Semiconductors,Technology,SLAB
2011Q2,2011,Q2,2011-08-01,2011-07-02,13372000.0,126197000.0,15984000.0,0.29,76212000.0,0.6039129298,744257000.0,636592000.0,486808000.0,86144000.0,107665000.0,38097000.0,590539000.0,1854551160.0,1741248160.0,14.272723196269226,5.651095839524517,0.028916086781850894,0.033806582552089876,0.019545864582887502,14.272723196269226,0.021005604845803907,14.695683415612098,34.67228462458869,2.91324923970141,0.0,1.312045567892485,0.0,0.16956105216343278,4.689136794205052,0.017966911967237122,69.99626948480845,0.6039129297843847,7.5462753950338595,0.6515569441576723,0.27930659333358937,0.36928338174007913,0.05618226669253582,7.822448979591837,2.2362826483093743,-0.006785052704205523,0.3119317918857024,0.19514636564204832,Semiconductors,Technology,SLAB
2011Q1,2011,Q1,2011-04-28,2011-04-02,-1960000.0,119636000.0,4939000.0,-0.0443,72158000.0,0.6031462102,733510000.0,630289000.0,471214000.0,79681000.0,103221000.0,41057000.0,577167000.0,1883203260.0,1788247260.0,14.237705843818473,5.913756102458554,0.03209226868072691,0.037347946735545125,-0.0025911388269492545,14.237705843818473,-0.0031096846049986594,15.741108529205256,-240.2044974489796,2.987840911074126,0.0,1.1563923326107606,0.0,0.16310070755681585,4.778730186619144,-0.0026720835435099727,-353.78607176404284,0.6031462101708516,-1.1582142857142856,-1.2203574423485735,0.29923743069533376,0.42998746957810274,0.015008932213641671,-1.152138477062796,-0.5515707281641548,-1.2092509209139513,0.40682783221559693,0.2355503507469561,Semiconductors,Technology,SLAB
2010Q4,2010,Q4,2011-02-10,2011-01-01,12883000.0,111891000.0,11014000.0,0.28,71091000.0,0.6353594123,727658000.0,625430000.0,493929000.0,79856000.0,102228000.0,39450000.0,579127000.0,2103114000.0000002,1964547000.0000002,13.685557986870897,6.185245942696854,0.0,0.0,0.019717824645943086,13.685557986870897,0.02059862814383704,18.79609620076682,40.81180625630677,3.3626688838079404,0.0,1.0342205323193916,0.0,0.15376866604916045,5.145411741134041,0.017704745910853727,76.76999452454828,0.6353594122851703,-0.3,-0.00639281110514744,0.19905042989238828,0.47833746886576045,-0.09633913817211136,-0.2934240114078868,-0.43065391574050144,-0.009963061939610473,0.36711366857740774,0.08738274234922162,Semiconductors,Technology,SLAB
2010Q3,2010,Q3,2010-10-28,2010-10-02,18233000.0,120154000.0,19345000.0,0.4,78670000.0,0.6547430797,710140000.0,600400000.0,488211000.0,88079000.0,109740000.0,38140000.0,566244000.0,1612682170.0,1505031170.0,13.54051554994249,5.542876281519999,0.0,0.0,0.030173120761471467,13.54051554994249,0.03036808794137242,13.421793448407877,22.112134179783904,2.686012941372418,0.0,1.08767697954903,0.0,0.16919762300391472,4.652561904653776,0.025675218970907146,58.71130661132955,0.6547430797143665,-0.09090909090909087,30.678121768012367,0.40217720722539874,0.5588503379032319,-0.13447680239402374,-0.13370076495462535,-0.36877997846445004,0.111108157554708,0.7014266945598102,-0.02715447843083657,Semiconductors,Technology,SLAB
2010Q2,2010,Q2,2010-07-29,2010-07-03,21047000.0,134577000.0,30647000.0,0.44,90893000.0,0.6753977277,720498000.0,613477000.0,488311000.0,83189000.0,107021000.0,29100000.0,548011000.0,1849066380.0,1768097380.0,13.516579637341088,5.869898664486891,0.0,0.0,0.03427976126737524,13.516579637341088,0.03430772465797414,13.739839497090884,21.963538509051173,3.014076126733358,0.0,1.501168384879725,0.0,0.18678330821182015,5.165286275829737,0.029211739657847766,93.13319129646419,0.6753977276949256,0.0,0.5784820445821147,0.47067926459940873,0.5542829566835312,0.08736690991745424,-0.0015180985815266379,0.19411650107149814,2.406779272339389,1.1533521531357438,-0.015306692635487283,Semiconductors,Technology,SLAB
2010Q1,2010,Q1,2010-04-29,2010-04-03,21079000.0,126719000.0,25665000.0,0.44,83590000.0,0.6596485136,752373000.0,645636000.0,534185000.0,82410000.0,106737000.0,27652000.0,526964000.0,2191837440.0,2039637440.0,14.091932949188056,6.482041014439996,0.0,0.0,0.032214135801239524,14.091932949188056,0.032648427287202075,17.296833466173187,25.995510223445137,3.394850101295467,0.0,1.5597063503544046,0.0,0.16842576753817587,5.7937628928528095,0.02801668853082181,74.63352764914193,0.659648513640417,-0.47619047619047616,0.3894807166068392,0.38518252790808744,0.7556776179980694,0.003975546187198981,-0.4763241578058233,-0.01587484182675716,34.80042123266349,1.0535909076111436,0.05832393829916761,Semiconductors,Technology,SLAB
2009Q4,2009,Q4,2010-02-10,2010-01-02,40252000.0,127190000.0,26079000.0,0.84,83259000.0,0.6546033493,742838000.0,629796000.0,523998000.0,88639000.0,113042000.0,31512000.0,505885000.0,2312564000.0,2116827000.0,13.175648535564854,5.911596475592008,0.0,0.0,0.06335883389670788,13.175648535564854,0.06391275905213752,18.181963990879787,14.363037861472723,3.6719255123881385,0.0,1.3941038334602691,0.0,0.17122171994432164,5.261239409289365,0.054186780967047994,56.63329578292599,0.654603349319915,0.7872340425531915,2.556208983016675,0.5219037407072707,0.8007990558866964,0.027444931202566792,0.7938410802620438,-0.017332981649647687,8.044871532976526,0.3446770879457112,0.29976662325374864,Semiconductors,Technology,SLAB
2009Q3,2009,Q3,2009-10-28,2009-10-03,22439000.0,125913000.0,26539000.0,0.47,81035000.0,0.6435792968,718159000.0,578664000.0,498310000.0,88982000.0,139495000.0,33510000.0,465633000.0,1948182100.0,1799110100.0,12.81080363072836,5.600121372861927,0.0,0.0,0.03805596857601987,12.81080363072836,0.0387772524297347,15.472446054021427,21.7053132938188,3.3666896506435515,0.0,1.3392420173082662,0.0,0.17532746926516274,4.9391337573891345,0.031245169941475356,40.08027856070113,0.6435792968160555,1.2380952380952381,0.21315395799555711,0.18377560722087882,0.7769241028243592,0.250906901715009,1.3061664953751284,1.0854156844255853,4.84756733680087,0.34443000015826947,0.27433649885547434,Semiconductors,Technology,SLAB
2009Q2,2009,Q2,2009-07-29,2009-07-04,9730000.0,104216000.0,12726000.0,0.21,64781000.0,0.6216032087,651062000.0,527141000.0,428964000.0,74313000.0,123921000.0,26672000.0,443194000.0,1695873600.0,1496354600.0,11.808714157706094,5.772395139477615,0.0,0.0,0.017180900129881212,11.808714157706094,0.018458059608340082,16.272679818837798,43.573319630010275,3.217115724255939,0.0,1.4785167966406718,0.0,0.16007077666950306,5.054485756193398,0.014944813243592776,137.52928391857918,0.62160320872035,19.999999999999996,-0.509438030676075,-0.04995065965677448,0.7499391690463482,0.2782864359288054,13.50074515648286,5.210834553440702,0.2007156525493216,0.05557757390993051,0.13289355041176165,Semiconductors,Technology,SLAB
2009Q1,2009,Q1,2009-04-30,2009-04-04,671000.0,83701000.0,2049000.0,0.01,50678000.0,0.6054646898,622777000.0,506894000.0,370998000.0,66815000.0,115883000.0,23525000.0,433464000.0,1242582720.0,1060754720.0,11.356933210852956,5.5526154306667665,0.0,0.0,0.0013945295530013663,11.356933210852956,0.001323748160364889,14.845494319064288,462.95928464977646,2.451366005515946,0.0,1.403740701381509,0.0,0.13439963261327892,4.793908553468532,0.0010774322108876853,121.51209857226677,0.6054646897886524,-0.9285714285714285,-0.961506431235131,-0.15839101738252834,0.8279035228043038,-0.15671592119275826,-0.8938962681846933,-0.9257716273003912,-0.92517653696924,-0.09842695363871097,0.14065231874460374,Semiconductors,Technology,SLAB
2008Q4,2008,Q4,2009-02-11,2009-01-03,6324000.0,99348000.0,27604000.0,0.14,60096000.0,0.6049039739,624245000.0,502460000.0,362712000.0,72996000.0,121785000.0,28293000.0,432793000.0,1165536000.0,993264000.0,11.018859649122806,4.968929804372842,0.0,0.0,0.042702317576872824,11.018859649122806,0.012586076503602276,11.731851672907355,46.07590132827324,2.319659276360307,0.0,1.3873396246421377,0.0,0.1591490520548823,4.242465340566606,0.010130637810475053,30.069812440339515,0.6049039739098925,6.0,-0.6420710525058044,0.07384101140409338,1.0717550914943386,-0.1329264597671298,4.480069324090121,2.7638396509408234,-0.5111890378461877,0.06697140371318638,0.19027613628165752,Semiconductors,Technology,SLAB
2008Q3,2008,Q3,2008-10-29,2008-10-04,1154000.0,113483000.0,7334000.0,0.02,69309000.0,0.6107434594,660356000.0,525174000.0,396222000.0,89645000.0,135182000.0,34360000.0,426469000.0,1380171960.0,1228860960.0,11.095772326804843,4.419900719504713,0.0,0.0,0.0017341535933046149,11.095772326804843,0.0021973669679001624,12.161926984658495,298.9973916811092,2.628027967873505,0.0,1.2856228172293365,0.0,0.17185124387451617,3.8419097551452954,0.0017475422347945654,48.964840529322025,0.6107434593727695,-0.9310344827586207,-0.9143550512762294,0.415301667548711,1.723468291846398,0.04961155785743492,-0.9211910127706071,-0.5963454235235841,2.759721305856981,0.24066714396065833,0.2773995478340942,Semiconductors,Technology,SLAB
2008Q2,2008,Q2,2008-07-30,2008-07-05,14643000.0,104620000.0,18169000.0,0.29,66033000.0,0.6311699484,703148000.0,579318000.0,496955000.0,76029000.0,123830000.0,29608000.0,425315000.0,1659042000.0000002,1384988000.0000002,11.942238713667285,6.536387431111812,0.0,0.0,0.022835493341411526,11.942238713667285,0.025276273134962144,15.857790097495702,28.32483097725876,2.863784657131317,0.0,1.3032626317211564,0.0,0.14878802186737358,5.842073419353142,0.020824918793767456,93.00605449041373,0.6311699483846301,0.38095238095238093,0.3420711978515145,0.5134079254575035,2.3363091333555577,0.09422175087411139,0.35407804697614204,0.6420244012652508,0.027494983926940608,0.06970012159508919,0.37324815858153476,Semiconductors,Technology,SLAB
2008Q1,2008,Q1,2008-04-30,2008-04-05,10814000.0,98179000.0,11065000.0,0.21,60347000.0,0.6146630135,713549000.0,588948000.0,500616000.0,78337000.0,124601000.0,26918000.0,410672000.0,1701929699.9999998,1371058699.9999998,11.523371617523333,6.390543421371766,0.0,0.0,0.013043822901809558,11.523371617523333,0.018361553142212893,17.33496674441581,39.345517384871464,2.889779233480714,0.0,1.4054535998216806,0.0,0.13759251291782346,5.7113624468641895,0.01515523110536207,76.07749765321174,0.6146630134753868,-0.2500000000000001,10.781080748837383,0.45278974559384294,2.5443804825293452,-0.05032654024706901,-0.3206006156939122,-0.2352615937521598,-0.36098850322615356,-0.03793667608937904,0.43566717963454454,Semiconductors,Technology,SLAB
2007Q4,2007,Q4,2008-02-07,2007-12-29,15917000.0,100112000.0,14469000.0,0.28,63545000.0,0.6347390922,840246000.0,703545000.0,692692000.0,93392000.0,136701000.0,28587000.0,399858000.0,2105753000.0,1841345000.0,12.58577817531306,7.417037861915367,0.0,0.0,0.015734035723289342,12.58577817531306,0.02262399704354377,21.033971951414415,33.073961801847084,2.9930608560930714,0.0,1.2791478644138945,0.0,0.11914605960635338,6.683495374336132,0.01894326185426649,43.37912778361453,0.6347390922167173,-0.22222222222222213,0.46355223568076404,0.5024182823937969,3.0815157643320115,0.2000491010726696,-0.22105314671625723,0.38924627940470474,0.2024779340476701,0.024321865805120014,0.7201777502280268,Semiconductors,Technology,SLAB
2007Q3,2007,Q3,2007-10-24,2007-09-29,20434000.0,87938000.0,10415000.0,0.36,52952000.0,0.6021515158,891971000.0,768508000.0,752243000.0,78787000.0,123463000.0,24182000.0,378542000.0,2305778400.0,2154224400.0,13.91846418545685,9.547806110145075,0.0,0.0,0.01387985625026422,13.91846418545685,0.02658918319653146,26.220500807387022,28.210071449544873,3.000331031036762,0.0,1.4467785956496568,0.0,0.0985884070222014,8.81198674908297,0.022908816542241844,281.36405125076266,0.6021515158407059,1.769230769230769,1.2397810933215485,0.467076744573537,3.6548405886189985,0.16726920024689182,1.7343770908604308,4.376871450696954,-0.09622812112354129,-0.323654798260914,0.9305622971312179,Semiconductors,Technology,SLAB
2007Q2,2007,Q2,2007-07-25,2007-06-30,7473000.0,75597000.0,1937000.0,0.13,45364000.0,0.6000767226,879889000.0,753609000.0,742367000.0,76639000.0,126280000.0,18982000.0,358108000.0,1900123610.0,1738057610.0,13.726689859929692,9.686543404793904,0.0,0.0,0.0020242825402197614,13.726689859929692,0.009916282846940521,25.134907602153525,63.56629231901512,2.521365336666627,0.0,1.5927194183963755,0.0,0.08591651901546672,8.953235297955349,0.00849311674540766,-69.49976627651792,0.600076722621268,10.558823529411766,1.4343286225426621,0.5875018482450041,3.896518551932489,-0.00024242424242424242,11.017426273458446,1.5373092926490985,-0.6936485434610788,-0.4396488690995717,1.0341649333231453,Semiconductors,Technology,SLAB
2007Q1,2007,Q1,2007-05-03,2007-03-31,-746000.0,73814000.0,-3605000.0,-0.0136,45375000.0,0.6147207847,921861000.0,729760000.0,778217000.0,139056000.0,192101000.0,21465000.0,350635000.0,1639795520.0,1426201520.0,13.315330438273183,5.596428776895639,0.0,0.0,-0.015419352634075144,13.315330438273183,-0.0010222538916904189,22.215237217871948,-549.5293297587132,2.247033983775488,0.0,1.3249010016305613,0.0,0.08007063971683366,5.031001898515706,-0.0008092326283463559,82.00617723544708,0.6147207846749939,-1.1467098166127292,-2.801975773996696,1.2002300674166686,3.9004982837616105,-0.23397035486376067,-1.1428297913076775,-2.370722433460076,-1.0348523812782437,-0.39556942010601515,1.1431084398879676,Semiconductors,Technology,SLAB
