Quarters,Year,Quarter,FillingDate,Date,NetIncome,Revenue,OperatingIncome,EPSDiluted,GrossProfit,GrossProfitRatio,TotalAssets,CommonStockEquity,CurrentAssets,CurrentLiability,TotalLiability,Inventory,RetainedEarnings,MarketCap,EnterpriseValue,bookValuePerShare,currentRatio,debtToAssets,debtToEquity,roic,shareholdersEquityPerShare,roe,priceToSalesRatio,peRatio,pbRatio,payoutRatio,inventoryTurnover,dividendYield,assetTurnover,quickRatio,returnOnAssets,priceToFreeCashFlowsRatio,grossProfitMargin,epsdilutedGrowth,fiveYNetIncomeGrowthPerShare,fiveYRevenueGrowthPerShare,fiveYShareholdersEquityGrowthPerShare,grossProfitGrowth,netIncomeGrowth,operatingIncomeGrowth,threeYNetIncomeGrowthPerShare,threeYRevenueGrowthPerShare,threeYShareholdersEquityGrowthPerShare,Industry,Sector,Symbol
2023Q1,2023,Q1,2023-05-05,2023-03-31,18917000.0,52024000.0,32733000.0,0.31,52024000.0,1.0,5536540000.0,647208000.0,1354233000.0,405407000.0,4889332000.0,0.0,157390000.0,507365480.93,106744480.93,10.625954745911885,3.3404282609821734,0.06129947584592543,0.524386286943301,0.023602852596469843,10.625954745911885,0.02922862510970198,9.752527312970937,6.705152520616378,0.7839295573138775,0.4184595866152138,0.0,0.015602165100964273,0.009396482279546432,3.3404282609821734,0.0034167548685641214,17.000016114256994,1.0,-0.08823529411764713,0.34825874017444447,0.14433113378119433,0.4994659207548211,-0.0456238190456972,-0.09048511947689793,-0.006223814439249499,8.894387527971409,0.2122469508854034,0.10244137772085224,Banks—Regional,Financial Services,HTBK
2022Q4,2022,Q4,2023-03-09,2022-12-31,20799000.0,54511000.0,32938000.0,0.34,54511000.0,1.0,5154224000.0,632456000.0,889664000.0,96170000.0,4521768000.0,0.0,146389000.0,790254439.0,523001439.0,10.404152883220945,9.250951440158053,0.007634514914369263,0.06221776692765979,0.0345855486673549,10.404152883220945,0.032886082193860126,14.497155418172479,9.498707137362373,1.2495010546188192,0.37977787393624696,0.0,0.009995514874924985,0.010575985832202869,9.5542268898825,0.004035331021701812,29.271935363188504,1.0,0.13333333333333347,9.389754360868205,0.18089104306058112,0.46528346398831716,0.07258667506198103,0.15108749792462228,0.1742602495543672,2.4406935163853034,0.23167239398274825,0.031355393961015596,Banks—Regional,Financial Services,HTBK
2022Q3,2022,Q3,2022-11-04,2022-09-30,18069000.0,50822000.0,28050000.0,0.3,50822000.0,1.0,5431262000.0,609517000.0,1256111000.0,99168000.0,4821745000.0,0.0,133489000.0,688190489.28,45751489.27999997,10.043618573153205,12.66649524040013,0.007243068001506832,0.06454126792197756,0.030139353328140127,10.043618573153205,0.029644784312824746,13.541192579591515,9.521701384692015,1.1290751353612778,0.43665947202390837,0.0,0.011464848937762407,0.009357309590294115,12.994393352694418,0.0033268511075326508,42.84321043889684,1.0,0.25,0.3234998867491594,0.11013239348033474,0.39116881197152936,94.89056603773585,0.21914850549895418,0.2386840362110841,0.14214496807327787,0.08976344423321919,0.09897842678190427,Banks—Regional,Financial Services,HTBK
2022Q2,2022,Q2,2022-08-05,2022-06-30,14821000.0,530000.0,22645000.0,0.24,530000.0,1.0,5356841000.0,607224000.0,961693000.0,16000.0,4749617000.0,-32513000.0,123310000.0,647195797.3,-190115202.70000005,10.029769332681667,60105.8125,0.007334546610586351,0.06470429363793262,0.024757961917055454,10.029769332681667,0.024407796793275628,1221.1241458490565,10.91687128567573,1.0658271038364753,0.5301936441535658,0.0,0.01214161160004801,9.893890821101466e-05,82895.9375,0.002766742563387638,68.47908129298486,1.0,0.14285714285714285,0.25113710948110196,-0.9877589857886073,0.4182383891361063,-0.9869718050195423,0.1519508782838489,0.1506021035516488,-0.068423792024013,-0.9887709656298099,0.11647204242344494,Banks—Regional,Financial Services,HTBK
2022Q1,2022,Q1,2022-05-05,2022-03-31,12866000.0,40681000.0,19681000.0,0.21,40681000.0,1.0,5427398000.0,601056000.0,1407670000.0,96450000.0,4826342000.0,0.0,116347000.0,679431183.75,-497746816.25,9.95226619225659,14.594815966822187,0.00736761888477683,0.06652791087685674,0.021949648088526424,9.95226619225659,0.02140565937283714,16.701437618298467,13.202067148880772,1.13039580962506,0.6099797916990518,0.0,0.011550838683447463,0.007495488630094937,14.93187143597719,0.0023705650479290442,41.03093083821487,1.0,-0.0869565217391305,0.2368270860037343,-0.02115894251781593,0.4314603422964769,-0.005816368923971749,-0.0786967418546366,-0.06963222085657558,-0.24390339732579128,-0.13346879166461112,0.13343784962105962,Banks—Regional,Financial Services,HTBK
2021Q4,2021,Q4,2022-03-04,2021-12-31,13965000.0,40919000.0,21154000.0,0.23,40919000.0,1.0,5499409000.0,598028000.0,1493578000.0,102044000.0,4901381000.0,0.0,111329000.0,719963182.56,-546327817.44,9.917804816921915,14.63660773783858,0.00725987101523091,0.06676108810958684,0.02398446079826471,9.917804816921915,0.023351749416415286,17.59483815733522,12.888707170784102,1.2038954406148206,0.5612602935911206,0.0,0.010886667804498184,0.0074406177100121125,14.63660773783858,0.0025393637752711244,41.50361345247016,1.0,0.0,0.21757736331598163,-0.016148774055541278,0.44774061364168616,0.008105444690810544,0.018005540166204988,0.0,-0.2459852559852963,-0.17541313738147815,0.1627028761203572,Banks—Regional,Financial Services,HTBK
2021Q3,2021,Q3,2021-11-08,2021-09-30,13718000.0,40590000.0,0.0,0.23,40590000.0,1.0,5463002000.0,590118000.0,0.0,0.0,4872884000.0,0.0,105202000.0,700366938.71,-881102061.29,9.799252307142075,0.0,0.007299649533351809,0.0675763152454255,0.0,9.799252307142075,0.023246198217983523,17.25466712761764,12.763648832009041,1.1868252429344641,0.5705642221898236,0.0,0.011175570358041865,0.007429980805425295,0.0,0.0025110735818877606,38.43945876564215,1.0,0.5333333333333334,0.12458862625471913,-0.1123525875937922,0.25238703643917243,0.09569442569847483,0.5565641665721094,0.0,-0.20423457590067043,-0.15924867729350417,0.19814075455725041,Banks—Regional,Financial Services,HTBK
2021Q2,2021,Q2,2021-08-09,2021-06-30,8813000.0,37045000.0,0.0,0.15,37045000.0,1.0,5072875000.0,583444000.0,0.0,0.0,4489431000.0,0.0,99311000.0,668794209.51,-619695790.49,9.709611159399406,0.0,0.007851957716285144,0.06827047668670858,0.0,9.709611159399406,0.015105134340228026,18.053562140909705,18.971808961477365,1.14628689216103,0.8868716668557812,0.0,0.011686704054639596,0.007302565113471158,0.0,0.0017372791562969717,62.05179156708109,1.0,-0.21052631578947373,-0.3517400805126242,-0.247146329561725,0.2157680237461763,-0.005743578732655197,-0.21340592645483755,0.0,5.720240078829648,-0.21542334395149773,0.17562192682074992,Banks—Regional,Financial Services,HTBK
2021Q1,2021,Q1,2021-05-07,2021-03-31,11204000.0,37259000.0,0.0,0.19,37259000.0,1.0,5001390000.0,581663000.0,0.0,0.0,4419727000.0,0.0,98314000.0,728816795.98,-674451204.02,9.752686682312758,0.0,0.007954988513193333,0.06840043117750312,0.0,9.752686682312758,0.019262012539907128,19.560825464451543,16.262424044537667,1.2529880635006867,0.6951981435201714,0.0,0.01068718509639526,0.0074497289753448544,0.0,0.002240177230729857,71.09020639680062,1.0,0.0,-0.011624550715763576,-0.19457767725563757,0.24498644035366074,0.027522682772124323,-0.036049212767788004,0.0,-0.18450213429210188,-0.16303380794909708,0.37623598684660237,Banks—Regional,Financial Services,HTBK
2020Q4,2020,Q4,2021-03-05,2020-12-31,11623000.0,36261000.0,0.0,0.19,36261000.0,1.0,4634114000.0,577889000.0,0.0,0.0,4056225000.0,0.0,94899000.0,528802355.36999995,-562530644.6300001,9.693367243822985,0.0,0.008575533532407704,0.06876753148095914,0.0,9.693367243822985,0.020112859043864825,14.583225927856374,11.374050489761679,0.9150586970335134,0.6701367977286414,0.0,0.014729510791513177,0.007824796714107594,0.0,0.0025081385567985595,23.428397296087898,1.0,0.0,0.4153513671678364,-0.20950284715643783,0.2681456425035427,-0.013574537540805223,0.038045905153166026,0.0,4.920179754837276,-0.19902439929699867,0.3651789715284022,Banks—Regional,Financial Services,HTBK
2020Q3,2020,Q3,2020-11-06,2020-09-30,11197000.0,36760000.0,0.0,0.19,36760000.0,1.0,4606785000.0,577807000.0,0.0,0.0,4028978000.0,0.0,91065000.0,396566412.165,-524008587.83500004,9.696498409956307,0.0,0.008616204142368267,0.06869594864721265,0.0,9.696498409956307,0.019378442974903386,10.787987273258977,8.854300530610878,0.6863302316603987,0.6953648298651425,0.0,0.019633533655796512,0.007979534534387865,0.0,0.0024305453803465976,48.30873579790474,1.0,0.05555555555555561,0.5794818940746678,-0.1649648417723738,0.13693774369792325,-0.006969582365335783,0.054530043322659635,0.0,-0.16474475338595876,-0.1822392350465868,0.3430882579830694,Banks—Regional,Financial Services,HTBK
2020Q2,2020,Q2,2020-08-07,2020-06-30,10618000.0,37018000.0,0.0,0.18,37018000.0,1.0,4614401000.0,574807000.0,0.0,0.0,4039594000.0,0.0,87654000.0,445951542.96,-440302457.04,9.673532030781518,0.0,0.008591797721957844,0.06897271605947736,0.0,9.673532030781518,0.01847228721988424,12.046883758171699,10.499895059333207,0.7758283092585859,0.7314936899604445,0.0,0.017416690496116678,0.008022276347460916,0.0,0.0023010570602771626,28.90533724137931,1.0,5.0,0.06065488321163104,-0.15306260792858623,0.37438480688291337,-0.1138295070978862,4.7055346587855995,0.0,-0.08674695618883066,-0.12888499903582867,0.3678654044303875,Banks—Regional,Financial Services,HTBK
2020Q1,2020,Q1,2020-05-08,2020-03-31,1861000.0,41773000.0,0.0,0.03,41773000.0,1.0,4078162000.0,571441000.0,0.0,0.0,3506721000.0,0.0,84803000.0,454730730.09,50933730.089999974,9.638566694475495,0.0,0.009710256728398725,0.06929849275778252,0.0,9.638566694475495,0.0032566791672281126,10.88575707011706,61.08687937802257,0.7957614698455309,4.157442235357335,0.0,0.0170144647986924,0.010243094805944443,0.0,0.00045633302453409157,52.159982804542324,1.0,-0.7000000000000001,-0.7989046000070132,0.007035610684638749,0.3680256840380293,0.003627889097112104,-0.6726473175021987,0.0,-0.8177591104436915,0.023882774338488646,0.38634012728239875,Banks—Regional,Financial Services,HTBK
2019Q4,2019,Q4,2020-03-11,2019-12-31,5685000.0,41622000.0,0.0,0.1,41622000.0,1.0,4109463000.0,576708000.0,0.0,78433000.0,3532755000.0,0.0,96741000.0,733473202.15,315985202.15,10.087844543346824,0.0,0.00970491764982432,0.06915458082773258,0.0,10.087844543346824,0.009857674941218086,17.622247901350246,32.254758229991204,1.2718276877553285,1.2497801231310466,0.0,0.00968678880042707,0.010128330635900603,11.84881363711703,0.0013833924286457866,42.72576467350149,1.0,-0.6153846153846154,-0.2694877149478556,0.08945114910730122,0.44788727480377827,0.2520530638029059,-0.49587656291566906,0.0,-0.4772013461590197,0.055542515654741435,0.4725619750641087,Banks—Regional,Financial Services,HTBK
2019Q3,2019,Q3,2019-11-07,2019-09-30,11277000.0,33243000.0,0.0,0.26,33243000.0,1.0,3182471000.0,395346000.0,2406389000.0,0.0,2787125000.0,0.0,98161000.0,508509345.165,132233345.16500002,9.139049801517526,0.0,0.01241393872874254,0.09993018773428844,0.0,9.139049801517526,0.028524381174970786,15.296734505459797,11.27315210528066,1.2862387507777997,0.4629777423073512,0.0,0.01026726460318227,0.010445656849661788,0.0,0.003543472980586469,32.58839689598821,1.0,0.0,1.0071974644663442,0.2917834733669467,0.31759745863339833,-0.013004364478489357,-0.006694265832819519,0.0,0.28696307249065717,0.012025059514469147,0.16801028670835683,Banks—Regional,Financial Services,HTBK
2019Q2,2019,Q2,2019-08-06,2019-06-30,11353000.0,33681000.0,0.0,0.26,33681000.0,1.0,3108031000.0,388108000.0,2271848000.0,0.0,2719923000.0,0.0,92105000.0,530959486.97999996,294408486.97999996,8.983448713064748,0.0,0.01269646280876864,0.10167530687334453,0.0,8.983448713064748,0.02925216692260917,15.764362310501468,11.692052474676297,1.3680714826285467,0.45811679732229366,0.0,0.009795474282948276,0.010836764498166201,0.0,0.0036527949689047503,120.45360412431941,1.0,-0.07142857142857148,1.0847724038749376,0.32218291416873407,0.30504406622978136,0.005102954341987467,-0.06528898402766342,0.0,0.16151246931836252,-0.04796308548215046,0.12484315890806826,Banks—Regional,Financial Services,HTBK
2019Q1,2019,Q1,2019-05-09,2019-03-31,12146000.0,33510000.0,0.0,0.28,33510000.0,1.0,3115877000.0,378516000.0,2194128000.0,0.0,2737361000.0,0.0,85953000.0,529368794.23999995,333805794.23999995,8.780601596800313,0.0,0.012649408176253428,0.10412769869701677,0.0,8.780601596800313,0.032088471821534625,15.797337936138465,10.895949165157251,1.3985374310200889,0.4277951589000494,0.0,0.009815463352840344,0.010754596538951954,0.0,0.0038980999570907325,40.84320609829488,1.0,-0.06666666666666654,1.414512725541442,0.3508279234352681,0.3090094362328103,-0.05480495303641441,-0.08207376058041113,0.0,0.4824133687363533,0.0021992938705736906,0.12089419892772911,Banks—Regional,Financial Services,HTBK
2018Q4,2018,Q4,2019-03-14,2018-12-31,13232000.0,35453000.0,0.0,0.3,35453000.0,1.0,3096562000.0,367466000.0,2157424000.0,0.0,2729096000.0,0.0,79003000.0,488521189.8,363322189.8,8.52995638061471,0.0,0.012713777408622853,0.1071364425552296,0.0,8.52995638061471,0.036008773600822934,13.779403429893097,9.229919698458284,1.329432355102241,0.3597339782345828,0.0,0.009743691981812986,0.01144914908856984,0.0,0.004273126131496802,32.70982188148644,1.0,0.07142857142857129,2.0715326813445007,0.8680513703388986,0.6499500392501406,0.022967942984101337,0.06925252525252525,0.0,1.229825782040931,0.0695791623532445,0.11594111135271593,Banks—Regional,Financial Services,HTBK
2018Q3,2018,Q3,2018-11-06,2018-09-30,12375000.0,34657000.0,0.0,0.28,34657000.0,1.0,3192910000.0,353566000.0,2394494000.0,0.0,2839344000.0,0.0,70531000.0,641965737.6,300258737.6,8.178715455483523,0.0,0.0123154113332352,0.11121544492400287,0.0,8.178715455483523,0.035000537381988085,18.523407611737888,12.9690048,1.8156885492383317,0.3842424242424242,0.0,0.007406937351168693,0.010854361695130774,0.0,0.0038757747634602917,38.19633114773606,1.0,13.0,1.8625943603629476,0.7888913493090672,0.5413797553138727,0.051997328800388536,12.524590163934427,0.0,1.4062494818254556,0.08518228881263383,-0.04102595564220076,Banks—Regional,Financial Services,HTBK
2018Q2,2018,Q2,2018-08-07,2018-06-30,915000.0,32944000.0,0.0,0.02,32944000.0,1.0,3123207000.0,346269000.0,2294616000.0,0.0,2776938000.0,0.0,62911000.0,712316215.8399999,527803215.8399999,8.25912730775381,0.0,0.01257521515544759,0.11342337893371916,0.0,8.25912730775381,0.0026424542768772254,21.62203180670228,194.62191689617484,2.0571180667053643,5.18360655737705,0.0,0.006658559631984245,0.010548132096271557,0.0,0.00029296809337325385,167.40686623736778,1.0,-0.9130434782608696,-0.7575070439641223,0.7557162173472308,0.5291030189172977,0.154188417475388,-0.8961289590191849,0.0,-0.8704581810487214,0.06824829297064539,0.1734306614966115,Banks—Regional,Financial Services,HTBK
2018Q1,2018,Q1,2018-05-08,2018-03-31,8809000.0,28543000.0,0.0,0.23,28543000.0,1.0,2785548000.0,270991000.0,1987293000.0,0.0,2514557000.0,0.0,66739000.0,630203357.6,367443357.6,7.086492996494946,0.0,0.014083045777706936,0.14476126513426646,0.0,7.086492996494946,0.03250661461081733,22.07908620677574,17.885212782381657,2.325550876597378,0.4774662277216483,0.0,0.0066740361651161095,0.010246816784345487,0.0,0.0031623938987947794,50.87208246690346,1.0,4.75,2.2908270817518535,0.7027005808748896,0.2918525947337699,-0.016030060672917817,6.002384737678855,0.0,0.4757670455491285,0.06680296677036493,0.005803532439866721,Banks—Regional,Financial Services,HTBK
2017Q4,2017,Q4,2018-03-16,2017-12-31,1258000.0,29008000.0,0.0,0.04,29008000.0,1.0,2843452000.0,271239000.0,1994653000.0,0.0,2572213000.0,0.0,62136000.0,585228979.0,308189979.0,7.100436972722091,0.0,0.013780081394023884,0.1444593144791125,0.0,7.100436972722091,0.004637976102256682,20.174744174020958,116.30146641494436,2.15761368755968,3.0365659777424483,0.0,0.006527359609784463,0.010201684431458663,0.0,0.00044241998809897265,47.80891912425455,1.0,-0.8181818181818181,-0.5883542875616896,0.7697746228643644,0.39558697369781465,0.007887147771098989,-0.8534312012116976,0.0,-0.7580819723433103,0.13630034949753392,0.019110900666178616,Banks—Regional,Financial Services,HTBK
2017Q3,2017,Q3,2017-11-03,2017-09-30,8583000.0,28781000.0,0.0,0.22,28781000.0,1.0,2843948000.0,275445000.0,2015221000.0,0.0,2568503000.0,0.0,63679000.0,542911967.59,235928967.59000003,7.2195541523962445,0.0,0.013761503374885898,0.14208644193940714,0.0,7.2195541523962445,0.031160485759407504,18.863554691984298,15.813584049574741,1.9710358423278695,0.4443667715251078,0.0,0.007025079990279902,0.01012008658386159,0.0,0.003017987670660645,45.85017883540242,1.0,0.15789473684210525,1.3817841139782074,0.3440981599944404,0.12437200779304974,0.05711452288253875,0.15223519935561822,0.0,0.7321576729414352,0.268081550819868,0.04085943399542027,Banks—Regional,Financial Services,HTBK
2017Q2,2017,Q2,2017-08-04,2017-06-30,7449000.0,27226000.0,0.0,0.19,27226000.0,1.0,2732900000.0,269231000.0,1935311000.0,0.0,2463669000.0,0.0,58910000.0,524605178.76,297711178.76,7.071991147264823,0.0,0.014314098576603608,0.14529901831512715,0.0,7.071991147264823,0.027667690570550938,19.268536647322414,17.60656392670157,1.9485318509384133,0.5113438045375218,0.0,0.0072606984342077335,0.009962311098100918,0.0,0.0027256760218083353,118.28752621420519,1.0,0.11764705882352934,1.329456830197927,0.6092399944132335,0.3695711641341183,0.04230312775161747,0.13933924747629245,0.0,0.5522873998200533,0.2128764112585519,0.02736269532493317,Banks—Regional,Financial Services,HTBK
2017Q1,2017,Q1,2017-05-05,2017-03-31,6538000.0,26121000.0,0.0,0.17,26121000.0,1.0,2641791000.0,263904000.0,1899036000.0,0.0,2377887000.0,0.0,55270000.0,535207785.9,247437785.89999998,6.952526659795739,0.0,0.0,0.0,0.0,6.952526659795739,0.02477416030071541,20.489559584242564,20.465271715356376,2.028039688295744,0.5804527378403181,0.0,0.007090704021837737,0.009887610337078141,0.0,0.002474836200138467,43.898276402559055,1.0,-0.1052631578947368,1.404484777218015,0.42565919047462875,0.25951571373221005,-0.0016053204907694072,-0.09383229383229383,0.0,0.47603888171156733,0.19583720339484428,0.03648057630233639,Banks—Regional,Financial Services,HTBK
2016Q4,2016,Q4,2017-03-03,2016-12-31,7215000.0,26163000.0,0.0,0.19,26163000.0,1.0,2570880000.0,259850000.0,1880177000.0,0.0,2311030000.0,0.0,52527000.0,547348904.31,281245904.30999994,6.8505398850242925,0.0,0.0,0.0,0.0,6.8505398850242925,0.027766018857032903,20.92072408783396,18.9656585,2.1064033261881856,0.4731808731808732,0.0,0.006237337780558387,0.010176671023151606,0.0,0.0028064320388349515,72.09548265410959,1.0,0.05555555555555561,0.9084911760678562,0.4059293799000015,0.0030647755898568258,0.03166403785488959,0.06651884700665188,0.0,0.9021221962844053,0.5656540115598141,0.3251003929947333,Banks—Regional,Financial Services,HTBK
2016Q3,2016,Q3,2016-11-04,2016-09-30,6765000.0,25360000.0,0.0,0.18,25360000.0,1.0,2527962000.0,261319000.0,1895002000.0,0.0,2266643000.0,0.0,48726000.0,365370881.76,20978881.75999999,7.824460028749281,0.0,0.0,0.0,0.0,7.824460028749281,0.025887899463873657,14.407369154574132,13.502249880266074,1.398179549745713,0.5040650406504065,0.0,0.009332982375535651,0.010031796364027623,0.0,0.0026760687067289776,120.90366702845797,1.0,-0.05263157894736847,0.10572654306171257,0.46684386631009356,0.044052837318128604,-0.039539463717618545,-0.0726525017135024,0.0,1.0255883458335937,0.6943808398345622,0.47461595286221303,Banks—Regional,Financial Services,HTBK
2016Q2,2016,Q2,2016-08-05,2016-06-30,7295000.0,26404000.0,0.0,0.19,26404000.0,1.0,2378292000.0,257513000.0,1716748000.0,0.0,2120779000.0,0.0,45371000.0,339528635.54999995,180684635.54999995,7.986401163505633,0.0,0.0,0.0,0.0,7.986401163505633,0.02832866690225348,12.858984833737312,11.635662630226182,1.3184912433547042,0.4673063742289239,0.0,0.01004039024419188,0.011102085025724344,0.0,0.0030673273088418075,49.50118611313602,1.0,0.1875,2.4593873374396233,0.9146080393350275,0.35873489562872024,0.0596356047836905,0.19472649852603996,0.0,1.5138232875400164,0.8296968094404128,0.47861023015545723,Banks—Regional,Financial Services,HTBK
2016Q1,2016,Q1,2016-05-06,2016-03-31,6106000.0,24918000.0,0.0,0.16,24918000.0,1.0,2327333000.0,251659000.0,1632213000.0,0.0,2075674000.0,0.0,41485000.0,321578417.15999997,178443417.15999997,7.833568596572291,0.0,0.0,0.0,0.0,7.833568596572291,0.02426299079309701,12.905466616903443,13.166492677694071,1.2778339624650819,0.5558467081559122,0.0,0.010554190887479024,0.010706675838824956,0.0,0.0026236039277576523,40.47047787062672,1.0,0.3333333333333334,2.9471813998320346,0.9421075468812782,0.40369676862993725,0.008580911519468954,0.38051096540809404,0.0,1.7152257409123697,0.7693858006342323,0.4280428870122722,Banks—Regional,Financial Services,HTBK
2015Q4,2015,Q4,2016-03-07,2015-12-31,4423000.0,24706000.0,0.0,0.12,24706000.0,1.0,2361579000.0,245436000.0,1805234000.0,53368000.0,2116143000.0,0.0,38773000.0,384028902.40000004,45936902.400000036,7.64373343166371,33.82615050217359,0.002540672998870671,0.024446291497579816,0.0,7.64373343166371,0.01802099121563259,15.543952983081034,21.706358941894646,1.564680415261005,0.6818901198281709,0.0,0.007853575554213286,0.0104616445183498,14.437696747114376,0.001872899445667496,31.73792581818182,1.0,0.1999999999999999,1.6526185113152019,0.8867054330137533,0.37780120517505905,0.15018621973929236,0.27869326394911825,0.0,0.7218456628331106,0.7932338991463028,0.5023715932737556,Banks—Regional,Financial Services,HTBK
2015Q3,2015,Q3,2015-11-06,2015-09-30,3459000.0,21480000.0,0.0,0.1,21480000.0,1.0,2262207000.0,247976000.0,1832476000.0,52208000.0,2014231000.0,0.0,37366000.0,329719367.88,-61218632.120000005,8.528609823804567,35.099524977015015,0.0008840923929596187,0.008065296641610478,0.0,8.528609823804567,0.013948930541665322,15.350063681564245,23.830541188204684,1.329642255218247,0.7450130095403296,0.0,0.007815737415030739,0.009495152300386304,13.372778118296047,0.0015290377936236605,39.425967700585915,1.0,-0.28571428571428575,3.7938688141229306,0.42929932328368653,0.20870356583725028,0.09888985522074999,-0.227384409202591,0.0,0.25952547159000683,0.3162927676272836,0.328244092205039,Banks—Regional,Financial Services,HTBK
2015Q2,2015,Q2,2015-08-07,2015-06-30,4477000.0,19547000.0,0.0,0.14,19547000.0,1.0,1680206000.0,187039000.0,1347591000.0,0.0,1493167000.0,0.0,36484000.0,255375265.48999998,124107265.48999998,7.038445115470216,0.0,0.0,0.0,0.0,7.038445115470216,0.02393618443212378,13.064678236558038,14.260401244695107,1.3653583770764384,0.5753853026580299,0.0,0.010087116287700428,0.011633692535320074,0.0,0.002664554227279274,44.030218187931034,1.0,0.07692307692307698,1.0368151658096487,-0.34654854640973476,-0.5518411376967651,0.053860254474875996,0.0819236346060899,0.0,1.0057264377676949,0.655179134146275,0.3630745952244146,Banks—Regional,Financial Services,HTBK
2015Q1,2015,Q1,2015-05-08,2015-03-31,4138000.0,18548000.0,0.0,0.13,18548000.0,1.0,1652887000.0,186777000.0,1334050000.0,0.0,1466110000.0,0.0,34583000.0,242033770.99,90257770.99000001,7.0456036074009525,0.0,0.0,0.0,0.0,7.0456036074009525,0.022154762095975413,13.049049546581843,14.622629953479942,1.2958435513473288,0.6208313194780087,0.0,0.010614221269585318,0.011221577760609164,0.0,0.0025034984242721975,197.74000897875817,1.0,0.18181818181818185,1.4462119463521885,-0.36870162372420956,-0.5063353551620587,0.0489170389639767,0.14880621876735148,0.0,1.1790426073400744,0.4495097012626358,0.2763774797967562,Banks—Regional,Financial Services,HTBK
2014Q4,2014,Q4,2015-03-06,2014-12-31,3602000.0,17683000.0,0.0,0.11,17683000.0,1.0,1617103000.0,184358000.0,1291635000.0,0.0,1432745000.0,0.0,33014000.0,233646382.77,111243382.77000001,6.967285864649896,0.0,0.0,0.0,0.0,6.967285864649896,0.01953807266297096,13.213051109540237,16.216434117851193,1.267351472515432,0.444752915047196,0.0,0.0068565153074807,0.010934986825205321,0.0,0.0022274400579307563,31.56104049304336,1.0,0.0,3.793100552710339,-0.4360785385159717,-0.5237676836370729,0.12716726160122385,0.05167883211678832,0.0,0.3658314009660277,0.3621705165105991,0.02015887062755893,Banks—Regional,Financial Services,HTBK
2014Q3,2014,Q3,2014-11-06,2014-09-30,3425000.0,15688000.0,0.0,0.11,15688000.0,1.0,1558314000.0,182916000.0,1263316000.0,0.0,1375398000.0,0.0,31014000.0,216509300.73000002,62434300.73000002,6.936147107475811,0.0,0.0,0.0,0.0,6.936147107475811,0.018724441820289095,13.800949817057624,15.803598593430657,1.1836542496555797,0.4665693430656934,0.0,0.00738074528259089,0.010067290674408367,0.0,0.0021978882304849985,101.21986943899019,1.0,0.09999999999999995,1.7394962983318105,-0.4967535738840586,-0.5272323203425048,0.00893948163869059,0.030385078219013237,0.0,-0.2910367542878912,0.14917304773353543,-0.07447874473024584,Banks—Regional,Financial Services,HTBK
2014Q2,2014,Q2,2014-08-06,2014-06-30,3324000.0,15549000.0,0.0,0.1,15549000.0,1.0,1480619000.0,181525000.0,1114624000.0,0.0,1299094000.0,0.0,29187000.0,215447066.7,166029066.7,6.883636304341478,0.0,0.0,0.0,0.0,6.883636304341478,0.018311527337832253,13.856007891182712,16.203900925090252,1.186872699077262,0.3850782190132371,0.0,0.005941134495845053,0.010501688820689185,0.0,0.0022450069869426235,55.699862125129265,1.0,0.0,1.2768953560411151,-0.4755608176954332,-0.5339262645164152,0.025051091040938757,0.08062418725617686,0.0,0.927366997553184,0.37861222584742177,0.1711203411950784,Banks—Regional,Financial Services,HTBK
2014Q1,2014,Q1,2014-05-08,2014-03-31,3076000.0,15169000.0,0.0,0.1,15169000.0,1.0,1470110000.0,176817000.0,1103589000.0,0.0,1293293000.0,0.0,27143000.0,212460189.5,127461189.5,6.707821466948282,0.0,0.0,0.0,0.0,6.707821466948282,0.017396517303200486,14.006209341420002,17.267570668075425,1.201582367645645,0.4154746423927178,0.0,0.006015244564205757,0.010318275503193638,0.0,0.0020923604356136616,41.19840789218538,1.0,0.0,1.348765484551268,-0.46753667743834276,-0.5601873518537429,0.026597184623714132,-0.0828861061419201,0.0,1.4234100794090225,0.4408784259917617,0.2019741962586307,Banks—Regional,Financial Services,HTBK
2013Q4,2013,Q4,2014-03-07,2013-12-31,3354000.0,14776000.0,0.0,0.1,14776000.0,1.0,1491632000.0,173396000.0,1106844000.0,0.0,1318236000.0,0.0,25345000.0,276369600.0,163764600.0,5.169827072152653,0.0,0.0,0.0,0.0,5.169827072152653,0.01934300675909479,18.703952355170546,20.599999999999998,1.5938637569494107,0.571258199165176,0.0,0.0069327451354997075,0.009905928540015232,0.0,0.002248543876773896,33.82322849100477,1.0,0.0,0.6886441428571429,-0.6330673142805474,-0.6683617390263906,0.026182373775956665,0.04388422035480859,0.0,0.9257086803519062,0.08025980906727803,-0.06812632410073399,Banks—Regional,Financial Services,HTBK
2013Q3,2013,Q3,2013-11-06,2013-09-30,3213000.0,14399000.0,0.0,0.1,14399000.0,1.0,1400635000.0,170485000.0,1021397000.0,0.0,1230150000.0,0.0,22949000.0,245794500.0,203896500.0,5.306100217864924,0.0,0.0,0.0,0.0,5.306100217864924,0.018846232806405256,17.070247933884296,19.125,1.441736809690002,0.0,0.0,0.0,0.01028033713280048,0.0,0.0022939595255009335,55.3217420661715,1.0,0.11111111111111122,-0.5177451454321998,-0.6419486395789029,-0.5670859686814114,0.03671970624235006,0.15037593984962405,0.0,3.0296468509984638,-0.13295443480208577,-0.2480014461299256,Banks—Regional,Financial Services,HTBK
2013Q2,2013,Q2,2013-08-07,2013-06-30,2793000.0,13889000.0,0.0,0.09,13889000.0,1.0,1399506000.0,167620000.0,1014693000.0,0.0,1231886000.0,0.0,20694000.0,219715997.64000002,143232997.64000002,5.401288994643276,0.0,0.006630196655105444,0.05535735592411407,0.0,5.401288994643276,0.016662689416537407,15.819425274677803,19.666666455424277,1.3107982200214772,0.0,0.0,0.0,0.009924216116258166,0.0,0.001995704198481464,13732.249852500001,1.0,0.28571428571428553,1.3473859622133186,-0.6391726289018045,-0.5465591044306025,0.01736009375915617,0.2811926605504587,0.0,1.019666977639009,-0.6024138793388307,-0.6560837669260422,Banks—Regional,Financial Services,HTBK
2013Q1,2013,Q1,2013-05-08,2013-03-31,2180000.0,13652000.0,0.0,0.07,13652000.0,1.0,1383564000.0,170835000.0,958967000.0,0.0,1212729000.0,0.0,17901000.0,205542856.2,137952856.2,5.485527548098751,0.0,0.006706592539268151,0.054315567652998505,0.0,5.485527548098751,0.012760851113647671,15.055878713741576,23.57142846330275,1.2031659566248132,0.0,0.0,0.0,0.009867270325044595,0.0,0.0015756408810868165,65.60576323013086,1.0,-0.12499999999999993,-0.49999998010078817,-0.6350011967489019,-0.5629650127037151,-0.046315054139015016,-0.18321468714874484,0.0,1.2001031562577102,-0.6044689311245307,-0.6156452790025937,Banks—Regional,Financial Services,HTBK
2012Q4,2012,Q4,2013-03-08,2012-12-31,2669000.0,14315000.0,0.0,0.08,14315000.0,1.0,1693312000.0,169741000.0,1264459000.0,0.0,1523571000.0,0.0,15721000.0,232870250.0,-131415750.0,5.08777819408018,0.0,0.005479793446216645,0.05466563764794599,0.0,5.08777819408018,0.015723955909297104,16.267568983583654,21.8125,1.3719151530861726,0.0,0.0,0.0,0.00845384666263512,0.0,0.0015762009600120946,52.997325898953115,1.0,0.0,-0.6532356410256409,-0.6615830391506188,-0.6242929970332286,-0.030936907663146492,0.07361222847948512,0.0,2.6414634146341465,-0.6379289512376678,-0.6522369769839569,Banks—Regional,Financial Services,HTBK
2012Q3,2012,Q3,2012-11-07,2012-09-30,2486000.0,14772000.0,0.0,0.08,14772000.0,1.0,1356040000.0,169001000.0,909942000.0,0.0,1187039000.0,0.0,13052000.0,184504489.84,162273489.84,6.420965750087461,0.0,0.006842718503878941,0.054905000562126854,0.0,6.420965750087461,0.014709972130342424,12.490149596533984,18.554353362831858,1.0917360834551275,0.0,0.0,0.0,0.010893483968024541,0.0,0.0018332792542992832,43.731806077269496,1.0,0.0,-0.6064490531930424,-0.5086400298378339,-0.48517869264332153,0.04218992521518273,-0.07204180664427025,0.0,1.537800290021984,-0.5252151014950436,-0.5623470737007168,Banks—Regional,Financial Services,HTBK
2012Q2,2012,Q2,2012-08-08,2012-06-30,2679000.0,14174000.0,0.0,0.08,14174000.0,1.0,1324702000.0,164691000.0,924896000.0,0.0,1160011000.0,0.0,10566000.0,207312800.5,184653800.5,5.163653654854756,0.0,0.017892325972180913,0.1439180040196489,0.0,5.163653654854756,0.01626682696686522,14.626273493720898,19.346099337439345,1.2587986016236468,0.0,0.0,0.0,0.010699764928263111,0.0,0.002022341628532304,24.580602383210813,1.0,1.6666666666666667,-0.7529521650951719,-0.641903155736264,-0.6416382970301224,0.013731941067086254,0.2910843373493976,0.0,1.1845156204138756,-0.6047327213062076,-0.6503819723677496,Banks—Regional,Financial Services,HTBK
2012Q1,2012,Q1,2012-05-04,2012-03-31,2075000.0,13982000.0,0.0,0.03,13982000.0,1.0,1305298000.0,159896000.0,909221000.0,0.0,1145402000.0,0.0,7887000.0,186255668.81,141292668.81,5.519999936478712,0.0,0.01815830561297114,0.14823385200380249,0.0,5.519999936478712,0.012977185170360735,13.321103476612787,22.440442025301206,1.1648550858683144,0.1797590361445783,0.0,0.002002623610777176,0.010711730194943989,0.0,0.0015896753078607337,-149.60294683534136,1.0,-0.698995493591964,-0.7953312559201006,-0.6095746544646126,-0.49531730109771105,-0.01611427767222574,-0.2812608243851749,0.0,1.2140963505671514,-0.5533719034557786,-0.6380694087055983,Banks—Regional,Financial Services,HTBK
2011Q4,2011,Q4,2012-03-09,2011-12-31,2887000.0,14211000.0,0.0,0.09966628193709687,14211000.0,1.0,1306194000.0,197831000.0,915268000.0,0.0,1108363000.0,0.0,7172000.0,137302001.58,88132001.58000001,6.829608667093111,0.0,0.01814584969767125,0.11980933220779352,0.0,6.829608667093111,0.014593263947510754,9.661670648089508,11.889678003117425,0.6940368374016206,0.17319016279875304,0.0,0.0036416075093316934,0.010879700871386639,0.0,0.002210238295383381,11.728196940292134,1.0,-0.2333362927915626,-0.7305697720491997,-0.6200497828432451,-0.345795277876727,0.04400528945048487,-0.40066431388831225,0.0,0.6830088323342728,-0.5913808761789027,-0.5618887227997845,Banks—Regional,Financial Services,HTBK
2011Q3,2011,Q3,2011-11-10,2011-09-30,4817000.0,13612000.0,0.0,0.13,13612000.0,1.0,1252700000.0,197063000.0,929934000.0,0.0,1055637000.0,0.0,4886000.0,101235753.85000001,49159753.85000001,7.494314223452587,0.0,0.01892073122056358,0.12027625683157163,0.0,7.494314223452587,0.024443959545932013,7.437243156773436,5.2540872872119575,0.513722788397619,0.8660992318870666,0.0,0.041210736734193835,0.010866129161012214,0.0,0.003845294164604454,20.90783846551012,1.0,1.5999999999999999,-0.5048899572790078,-0.5970185877790193,-0.2611651546348166,-0.002199091042369154,1.3092042186001918,0.0,-0.11655389005191787,-0.5864076752079123,-0.3885539946042366,Banks—Regional,Financial Services,HTBK
2011Q2,2011,Q2,2011-08-08,2011-06-30,2086000.0,13642000.0,0.0,0.05,13642000.0,1.0,1262069000.0,187479000.0,948262000.0,0.0,1074590000.0,0.0,601000.0,162988565.11,98428565.11000001,5.8778214861480595,0.0,0.01878027271092151,0.12642482624720636,0.0,5.8778214861480595,0.01112657951023848,11.94755645140009,19.533624773489937,0.8693697166615996,0.0,0.0,0.0,0.010809234677343314,0.0,0.0016528414848950414,37.97496857176142,1.0,0.6666666666666669,-0.8131427263692428,-0.6560513353901001,-0.40365421022583803,0.04034164569511172,0.31941808981657177,0.0,1.2524339822041042,-0.6551750143666798,-0.5065539649296164,Banks—Regional,Financial Services,HTBK
2011Q1,2011,Q1,2011-05-09,2011-03-31,1581000.0,13113000.0,0.0,0.03,13113000.0,1.0,1255410000.0,183232000.0,994175000.0,45153000.0,1072178000.0,0.0,-881000.0,152674998.45000002,71082998.45000002,5.580670107417971,22.01791686045224,0.020611593025386128,0.14121987425777158,0.0,5.580670107417971,0.008628405518686693,11.643025886524825,24.14215661764706,0.8332332695708173,0.0,0.0,0.0,0.010445193203813893,3.3735299980067768,0.001259349535211604,608.2669260956176,1.0,-0.4222873958944282,-0.8698586901546544,-0.6868752737018241,-0.42704466228699317,-0.020687079910380882,-0.07272727272727272,0.0,-0.6560550967977281,-0.667462442665406,-0.5553849528391315,Banks—Regional,Financial Services,HTBK
2010Q4,2010,Q4,2011-03-07,2010-12-31,1705000.0,13390000.0,0.0,0.05192893453734959,13390000.0,1.0,1246369000.0,182152000.0,1002793000.0,41597000.0,1064217000.0,0.0,-1866000.0,147749998.5,101719998.5,5.547776706068799,24.10733947159651,0.020978538458514294,0.14354495146910273,0.0,5.547776706068799,0.00936031446264658,11.034353883495145,21.664222653958944,0.8111357465193905,0.0,0.0,0.0,0.010743206867308158,2.8387143303603626,0.0013679736899746384,15.985069620253164,1.0,4.192893453734959,-0.8578538064504891,-0.6835450469081207,-0.4208139409821894,-0.012464046021093002,1.619047619047619,0.0,-0.7749112037866814,-0.678348959184476,-0.5903244049060195,Banks—Regional,Financial Services,HTBK
2010Q3,2010,Q3,2010-11-10,2010-09-30,651000.0,13559000.0,0.0,0.01,13559000.0,1.0,1330870000.0,185100000.0,1207676000.0,41950000.0,1145770000.0,0.0,-2965000.0,91815503.5,-110622496.5,7.055997901269474,28.788462455303932,0.021051642910276735,0.1513614262560778,0.0,7.055997901269474,0.0035170178282009725,6.771554207537429,35.25940994623656,0.49603189357104266,0.0,0.0,0.0,0.010188072463877013,6.696138259833135,0.000489153711481963,17.62970497311828,1.0,1.002145922746781,-0.9310664697562115,-0.5824356205123292,-0.2319794398128185,0.019013978656245302,1.0120348289057735,0.0,-0.8965997066061941,-0.547489063704226,-0.43426297450846085,Banks—Regional,Financial Services,HTBK
2010Q2,2010,Q2,2010-08-06,2010-06-30,-54093000.0,13306000.0,0.0,-4.66,13306000.0,1.0,1303760000.0,185644000.0,1149520000.0,36989000.0,1118116000.0,0.0,-3012000.0,43381268.03,-37324731.97,15.705245857010048,31.077347319473358,0.021241639565564213,0.14917799659563466,0.0,15.705245857010048,-0.2913802762276185,3.2602786735307383,-0.2004939087774758,0.23367988208614338,0.0,0.0,0.0,0.010205866110327054,4.268944821433399,-0.0414899981591704,21.887622618567104,1.0,-10.649999999999999,-17.343566827228276,-0.058964032424903765,0.7981584707760253,0.01938251742894354,-12.129368932038835,0.0,-14.459408995300995,-0.0929480355848826,0.08995665222187448,Banks—Regional,Financial Services,HTBK
2010Q1,2010,Q1,2010-05-11,2010-03-31,-4120000.0,13053000.0,0.0,-0.4,13053000.0,1.0,1336576000.0,168089000.0,1141702000.0,43090000.0,1168487000.0,0.0,51678000.0,49229950.0,23653950.0,14.272044151984717,26.49575307495939,0.020645290653131584,0.16416303267911642,0.0,14.272044151984717,-0.024510824622670135,3.771542940320233,-2.9872542475728157,0.2928802598623348,0.0,0.0,0.0,0.009765999090212602,2.305662566720817,-0.0030825033518483047,-66.34764150943396,1.0,-7.207317073170732,-2.520954600154171,-0.08592562398840829,0.6174006878227829,-0.06477036612452533,-6.177700348432055,0.0,-1.9994844767981073,-0.1035533319269471,0.30486482687735,Banks—Regional,Financial Services,HTBK
2009Q4,2009,Q4,2010-03-17,2009-12-31,-574000.0,13957000.0,0.0,-0.0487369985141159,13957000.0,1.0,1363870000.0,172305000.0,1198128000.0,53578000.0,1191565000.0,0.0,56389000.0,47345549.99999999,45585549.99999999,14.63001485884101,22.362312889618874,0.03204264336043758,0.253631641565828,0.0,14.63001485884101,-0.0033313020515945563,3.392244035251128,-20.62088414634146,0.2747775746496039,0.0,0.0,0.0,0.01023338001422423,1.776363432752249,-0.00042086122577665027,5.418971042691998,1.0,0.7224970474137314,-1.2020778159052066,-0.05861777906021907,0.7125112179885986,-0.001145065483432334,0.7235067437379576,0.0,-1.1317518860348745,-0.08221797022812931,0.40140164274758616,Banks—Regional,Financial Services,HTBK
2009Q3,2009,Q3,2009-10-28,2009-09-30,-2076000.0,13973000.0,0.0,-0.1756269548121828,13973000.0,1.0,1367610000.0,173423000.0,1214879000.0,0.0,1194187000.0,0.0,57563000.0,55674597.39,37271597.39,14.67136482870577,0.0,0.017330964236880398,0.1366716064189871,0.0,14.67136482870577,-0.011970730525939466,3.9844412359550563,-6.704551708815028,0.3210335272138067,-0.24084778420038536,0.0,0.008980756456979922,0.010217094054591586,0.0,-0.0015179766161405664,-4.241227804525025,1.0,0.6556334219368964,-1.7025078192487313,0.01062729789858382,0.7538532260693231,0.05139202407825433,0.6141981044415536,0.0,-1.4746674508905195,-0.07978407072630175,0.446391923438623,Banks—Regional,Financial Services,HTBK
2009Q2,2009,Q2,2009-08-10,2009-06-30,-5381000.0,13290000.0,0.0,-0.51,13290000.0,1.0,1437024000.0,174582000.0,1278784000.0,45193000.0,1262442000.0,0.0,57056000.0,44090498.57,51327498.57,14.769414751936655,28.296063549664773,0.02693204845569733,0.22168379328911342,0.0,14.769414751936655,-0.03082219243679188,3.3175694936042137,-2.0484342394536332,0.2525489372902132,-0.0929195316855603,0.0,0.011340311772754807,0.009248279778208296,1.7281437390746355,-0.003744544280401719,13.578841567600863,1.0,-0.34210526315789475,-7.503224665600271,0.012077616391258426,0.8585681974141474,0.04031311154598826,-0.3605562579013906,0.0,-2.300644935320656,-0.09584971891034576,0.4984596462315837,Banks—Regional,Financial Services,HTBK
2009Q1,2009,Q1,2009-05-11,2009-03-31,-3955000.0,12775000.0,0.0,-0.38,12775000.0,1.0,1460743000.0,180281000.0,1306768000.0,60757000.0,1280462000.0,0.0,63028000.0,62057672.25,87039672.25,15.25154289041191,21.508106061852956,0.038132648932769145,0.308973214038085,0.0,15.25154289041191,-0.02193797460630904,4.857743424657534,-3.922735287610619,0.34422746850749664,-0.1777496839443742,0.0,0.011328172239009495,0.008745549353993139,1.1629935645275442,-0.0027075262383595197,-54.86973673740053,1.0,-7.416847742857143,-2.8588220035382763,-0.0178214805701529,0.8211236276688847,-0.09984498308906427,-6.65,0.0,-1.9042917834386268,-0.15266527542773112,0.5658429434495664,Banks—Regional,Financial Services,HTBK
2008Q4,2008,Q4,2009-03-16,2008-12-31,700000.0,14192000.0,0.0,0.059219108077325604,14192000.0,1.0,1499227000.0,184267000.0,1337823000.0,87208000.0,1314960000.0,0.0,67804000.0,132862521.16,196568521.16,15.588753411549368,15.340599486285662,0.0625002084407498,0.5085121047176109,0.0,15.588753411549368,0.0037988353856089263,9.361789822435174,47.45090041428571,0.7210326382911753,1.3528571428571428,0.0,0.00712766844804618,0.009466211587704864,0.7526144390422898,0.0004669072795513955,24.477251503316136,1.0,-0.7180042472508305,-0.6766439495288048,0.07994272777422044,0.9345836268590193,-0.03678566580697706,-0.7132322818517002,0.0,-0.8378982570394451,-0.06834800902201302,0.6274607165711981,Banks—Regional,Financial Services,HTBK
2008Q3,2008,Q3,2008-11-10,2008-09-30,2441000.0,14734000.0,0.0,0.21,14734000.0,1.0,1511881000.0,144284000.0,1347410000.0,122711000.0,1367597000.0,0.0,68306000.0,179167420.02,262151420.02,12.256706491363586,10.980352209663355,0.07851279300421131,0.8226969033295445,0.0,12.256706491363586,0.016918022788389567,12.160134384416995,18.349797216304793,1.2417691498710877,0.35764031134780827,0.0,0.00487253765166987,0.009745475999764532,0.5849353358704599,0.0016145450600940153,52.58803053125918,1.0,1.8076923076923075,0.2197602651517751,0.22603585840207369,0.5988141163345957,-0.0017615176151761518,1.7917612714888096,0.0,-0.4240021008725031,0.011160362562530732,0.33409940270154004,Banks—Regional,Financial Services,HTBK
2008Q2,2008,Q2,2008-08-11,2008-06-30,-3083000.0,14760000.0,0.0,-0.26,14760000.0,1.0,1486987000.0,141749000.0,1313576000.0,126518000.0,1345238000.0,0.0,66738000.0,117809000.10000001,196869000.10000002,11.911781772265462,10.382522644999131,0.08184469669203565,0.8585739581937086,0.0,11.911781772265462,-0.021749712520017776,7.981639573170733,-9.553113858254946,0.8311099203521719,-0.3165747648394421,0.0,0.008284596246225163,0.009926112333194573,0.6176433392876903,-0.0020733200761001947,18.71766763584366,1.0,-2.857142857142857,-2.523987181410276,0.15403745020611545,0.5116012475101125,0.009714051169790669,-2.8092723004694835,0.0,-1.925277927999201,0.03690260140767744,0.36382909830565224,Banks—Regional,Financial Services,HTBK
2008Q1,2008,Q1,2008-05-09,2008-03-31,1704000.0,14618000.0,0.0,0.14,14618000.0,1.0,1414727000.0,152772000.0,1226809000.0,30649000.0,1261955000.0,0.0,70797000.0,223102293.57,223448293.57,12.551689698884166,40.027700740644065,0.020288013164377297,0.18787474144476737,0.0,12.551689698884166,0.011153876364778886,15.262162646736899,32.7321440096831,1.4603611497525721,0.6003521126760564,0.0,0.004585340579114335,0.010332735573718463,2.0162158634865737,0.0012044726650442099,54.09851929437439,1.0,-0.39316237179487173,-0.1764706044251967,0.07790270697607013,0.6812026484127067,-0.05274753758424054,-0.39316239316239315,0.0,-0.3913043921940592,-0.00946301260385105,0.4224389538123906,Banks—Regional,Financial Services,HTBK
2007Q4,2007,Q4,2008-03-17,2007-12-31,2808000.0,15432000.0,0.0,0.23070421722872475,15432000.0,1.0,1347472000.0,164824000.0,1154609000.0,83820000.0,1182648000.0,0.0,73298000.0,223832579.31,267741579.31,13.54187745744563,13.774862801240754,0.062117802818908295,0.5078265301169732,0.0,13.54187745744563,0.01703635392903946,14.504443967729394,19.928114254807692,1.3580096303329612,0.37393162393162394,0.0,0.00469100612268685,0.011452557084674115,0.8997494631352899,0.0020839023000106868,28.814698675334707,1.0,-0.038732428213646836,0.1421528640676947,0.1203793912906838,0.8543472211477168,0.0007782101167315176,-0.13333333333333333,0.0,-0.043433002461194886,0.0071813397484545745,0.5851396790952899,Banks—Regional,Financial Services,HTBK
2007Q3,2007,Q3,2007-11-09,2007-09-30,3240000.0,15420000.0,0.0,0.24,15420000.0,1.0,1326419000.0,168375000.0,1119003000.0,0.0,1158044000.0,0.0,71540000.0,291600000.0,263675000.0,12.472222222222221,0.0,0.01786916502251551,0.1407691165553081,0.0,12.472222222222221,0.019242761692650334,18.910505836575876,22.500000000000004,1.7318485523385303,0.24753086419753087,0.0,0.0027503429355281205,0.011625285825972035,0.0,0.002442667060710077,49.85467601299367,1.0,-0.27272727272727276,0.4999999999999999,0.10034592264942718,0.36088790614472027,0.052200614124872056,-0.1930261519302615,0.0,-0.040000000000000036,-0.02346424577330445,0.490961981798635,Banks—Regional,Financial Services,HTBK
2007Q2,2007,Q2,2007-08-09,2007-06-30,4015000.0,14655000.0,0.0,0.33,14655000.0,1.0,1346931000.0,170154000.0,1120044000.0,0.0,1176777000.0,0.0,69102000.0,279396775.84,257217775.83999997,14.409055465641625,0.0,0.01759704097685776,0.1392973424074662,0.0,14.409055465641625,0.02359627161277431,19.064945468440804,17.397059516811957,1.6420229664891803,0.17409713574097135,0.0,0.002501818418979505,0.010880290081674562,0.0,0.002980850540970547,37.98732506322229,1.0,-0.029411764705882377,1.4285713317914996,0.22639240458001353,0.6546269587623238,0.02870981328092096,-0.004463178775105381,0.0,3.8571424814401496,0.1171312220870758,0.8132209497134232,Banks—Regional,Financial Services,HTBK
2007Q1,2007,Q1,2007-05-10,2007-03-31,4033000.0,14246000.0,0.0,0.34,14246000.0,1.0,1071064000.0,126032000.0,0.0,0.0,945032000.0,0.0,65786000.0,293717624.93,283701624.93,10.937565223624661,0.0,0.022129396562670392,0.18806334899073252,0.0,10.937565223624661,0.03199980957217215,20.617550535588936,18.207142631415817,2.330500388234734,0.17332010909992562,0.0,0.0023798367570437374,0.013300792482988879,0.0,0.003765414578400544,22.848512246596655,1.0,-0.08086992187499997,1.5000000640412243,0.2523333631748691,0.24568011132287246,-0.062207886248436574,-0.07329963235294118,0.0,0.9444444685511203,0.12356568961482589,0.3060094051490695,Banks—Regional,Financial Services,HTBK
