Year,Date,FillingDate,NetIncome,Revenue,OperatingIncome,EPSDiluted,GrossProfit,GrossProfitRatio,TotalAssets,CommonStockEquity,CurrentAssets,CurrentLiability,TotalLiability,Inventory,RetainedEarnings,EnterpriseValue,bookValuePerShare,currentRatio,debtToAssets,debtToEquity,roic,shareholdersEquityPerShare,roe,priceToSalesRatio,peRatio,pbRatio,payoutRatio,inventoryTurnover,dividendYield,assetTurnover,quickRatio,returnOnAssets,priceToFreeCashFlowsRatio,grossProfitMargin,epsdilutedGrowth,fiveYNetIncomeGrowthPerShare,fiveYRevenueGrowthPerShare,fiveYShareholdersEquityGrowthPerShare,grossProfitGrowth,netIncomeGrowth,operatingIncomeGrowth,threeYNetIncomeGrowthPerShare,threeYRevenueGrowthPerShare,threeYShareholdersEquityGrowthPerShare,Industry,Sector,Price,MarketCap,AvgVolume,Symbol
2023,2023-01-31,2023-03-30,37937000.0,855000000.0,25775000.0,2.15,54731000.0,0.0640128655,579579000.0,447982000.0,372644000.0,54599000.0,68585000.0,48744000.0,640826000.0,522538360.0,25.398684658124505,6.8251066869356585,0.02594124355782387,0.03356161631494123,0.043080918671520335,25.398684658124505,0.0846842060618507,0.6749887251461988,15.212466984737855,1.288255688844641,0.0,16.41779501066798,0.0,1.4752087290947395,5.660671440868881,0.06545613281364576,14.715948695718694,0.06401286549707602,-0.2636986301369863,0.07191268340730493,1.1194226072246858,0.3174304363262342,-0.4390016400164002,-0.27551371171033534,-0.6269034798216664,2.5011629644451885,1.1978904755262738,0.20049442780323504,Specialty Chemicals,Basic Materials,35.11,610562900,81011,REX
2022,2022-01-31,2022-04-06,52364000.0,774802000.0,69084000.0,2.92,97560000.0,0.1259160405,550361000.0,430792000.0,345167000.0,50483000.0,62799000.0,42225000.0,642350000.0,357987661.8000001,24.004903599687953,6.837291761583107,0.019968711445760148,0.02551115155341789,0.11429122751691036,24.004903599687953,0.12155286077735891,0.7445046112426144,11.016035096631274,1.3390305804193208,0.0,16.03888691533452,0.0,1.4078068758505782,5.709268466612523,0.0951448231251851,6.662166215857251,0.125916040485182,8.733333333333334,0.7833150168554303,0.8800459039947072,0.3933963900111142,6.03845321405382,8.320754716981131,19.18,0.7814234825401045,0.7139364845696156,0.18027759550760364,Specialty Chemicals,Basic Materials,35.11,610562900,81011,REX
2021,2021-01-31,2021-04-12,5618000.0,372846000.0,-3800000.0,0.3,13861000.0,0.0371762068,479345000.0,384783000.0,258750000.0,30737000.0,42162000.0,37880000.0,589986000.0,356265800.0,20.796832774835153,8.418193057227446,0.025689221750513722,0.03200245333083842,0.0351850053006104,20.796832774835153,0.014600437129498964,1.3100658180589304,86.94425062299752,1.2694240649924762,0.0,9.476900739176346,0.0,0.777823905537765,6.715944952337574,0.011720159801395654,-273.03119060927895,0.03717620679851735,-0.5081967213114754,-0.7885530723791168,0.01065773469186728,0.46263277766363603,0.11021225470564677,-0.5175197526623153,0.4389487671637384,-0.8486756484068835,-0.11892759865709474,0.0787322589947837,Specialty Chemicals,Basic Materials,35.11,610562900,81011,REX
2020,2020-01-31,2020-04-01,11644000.0,418034000.0,-6773000.0,0.61,12485000.0,0.0298659918,500502000.0,401007000.0,271135000.0,31599000.0,46896000.0,35634000.0,586985000.0,312026931.8,21.156853434631213,8.580493053577644,0.0312146604808772,0.03895941966100342,0.15607406615819006,21.156853434631213,0.029036899605243797,1.138811512460709,40.88474165235315,1.1871661387457078,0.0,11.380956389964641,0.0,0.8352294296526288,7.111902275388462,0.023264642299131673,72.49306103243491,0.029865991761435673,-0.6280487804878048,-0.8288836114957919,-0.062376115076952135,0.47064406337746123,-0.5867946384246235,-0.6320429767735819,-1.7764530551415798,-0.6245395153768779,-0.03959123908166437,0.2280775499632747,Specialty Chemicals,Basic Materials,35.11,610562900,81011,REX
2019,2019-01-31,2019-03-29,31645000.0,486671000.0,8723000.0,1.64,30215000.0,0.0620850636,471393000.0,392937000.0,250621000.0,17009000.0,26122000.0,18477000.0,579558000.0,281138200.0,20.33835403726708,14.734611088247398,0.0,0.0,0.05708135277187232,20.33835403726708,0.08053453861560504,0.9650651055846763,14.841813872649706,1.1952786324525304,0.0,24.704010391297288,0.0,1.0324103242941665,13.085954494679287,0.0671308229014856,12.640467219291635,0.0620850636261458,-0.18407960199004972,0.14001517774905342,-0.07683283109685717,0.7777061826752508,-0.31579900817463374,-0.20301717624540372,-0.567890226383316,0.14060769924737157,0.26334404752228424,0.4303881548073934,Specialty Chemicals,Basic Materials,35.11,610562900,81011,REX
2018,2018-01-31,2018-03-29,39706000.0,452586000.0,20187000.0,2.01,44161000.0,0.0975748256,478864000.0,381492000.0,239034000.0,21865000.0,46938000.0,20755000.0,547913000.0,347576059.6,19.278956943602182,10.932266178824605,0.0,0.0,0.09359113854487908,19.278956943602182,0.10408081951915112,1.189970656626586,13.563795386087746,1.4117309395740933,0.0,19.678390749217055,0.0,0.945124294162852,9.627852732677795,0.08291707039994654,31.769942166116095,0.0975748255580155,0.22560975609756093,23.460546748169293,-0.13706373371674505,0.9420446982871329,-0.3783555511761145,0.22803327869359477,-0.594035313518079,-0.44108660032255675,-0.027662251372862018,0.3401087106274813,Specialty Chemicals,Basic Materials,35.11,610562900,81011,REX
2017,2017-01-31,2017-03-27,32333000.0,453799000.0,49726000.0,1.64,71039000.0,0.1565428747,454024000.0,340435000.0,226517000.0,22519000.0,65750000.0,17057000.0,508207000.0,358343268.70000005,17.227620059713576,10.058928016341756,0.0,0.0,0.10142571136269414,17.227620059713576,0.09497554599262709,1.2052015731634491,16.915203312405282,1.606530670171986,0.0,22.44005393680014,0.0,0.9995044314837982,8.95008659354323,0.07121429704156608,9.961918156317736,0.15654287470884687,0.14685314685314682,0.5830130136489379,0.5321271776420361,0.8660281581920234,0.397470197112169,0.028534164651991347,0.09182329176181275,0.13880598150031276,-0.15839826635190948,0.5058075317607289,Specialty Chemicals,Basic Materials,35.11,610562900,81011,REX
2016,2016-01-31,2016-03-25,31436000.0,436488000.0,45544000.0,1.43,50834000.0,0.1164613918,414685000.0,311263000.0,179360000.0,19635000.0,58926000.0,17178000.0,475874000.0,238498859.7,14.218765702800237,9.134708428826077,0.0,0.0,0.10625084320809149,14.218765702800237,0.10099497852298539,0.8574436403749931,11.905581489375237,1.2024039468231045,0.0,22.45045989055769,0.0,1.0525772574363674,7.878023936847466,0.07580693779615853,15.155450888843895,0.11646139183665989,-0.6016713091922006,5.1413886324259845,0.9136494992176899,0.6807763926035604,-0.6418602357350693,-0.6400609134730985,-0.6724866963900474,17.074140737516775,-0.24770839598642774,0.43231185328591076,Specialty Chemicals,Basic Materials,35.11,610562900,81011,REX
2015,2015-01-31,2015-03-31,87337000.0,572230000.0,139060000.0,3.59,141939000.0,0.2480453664,456947000.0,349971000.0,175745000.0,19557000.0,63983000.0,18062000.0,444438000.0,312432779.09999996,14.386114194105316,8.986296466738253,0.0,0.0,0.2682396606465913,14.386114194105316,0.24955496312551612,0.7866238734424968,5.153941389101984,1.2861916533084168,0.0,23.822998560513785,0.0,1.2522896528481422,7.644833052104106,0.19113157543435016,3.536281839750489,0.24804536637366095,1.5104895104895106,10.519773865867204,2.8353940070648678,0.6194243937376149,1.2125765771383143,1.4901491175548143,1.3304843304843306,2.473418522123161,0.5693588739681692,0.5582474004022577,Specialty Chemicals,Basic Materials,35.11,610562900,81011,REX
2014,2014-01-31,2014-04-09,35073000.0,666091000.0,59670000.0,1.43,64151000.0,0.0963096634,427868000.0,279281000.0,148810000.0,32140000.0,117115000.0,19370000.0,357101000.0,303867706.3,11.44078489205686,4.63005600497822,0.17698449054381257,0.2711462648730132,0.1098840991684909,11.44078489205686,0.12558319398741769,0.5003681273279477,9.502771542211958,1.1933884020037167,0.0,31.07589055240062,0.0,1.5567675077360308,3.792874922215308,0.08197154262529566,5.4712265262570385,0.09630966339434101,17.013437849944008,14.295681562433499,2.609774335124793,0.4601286164839571,3.7392878250591015,16.820027063599458,62.75,5.144580611677896,1.618808147990279,0.35239595063006157,Specialty Chemicals,Basic Materials,35.11,610562900,81011,REX
2013,2013-01-31,2013-04-09,-2217000.0,657737000.0,936000.0,-0.0893,13536000.0,0.0205796542,405330000.0,246352000.0,114927000.0,31459000.0,131047000.0,24919000.0,322028000.0,218516480.0,9.927143778207608,3.6532311898026,0.2638072681518763,0.43404965252971356,0.0015232957681906403,9.927143778207608,-0.008999318048970579,0.27466978442751433,-81.48871447902572,0.7333428589985063,0.0,25.85179983145391,0.0,1.622719759208546,2.6061540417686513,-0.005469617348826882,13.518443579766537,0.02057965417788569,-1.0866990291262135,-1.0824605369770781,2.699217961126585,0.20940529678270006,-0.5999527130866533,-1.0784223558542625,-0.9803592412288065,-1.2866606965127416,3.3216382479669075,0.1174844421266452,Specialty Chemicals,Basic Materials,35.11,610562900,81011,REX
2012,2012-01-31,2012-04-09,28270000.0,409952000.0,47656000.0,1.03,33836000.0,0.0825364921,438049000.0,252511000.0,127039000.0,37241000.0,156206000.0,30349000.0,324323000.0,283043811.70000005,9.232240137472122,3.4112671517950646,0.2825003595488176,0.49007369975961446,0.08454311689409419,9.232240137472122,0.11195551876947935,0.5715493806591991,8.28821406791652,0.9279113056460908,0.0,12.3930277768625,0.0,0.9358587737901468,2.4062995086061063,0.06453615919680218,8.503586110909488,0.08253649207712123,3.4782608695652173,1.811236016573936,0.33226719772830765,0.2350109830372194,0.11397906103904655,3.1757754800590843,2.4833710986039033,10.564799253621633,0.9828591143425309,0.17826339242982694,Specialty Chemicals,Basic Materials,35.11,610562900,81011,REX
2011,2011-01-31,2011-04-15,6770000.0,301674000.0,13681000.0,0.23,30374000.0,0.1006848452,375722000.0,244932000.0,125849000.0,24567000.0,105758000.0,7819000.0,296053000.0,135312060.0,8.459641487928712,5.122684902511499,0.21555032710354996,0.3306509561837571,0.029030766584786222,8.459641487928712,0.027640324661538714,0.4817918017462559,21.468841949778433,0.5934057615991377,0.0,34.69753165366415,0.0,0.802918114989274,4.442585582285179,0.018018641442343008,6.640353618421052,0.10068484523028169,-0.23333333333333328,-0.7347823929012669,-0.15640939908160006,0.2663100519079677,0.5392489738002331,-0.21752196024040685,-0.23765741669452803,-0.7841722196731968,0.4542321437177474,0.030622246737615568,Specialty Chemicals,Basic Materials,35.11,610562900,81011,REX
2010,2010-01-31,2010-04-16,8652000.0,170264000.0,17946000.0,0.3,19733000.0,0.1158964902,451505000.0,246623000.0,140098000.0,38850000.0,176409000.0,8698000.0,290984000.0,182663830.746,8.883473813125855,3.606126126126126,0.31006301148381527,0.567647786297304,0.03089070897285253,8.883473813125855,0.03508188611767759,0.8402647109547525,16.53569472330097,0.5801033591595269,0.0,17.306392274085997,0.0,0.37710324359641645,3.148880308880309,0.019162578487502906,-5.798282838048148,0.1158964901564629,2.6666666666666665,-0.6239374111506117,-0.47897034324082843,0.4160041043074829,-0.5808623619371283,3.624203821656051,4.157283603096411,-0.15236189844317166,-0.4548655639028683,0.18835597464625498,Specialty Chemicals,Basic Materials,35.11,610562900,81011,REX
2009,2009-01-31,2009-04-16,-3297000.0,230627000.0,-5684000.0,-0.18,47080000.0,0.2041391511,451288000.0,239060000.0,142645000.0,58269000.0,187655000.0,24374000.0,282332000.0,78407989.83,7.835463782366437,2.448042698518938,0.246877825246849,0.46604618087509414,-0.011263825607061368,7.835463782366437,-0.013791516774031624,0.25576359155692957,-17.890806742493176,0.2467413612900527,0.0,7.530442274554853,0.0,0.51104172944993,1.7844479912131666,-0.007305755969580401,-0.5997680667629235,0.20413915109679265,-1.2535211267605633,-1.1283404822105834,-0.40982005081326284,0.3882844159990638,-0.28617997119247973,-1.097351404021614,-1.1170583026134233,-1.1225699456475406,-0.38799444670084965,0.17287790069231548,Specialty Chemicals,Basic Materials,35.11,610562900,81011,REX
TTM,,,,,,,,,,,,,,,,546733900.0,26.0130168014221,9.974191052529774,0.0244254166953495,0.030504297451068134,0.03877616222745407,26.0130168014221,0.07281211337764501,0.6989956335877164,18.855730783444194,1.3497088887468285,0.0,19.74958231434175,0.0,1.5417877964701583,8.290088148332366,0.057316240130899615,14.025611044748691,0.06622659092418196,,,,,,,,,,,Specialty Chemicals,Basic Materials,35.11,610562900,81011,REX
