Quarters,Year,Quarter,FillingDate,Date,NetIncome,Revenue,OperatingIncome,EPSDiluted,GrossProfit,GrossProfitRatio,TotalAssets,CommonStockEquity,CurrentAssets,CurrentLiability,TotalLiability,Inventory,RetainedEarnings,MarketCap,EnterpriseValue,bookValuePerShare,currentRatio,debtToAssets,debtToEquity,roic,shareholdersEquityPerShare,roe,priceToSalesRatio,peRatio,pbRatio,payoutRatio,inventoryTurnover,dividendYield,assetTurnover,quickRatio,returnOnAssets,priceToFreeCashFlowsRatio,grossProfitMargin,epsdilutedGrowth,fiveYNetIncomeGrowthPerShare,fiveYRevenueGrowthPerShare,fiveYShareholdersEquityGrowthPerShare,grossProfitGrowth,netIncomeGrowth,operatingIncomeGrowth,threeYNetIncomeGrowthPerShare,threeYRevenueGrowthPerShare,threeYShareholdersEquityGrowthPerShare,Industry,Sector,Symbol
2023Q1,2023,Q1,2023-05-03,2023-03-31,118127000.0,1571642000.0,162131000.0,12.57,624106000.0,0.3971044296,3799695000.0,1234253000.0,1353627000.0,812575000.0,2565442000.0,337313000.0,1230589000.0,5015839920.0,5474543920.0,131.6676978877747,1.6658486908900716,0.1969855475242092,0.6064275314704521,0.05641642709808747,131.6676978877747,0.09570728205643414,3.1914646719800057,10.615354491352528,4.063866905731645,0.27773498014848425,2.8090705072143676,0.006540878601245312,0.4136231987041065,1.1420804233455373,0.03108854789660749,38.00051456884404,0.3971044296347387,-0.003172085646312383,9.678553830188624,0.4606791854785087,2.4665607668181773,0.04258852144627906,-0.0026847904090506144,0.3961164212520451,7.055817653969482,0.3396813358865405,2.435558522081488,Beverages—Non-Alcoholic,Consumer Defensive,COKE
2022Q4,2022,Q4,2023-02-22,2022-12-31,118445000.0,1572795000.0,116130000.0,12.61,598612000.0,0.3806039567,3709545000.0,1115388000.0,1245801000.0,905156000.0,2594157000.0,347545000.0,1112462000.0,4802862640.0,5360251640.0,118.98741199061233,1.3763384433180579,0.20353897850005864,0.6769276700125876,0.043654447690862894,118.98741199061233,0.10619174672849269,3.0537117933360673,10.137326691713454,4.306001714201695,0.019789775845329056,2.8030413327770503,0.0004880422730557208,0.4239859605423307,0.888236944791837,0.03192979192865972,323.0769971747612,0.3806039566504217,-0.001583531274742783,0.5135594665855673,0.390654071643415,2.028694971721931,-0.03621759213790861,-0.0026608061569033605,-0.3885642078660559,15.33111864942909,0.33392302576547334,2.2144763903595006,Beverages—Non-Alcoholic,Consumer Defensive,COKE
2022Q3,2022,Q3,2022-11-01,2022-09-30,118761000.0,1628589000.0,189930000.0,12.63,621107000.0,0.3813773764,3597278000.0,1018913000.0,1230269000.0,876695000.0,2578365000.0,313699000.0,1029169000.0,3859557020.0,4451542020.0,108.69564753573715,1.4033033152920913,0.20994457475902614,0.7412104860768289,0.07343511470062994,108.69564753573715,0.11655656567341863,2.3698778635984894,8.124630602638913,3.7879161616349974,0.019728698815267637,3.211620056168493,0.0006070644863798385,0.45272814611492357,0.9371172414579757,0.03301412901643965,34.45202513679738,0.3813773763669041,0.19263456090651568,5.829188747099991,0.3949276079261729,2.453709560147775,0.12793398455305371,0.19283461561639983,0.28947064694180985,8.13027301311853,0.28117868696017123,1.6892094326564524,Beverages—Non-Alcoholic,Consumer Defensive,COKE
2022Q2,2022,Q2,2022-08-02,2022-07-01,99562000.0,1595215000.0,147293000.0,10.59,550659000.0,0.3451942215,3581668000.0,901680000.0,1213203000.0,977433000.0,2679988000.0,303539000.0,912751000.0,5390612439.999999,6078175439.999999,96.18946020908896,1.2412134642476773,0.24468096987213778,0.9719257386212403,0.056703115289566314,96.18946020908896,0.11041833022801881,3.379238811069354,13.535817982764508,5.978409679708988,0.023533074867921496,3.441257960262108,0.00043464449096993515,0.4453832683542975,0.8387019877577286,0.027797662988306007,52.86261635318806,0.3451942214685795,0.06539235412474853,14.617069441828468,0.3584368846213764,2.2257722696776012,0.08487989975885385,0.06608844630046043,0.12450280566477077,5.476992772961494,0.25233270881876174,1.4500159257693555,Beverages—Non-Alcoholic,Consumer Defensive,COKE
2022Q1,2022,Q1,2022-05-03,2022-04-01,93390000.0,1404358000.0,130985000.0,9.94,507576000.0,0.3614292082,3425932000.0,803647000.0,1051218000.0,894071000.0,2622285000.0,276278000.0,815532000.0,4813972800.0,5565266800.0,85.74063800277392,1.1757656830385954,0.2563912535333451,1.0929910769280542,0.05261857906697929,85.74063800277392,0.11620773797450872,3.427881494604652,12.886745904272406,5.990158365551045,0.025099047007174215,3.2459406829353044,0.00048691592108704895,0.40991998673645597,0.7580684308069493,0.027259735453009575,-1329.4594863297432,0.36142920822183516,3.8725490196078427,17.10843660231397,0.2359184849238771,1.2356941097476057,0.029916888513732875,3.8877374784110534,0.5039324875136345,17.719338753543866,0.271552225421777,1.2646671756604344,Beverages—Non-Alcoholic,Consumer Defensive,COKE
2021Q4,2021,Q4,2022-02-22,2021-12-31,19107000.0,1402339000.0,87095000.0,2.04,492832000.0,0.3514357085,3445570000.0,711786000.0,1076662000.0,834856000.0,2733784000.0,302851000.0,724486000.0,5803667870.000001,6599956870.000001,75.94004054198228,1.2896379734948302,0.2724086290512165,1.318658978962778,0.039895755215836624,75.94004054198228,0.026843742360765737,4.138562694184502,75.93640903857226,8.153669600132625,0.1226775527293662,3.0031500638928055,0.00040388251921107956,0.40699768108034373,0.8251279262531502,0.005545381460832315,149.5328215500361,0.3514357084841825,-0.7213114754098361,-0.11257471570095386,0.6556895709530762,1.5519685548259885,-0.04805760731835461,-0.7228057449586537,-0.3644138917471229,1.739194767298018,0.2558666219072375,0.983162815037124,Beverages—Non-Alcoholic,Consumer Defensive,COKE
2021Q3,2021,Q3,2021-11-09,2021-10-01,68930000.0,1457432000.0,137031000.0,7.32,517712000.0,0.3552220618,3419940000.0,680140000.0,1071619000.0,768296000.0,2739800000.0,240495000.0,707723000.0,3649471280.0,4472324280.0,72.56374693267897,1.3947996605474973,0.2952481622484605,1.4845928779368953,0.05273529156111956,72.56374693267897,0.10134678154497603,2.504042233188238,13.236150007253736,5.3657648131267095,0.0339910053677644,3.9074409031372794,0.0006420108065626427,0.4261571840441645,0.9632225079917115,0.020155324362415714,28.25149235938008,0.35522206181832156,0.4296875,1.959500210331507,0.7056003393232155,1.5077973206470354,0.04600961732735281,0.4306766293067663,0.13379005634571947,1.733677954937174,0.20039981552875646,0.8208874483809568,Beverages—Non-Alcoholic,Consumer Defensive,COKE
2021Q2,2021,Q2,2021-08-10,2021-07-02,48180000.0,1433086000.0,120861000.0,5.12,494940000.0,0.3453665726,3282298000.0,612502000.0,926869000.0,743952000.0,2669796000.0,237823000.0,641136000.0,3687244470.0,4620747470.0,65.34748746399232,1.2458720455083123,0.30091935589029395,1.6125775915833744,0.04915960277526831,65.34748746399232,0.07866096763765669,2.572940123621332,19.13265084059776,6.019971314379381,0.048650892486508925,3.944723596960765,0.0006357050689400045,0.4366105697898241,0.8127123792932878,0.01467874032156739,25.191086144113246,0.3453665725574041,-0.0970017636684303,2.058496179670557,0.6943591174301378,1.4504682880905828,0.10304589004307972,-0.09712722298221614,0.28324343837594496,18.497210467490707,0.16533335123626167,0.7504142153787106,Beverages—Non-Alcoholic,Consumer Defensive,COKE
2021Q1,2021,Q1,2021-05-11,2021-04-02,53363000.0,1269857000.0,94184000.0,5.67,448703000.0,0.3533492354,3284832000.0,565342000.0,926848000.0,683907000.0,2719490000.0,257363000.0,595300000.0,2710390410.0,3777406410.0,60.316014083004376,1.355225198747783,0.34060920010521084,1.9790569248348786,0.0361663569108282,60.316014083004376,0.0943906520300986,2.134406007920577,12.697891844536478,4.794249162453878,0.04390682682757716,3.190645119927884,0.0008644511105689751,0.38658202306845524,0.8576356141990066,0.016245275253041862,63.46329516718179,0.35334923538634666,-0.19915254237288138,6.860290590912614,1.0140441155172342,1.3891957131515424,-0.028518538565629227,-0.19607400042182652,0.006293071211068968,4.920890883305854,0.18032706030477347,0.5880062565475256,Beverages—Non-Alcoholic,Consumer Defensive,COKE
2020Q4,2020,Q4,2021-02-26,2020-12-31,66378000.0,1278637000.0,93595000.0,7.08,461875000.0,0.3612244914,3222450000.0,512990000.0,851237000.0,647060000.0,2709460000.0,225757000.0,544280000.0,2495748710.0,3596953710.0,54.73060919662861,1.31554569900782,0.35873264131328647,2.253451334334003,0.03846909157787528,54.73060919662861,0.12939433517222557,1.9518821291734871,9.399758617312964,4.865102068266438,0.03531290487812227,3.61788117311977,0.0009391971197292537,0.3967903303387174,0.8421243779556764,0.020598612856677374,93.32343828291515,0.3612244913920057,0.28493647912885667,14.335439689108352,1.04543245459758,1.0923442361228404,-0.02235848936791706,0.2793539434122273,-0.09869612110473402,-0.1516926080032875,0.1306822943412929,0.3931080447920422,Beverages—Non-Alcoholic,Consumer Defensive,COKE
2020Q3,2020,Q3,2020-11-03,2020-09-27,51884000.0,1328484000.0,103844000.0,5.51,472438000.0,0.3556218968,3312893000.0,448238000.0,976898000.0,683990000.0,2753338000.0,207773000.0,480246000.0,2259924030.0,3275065030.0,47.822255414488424,1.4282343309112706,0.356173290233038,2.632449725369112,0.04219946124884121,47.822255414488424,0.1157510072773839,1.7011300324279404,10.889310914732867,5.0417948277477596,0.045177704109166605,4.120102226949603,0.001037203007217902,0.40100419784158436,1.0120908200412286,0.015661236266912335,20.62595516898336,0.35562189683880274,0.31503579952267285,1.0128997216375857,1.1282978010164713,0.8922328659635935,0.10048194623352846,0.31122848694685235,0.24935633677422459,1.9838367119920517,0.1380014961585049,0.5195105273975612,Beverages—Non-Alcoholic,Consumer Defensive,COKE
2020Q2,2020,Q2,2020-08-04,2020-06-28,39569000.0,1227215000.0,83118000.0,4.19,429301000.0,0.3498172692,3184580000.0,397418000.0,900111000.0,634230000.0,2679015000.0,211128000.0,430706000.0,2172755130.0,3222053130.0,42.40029873039582,1.4192185800104062,0.35384509103241246,2.8354226532265776,0.03645500350911747,42.40029873039582,0.09956519332289931,1.7704763468503888,13.727634827769213,5.467178461972029,0.05918774798453335,3.7792902883558788,0.0010778941297448462,0.38536164894585784,0.972538353594122,0.012425186366805042,13.846171831686007,0.34981726918266154,1.7032258064516133,0.45641385946598023,0.9792471890627339,0.8655938698141806,0.059230930556754956,1.6987450552448506,1.5324639712379269,5.207365758717457,0.04517070280640249,0.421919902380671,Beverages—Non-Alcoholic,Consumer Defensive,COKE
2020Q1,2020,Q1,2020-05-05,2020-03-29,14662000.0,1173021000.0,32821000.0,1.55,405295000.0,0.3455138484,3195743000.0,359220000.0,903485000.0,607990000.0,2731420000.0,228624000.0,393479000.0,1946397180.0,3142308180.0,38.324975994878905,1.4860195068997846,0.38916114343362407,3.462109570736596,0.013847950576092092,38.324975994878905,0.040816212905740216,1.6593029280805713,33.18778440867549,5.418398697177218,0.15986904924294093,3.358028903352229,0.00120427630294861,0.36705736349887963,0.988945541867465,0.004587978445075214,-2420.892014925373,0.345513848430676,3.1830985915492955,5.5251030051878685,1.5614981079214938,0.909918091399595,-0.019109806360738738,2.7742013552758955,-0.1699291856348002,3.5289848748594856,0.03232817921348494,-0.0006731337222251044,Beverages—Non-Alcoholic,Consumer Defensive,COKE
2019Q4,2019,Q4,2020-02-25,2019-12-29,-8264000.0,1178949000.0,39540000.0,-0.71,413191000.0,0.3504740239,3126926000.0,346952000.0,830276000.0,622195000.0,2675810000.0,225926000.0,381161000.0,2708797000.0,3868698000.0,37.01611010348874,1.3344305241925762,0.3740142875143192,3.3708265120247183,0.05803252464190919,37.01611010348874,-0.023818856787105998,2.2976371327343252,-81.9456982090997,7.807411399847818,-0.2835188770571152,3.3894195444526085,0.000864959611222251,0.37703130806421387,0.8666864889624636,-0.002642851157974317,242.72374551971325,0.3504740238975562,-1.5144927536231885,-3.7338021721110985,1.6464338025247036,0.8690606493660123,-0.044035037388021024,-1.6353990465938797,-0.2656836162389035,-1.3838217694796313,0.3919412952114703,0.2439280823646242,Beverages—Non-Alcoholic,Consumer Defensive,COKE
2019Q3,2019,Q3,2019-11-05,2019-09-29,13006000.0,1271029000.0,53846000.0,1.38,432224000.0,0.3400583307,3118718000.0,378849000.0,851894000.0,613173000.0,2637611000.0,231752000.0,393674000.0,2848173510.0,4015361510.0,40.41918275898858,1.3893207952731121,0.37617283768522836,3.096687598489108,0.02223845134224286,40.41918275898858,0.03433030046271734,2.2408406967897663,54.747299515608184,7.517964967572833,0.18022451176380133,3.6194078152507854,0.000822983568862699,0.40754855039795196,0.8981217372584899,0.004170303310526953,37.070629173120224,0.3400583306911172,-0.15853658536585366,0.06037458999056186,1.746915402397018,0.7362825830599578,-0.008157804758834179,-0.15380611581001952,-0.19888713660844468,-0.44158915224761963,0.4874570434089874,0.3968837403031858,Beverages—Non-Alcoholic,Consumer Defensive,COKE
2019Q2,2019,Q2,2019-08-06,2019-06-30,15370000.0,1273659000.0,67214000.0,1.64,435779000.0,0.3421473094,3132153000.0,367991000.0,863920000.0,601952000.0,2664444000.0,230898000.0,383012000.0,2916221490.0,4136457490.0,39.260748959778084,1.4351974908298335,0.3914010586328318,3.331407561597974,0.027280282103573947,39.260748959778084,0.04176732583133826,2.289640704458572,47.4336611906311,7.924708729289575,0.15243981782693558,3.6287884693674264,0.000803436915897633,0.40664009708338,0.9422877571633619,0.004907167689445567,53.28962594108618,0.3421473094446787,3.733333333333333,0.10300650929355629,1.7418338688056747,0.7702327340228224,0.1193682123151849,3.755467909645034,2.3350203433561574,-0.024302899926598877,0.505866179103663,0.472240540933322,Beverages—Non-Alcoholic,Consumer Defensive,COKE
2019Q1,2019,Q1,2019-05-08,2019-03-31,-5578000.0,1102912000.0,20154000.0,-0.6,389308000.0,0.3529819242,3075688000.0,354371000.0,808431000.0,559141000.0,2623085000.0,220317000.0,369985000.0,2628288000.0,3876539000.0,37.860149572649576,1.445844608068448,0.4086071148959192,3.546418866103603,0.007573793923717035,37.860149572649576,-0.015740565678342755,2.383044159461498,-117.79705987809251,7.416769430907157,-0.41932592326998924,3.2389874589795613,0.000889932914505564,0.35859033816173813,0.9372805786018196,-0.0018135779701972372,-92.63341909561908,0.35298192421516855,0.7826086956521738,-3.252356971099315,1.8067625937954466,0.810109321606858,0.0861085305055476,0.7837649247945417,0.572565543071161,0.3865768062214426,0.7516921835025745,0.49968973304120795,Beverages—Non-Alcoholic,Consumer Defensive,COKE
2018Q4,2018,Q4,2019-02-27,2018-12-30,-25796000.0,1114367000.0,12816000.0,-2.76,358443000.0,0.321656151,3009928000.0,358187000.0,797418000.0,601737000.0,2554762000.0,210033000.0,359435000.0,1659212520.0,2785315520.0,38.29238828308745,1.325193564630395,0.3786306516302051,3.1817207212992096,0.007895016540374928,38.29238828308745,-0.07201824745175006,1.4889282615152817,-16.080133741665374,4.632252203457971,-0.09067297255388432,3.5990725266981856,0.0014097048881959978,0.37023045069516614,0.8697188306519293,-0.008570304671739656,14.09480725122751,0.32165615098078104,-2.0260223048327135,-5.737769130409786,1.7945062275830324,0.8513725257085453,-0.14726271815465428,-2.0251152439993643,-0.7113773533915864,-6.97180597923953,0.7862710893829626,0.46391313905621984,Beverages—Non-Alcoholic,Consumer Defensive,COKE
2018Q3,2018,Q3,2018-11-08,2018-09-30,25164000.0,1211661000.0,44404000.0,2.69,420344000.0,0.3469155151,3072424000.0,372764000.0,845231000.0,558616000.0,2603861000.0,229892000.0,388750000.0,1643591340.0,2865641340.0,39.85075903356853,1.5130805419107223,0.4007868054669538,3.3033957141784076,0.016781815926988537,39.85075903356853,0.06750651886984795,1.3564778762376606,16.328796494992847,4.409200834844566,0.09310920362422509,3.442124997825066,0.0014255368369122702,0.39436646764899635,0.9787063027195784,0.008190275821305914,-27.840021342547892,0.3469155151482139,10.275862068965518,0.5390080186941404,1.757856725529058,1.2474881477222002,0.020309386203598744,10.157205240174672,1.2564154682656639,-0.021750539390051834,0.9450843919396621,0.5768163864991688,Beverages—Non-Alcoholic,Consumer Defensive,COKE
2018Q2,2018,Q2,2018-08-08,2018-07-01,-2748000.0,1227272000.0,19679000.0,-0.29,411977000.0,0.3356851619,3122988000.0,349209000.0,872886000.0,692923000.0,2679766000.0,222073000.0,365929000.0,1241837040.0,2392701040.0,37.33258499037845,1.2597157259897565,0.3748294902189826,3.3521129180519402,0.012031199818730453,37.33258499037845,-0.007869212992792283,1.011867817403151,-112.97644104803493,3.5561427110985107,-0.8508005822416302,3.6712927730971345,0.001882694689151807,0.39298005627943494,0.8297011356240159,-0.0008799265318982974,13.105491309349178,0.33568516188750336,0.7999999999999999,-1.2420025898532796,1.829105614922692,1.310741221869066,0.12886493418240408,0.7973750184338593,2.3583902809415336,-1.1013509230007659,0.9833595848811364,0.6426167689341832,Beverages—Non-Alcoholic,Consumer Defensive,COKE
2018Q1,2018,Q1,2018-05-09,2018-04-01,-13562000.0,1072064000.0,-14487000.0,-1.45,364948000.0,0.3404162438,3090443000.0,354754000.0,828901000.0,574956000.0,2642861000.0,207163000.0,372200000.0,1590602000.0,2834648000.0,37.98222698072805,1.4416772761741767,0.40528979178713215,3.53068605287044,-0.004491335753145765,37.98222698072805,-0.03822930819666586,1.4836819443615306,-29.3209334906356,4.4836760121098,-0.17202477510691638,3.4133315312097237,0.001466740265635275,0.3468965452525738,0.9552191819895783,-0.004388367622376469,-12.953417919442318,0.34041624380633995,-1.174488567990373,-3.758327527114528,1.76397837748777,1.508967589715379,-0.0481868636287765,-1.1740458407125074,-1.35865125145446,-7.056889317239999,1.3493120468934088,0.8928372576627763,Beverages—Non-Alcoholic,Consumer Defensive,COKE
2017Q4,2017,Q4,2018-02-28,2017-12-31,77922000.0,1126149000.0,40393000.0,8.31,383424000.0,0.3404735963,3072960000.0,366702000.0,794538000.0,639452000.0,2614053000.0,183618000.0,388718000.0,2009236840.0,3123821840.0,39.28669380758517,1.2425295409194121,0.3682075262938665,3.085576299011186,0.0726479748017075,39.28669380758517,0.21249406875337468,1.7841660739387062,6.446307974641308,5.4792088398754295,0.029940196606863274,4.044946573865308,0.0011611373799019135,0.3664704389253358,0.8541751374614514,0.02535731021555764,45.93276272775073,0.34047359630031193,3.491891891891892,22.708857938718662,1.879755311171667,1.680902445264353,-0.06555794932784824,3.5,0.11799058953778024,24.884971259816844,1.5384738428730975,0.9837096127647456,Beverages—Non-Alcoholic,Consumer Defensive,COKE
2017Q3,2017,Q3,2017-11-07,2017-10-01,17316000.0,1162526000.0,36130000.0,1.85,410324000.0,0.3529589876,2911096000.0,293761000.0,942716000.0,587082000.0,2527980000.0,191943000.0,313129000.0,2034438640.0,3193490640.0,31.472144846796656,1.6057654637682641,0.40224506508888747,3.9861451996691186,0.014779606597062749,31.472144846796656,0.05894587777138558,1.7500156039520836,29.37223723723724,6.9254892242333055,0.13473088473088474,3.918882168143668,0.0011467536813988158,0.39934306529224733,0.8487264130053382,0.00594827515135193,-171.07623948873191,0.3529589875839336,1.7205882352941175,0.31438129031348727,1.1183347066388132,0.4699434002496856,-0.011691370930058915,1.727788279773157,0.6600808674875942,0.41766611838026824,1.522919073675644,0.3519456163888212,Beverages—Non-Alcoholic,Consumer Defensive,COKE
2017Q2,2017,Q2,2017-08-08,2017-07-02,6348000.0,1169291000.0,21764000.0,0.68,415178000.0,0.3550681567,2891441000.0,278331000.0,811375000.0,602088000.0,2525350000.0,200441000.0,298146000.0,2093242840.0,3175332840.0,29.819048639382903,1.3476020116660687,0.3892882476246273,4.044120130348398,0.010055615458851192,29.819048639382903,0.022807376828308742,1.7901812636888508,82.43709987397605,7.520696005834779,0.3676748582230624,3.7622691964218897,0.0011150163542420143,0.4043973229956966,0.903627044551627,0.0021954451085116383,85.69732416277736,0.3550681566864023,2.4468085106382977,-0.4159048855507517,1.684656328341264,0.9039799311092953,0.2504570494035016,2.437174552863935,14.979441997063143,-0.5425412420790645,1.5276759449957613,0.3445147481249855,Beverages—Non-Alcoholic,Consumer Defensive,COKE
2017Q1,2017,Q1,2017-05-11,2017-04-02,-4417000.0,865702000.0,1362000.0,-0.47,332021000.0,0.3835280501,2664820000.0,273863000.0,659163000.0,466311000.0,2304430000.0,180052000.0,294132000.0,1423272710.0,2440534710.0,38.350791205713485,1.413569484743015,0.3937234034568939,3.83111993953181,0.0005416060587507358,38.350791205713485,-0.016128502207308035,1.6440677161425064,-80.5565264885669,5.197024461135678,-0.5270545619198551,2.9640381667518274,0.0016356668568457272,0.3248632177783115,0.8953402343071469,-0.0016575228345629349,23.985047354229863,0.38352805006803725,-1.2043478260869565,-2.24846333431139,1.9614416662313405,1.6069110813760634,0.02183259624469496,-1.2064694058804282,-0.9721421120451617,-3.3377761680674785,1.8876865795813533,0.8335670998671683,Beverages—Non-Alcoholic,Consumer Defensive,COKE
2016Q4,2016,Q4,2017-03-14,2017-01-01,21393000.0,841560000.0,48891000.0,2.3,324927000.0,0.3861008128,2449484000.0,277131000.0,593811000.0,457907000.0,2086460000.0,143553000.0,301511000.0,1665630050.0,2599755050.0,29.757435842370878,1.2967938904624738,0.3902760744711947,3.44954191339114,0.02165760988412199,29.757435842370878,0.07719453976639207,1.9792172275298257,19.46466192212406,6.010262475147132,0.10877389800402,3.5989007544251947,0.0013970689349654805,0.34356623680742554,0.8438918819760345,0.008733676153834849,-117.98753630374725,0.3861008127762726,-0.06882591093117424,9.130395294030661,1.7628397953072976,1.583641926588739,-0.006916470552278493,-0.07557687321752657,0.22838622145172233,6.612330156217057,1.1196769959197281,0.43872193990137265,Beverages—Non-Alcoholic,Consumer Defensive,COKE
2016Q3,2016,Q3,2016-11-10,2016-10-02,23142000.0,849028000.0,39801000.0,2.47,327190000.0,0.3853700938,2254025000.0,269474000.0,580666000.0,434842000.0,1900084000.0,126039000.0,282445000.0,1351502560.0,2167853560.0,28.93525179856115,1.335349391273152,0.3862281917902419,3.230619651617596,0.022088704277330826,28.93525179856115,0.08587841498623244,1.5918233085363498,14.600105436003803,5.015335653903531,0.1005963183821623,4.14028991026587,0.0017225272588458878,0.3766719535053959,0.9279117472553249,0.010266966870376327,61.56065227293432,0.38537009380138226,0.47904191616766484,0.8166224144158214,0.6040478971143539,0.3754294041252584,0.023405805941064787,0.4785330948121646,0.05377283558379666,0.4215752641235486,0.9409768093112859,0.6318794684398323,Beverages—Non-Alcoholic,Consumer Defensive,COKE
2016Q2,2016,Q2,2016-08-12,2016-07-03,15652000.0,840384000.0,37770000.0,1.67,319707000.0,0.3804296607,2245750000.0,248353000.0,590464000.0,432780000.0,1915341000.0,126731000.0,261631000.0,1348708660.0,2181499660.0,26.667346719639212,1.3643514025601922,0.39279260826004675,3.551855624856555,0.01978468765412327,26.667346719639212,0.06302319682065448,1.6048718918970375,21.542113787375413,5.430611508618781,0.1487988755430616,4.108521198443948,0.0017268369879081223,0.37421084270288324,0.9486528952354545,0.0069696092619392185,40.17122356585453,0.380429660726525,2.721649484536082,0.08112812811059329,0.5237604917948726,0.3374784762358996,0.31082255697053685,2.732757666334551,8.951578947368422,0.3844615129768657,0.9457806160004458,0.6506046221772886,Beverages—Non-Alcoholic,Consumer Defensive,COKE
2016Q1,2016,Q1,2016-05-13,2016-04-03,-9033000.0,625456000.0,-4750000.0,-0.97,243898000.0,0.3899522908,2023863000.0,234731000.0,478686000.0,344970000.0,1708748000.0,110450000.0,248308000.0,1522082600.0,2303576600.0,25.245321574532156,1.3876163144621272,0.40224758296386665,3.4681997690973922,-0.0027570102803058517,25.245321574532156,-0.03848234787906157,2.4335566370775883,-42.1256116461862,6.48436976794714,-0.25716816118675967,3.4545767315527387,0.0015261983810865457,0.3090406811132967,0.9241615212917065,-0.004463246771150024,-29.269693473327948,0.38995229080862603,-3.1086956521739126,-2.5102352578728406,0.7193430264249027,0.7420369187750044,0.012840211622633987,-3.1051037054299697,-1.3116593399383243,-2.8454889030597914,0.619824733684281,0.6676140041652052,Beverages—Non-Alcoholic,Consumer Defensive,COKE
2015Q4,2015,Q4,2016-03-18,2016-01-03,4291000.0,619716000.0,15241000.0,0.46,240806000.0,0.3885747665,1850816000.0,243056000.0,436022000.0,326553000.0,1528384000.0,89464000.0,260672000.0,1626564600.0,2250729600.0,26.157554885923375,1.335225828579128,0.3672234300978595,2.7963226581528535,0.010263770155464194,26.157554885923375,0.0176543677177276,2.6246935693123947,94.76605686320205,6.692139260088211,0.5413656490328594,4.235334883305017,0.0014281633818908881,0.3348339327085999,0.8945500424127171,0.0023184368408312875,-68.75325893989348,0.3885747665059479,-0.8321167883211679,0.3656855655184215,1.126657977876042,1.3111174808314177,0.009516383271288191,-0.8320745117990059,-0.44948528083799894,0.31149806284976334,0.5918826041203641,0.7849772037134146,Beverages—Non-Alcoholic,Consumer Defensive,COKE
2015Q3,2015,Q3,2015-11-06,2015-09-27,25553000.0,618806000.0,27685000.0,2.74,238536000.0,0.3854778396,1710847000.0,234836000.0,415410000.0,476301000.0,1397955000.0,94148000.0,258704000.0,1787687879.9999998,2353558880.0,25.27292294446836,0.8721585719954399,0.3544221078798981,2.5820657820777053,0.021408565211127394,25.27292294446836,0.10881210717266518,2.8889310704808935,17.49,7.612495017799656,0.09090909090909091,4.0390661511662485,0.00129944383803732,0.36169569809573854,0.5905719282554519,0.014935876790852717,-230.16452684434142,0.38547783958138737,-0.05190311418685118,0.6261346810017382,0.5471319453203045,0.5905211977289143,0.005136589456296852,-0.051273483329620555,-0.4796150448299844,0.9483827760690545,0.13267422649599422,0.18040147781733878,Beverages—Non-Alcoholic,Consumer Defensive,COKE
2015Q2,2015,Q2,2015-08-07,2015-06-28,26934000.0,614683000.0,53201000.0,2.89,237317000.0,0.3860803048,1709991000.0,211184000.0,437917000.0,310451000.0,1422757000.0,99641000.0,235474000.0,1390361960.0,1969573960.0,22.727507533362033,1.4105833126644785,0.3643370052824839,2.9500956511856957,0.03705248241511657,22.727507533362033,0.12753807106598986,2.261917053180257,12.905268062671714,6.583651981210697,0.08628499294571916,3.7872562499372746,0.001671507180763202,0.3594656346144512,0.9572911667219626,0.01575096009277242,164.24831187241583,0.38608030480751865,11.041666666666668,1.2107321593962574,0.4558254171739819,0.5827147101401136,0.2871570132286181,11.110611510791367,3.5035977313129605,1.489465470066209,0.41767241453798976,0.4511770228143721,Beverages—Non-Alcoholic,Consumer Defensive,COKE
2015Q1,2015,Q1,2015-05-08,2015-03-29,2224000.0,453253000.0,11813000.0,0.24,184373000.0,0.4067772304,1572737000.0,186155000.0,340736000.0,239212000.0,1312519000.0,91129000.0,210864000.0,1053588889.9999999,1616818890.0,20.06629298264525,1.4244101466481616,0.3715770659684359,3.139281781311273,0.009432034173029987,20.06629298264525,0.011947033386156698,2.324505055675307,118.43400292266186,5.659739947892885,1.04181654676259,2.9505426373602255,0.0021991499929351,0.2881937666628305,0.8714696587127736,0.0014140953001042132,-32.28203848392928,0.40677723037685354,-0.25000000000000006,-0.5282513725161818,0.28928864266666326,0.5170404690327384,0.03322611015220461,-0.2561872909698997,-0.16462767838200976,-0.5161233643699024,0.19351237219076908,0.3640146629048782,Beverages—Non-Alcoholic,Consumer Defensive,COKE
2014Q4,2014,Q4,2015-03-13,2014-12-28,2990000.0,440638000.0,14141000.0,0.32,178444000.0,0.4049673428,1433076000.0,183609000.0,287001000.0,227420000.0,1176133000.0,70740000.0,210957000.0,815291740.0,1310005740.0,19.804659691511162,1.261986632662035,0.35155776804579797,2.7439232281641965,0.013128564677490575,19.804659691511162,0.016284604785168483,1.850252906013553,68.16820568561872,4.440369154017505,0.7752508361204014,3.706446140797286,0.0028431540346526758,0.307477063323927,0.7567188461876704,0.0020864210969969493,43.07331677937447,0.4049673428074746,-0.7538461538461538,0.8313441872288855,0.5153591949318879,0.9244193833923185,-0.03513533972813098,-0.7535443455324761,-0.5028826548548126,0.42229247125090263,0.45316720164056895,0.7195080043809815,Beverages—Non-Alcoholic,Consumer Defensive,COKE
2014Q3,2014,Q3,2014-11-07,2014-09-28,12132000.0,457676000.0,28446000.0,1.3,184942000.0,0.4040893558,1377125000.0,215821000.0,303850000.0,217811000.0,1088924000.0,80123000.0,210285000.0,695046870.0,1176256870.0,23.27915003775213,1.395016780603367,0.3661809930108015,2.3365520500785375,0.023652934695890606,23.27915003775213,0.05621325079579837,1.5186439096653528,14.322594584569732,3.2204784057158475,0.1909825255522585,3.4039414400359447,0.0033335881362936,0.33234165380775166,0.8873151493726212,0.008809657801579378,50.04657762096774,0.4040893557888113,-0.12162162162162159,-0.39430327778652013,-0.058817523311495305,0.5192784589335208,-0.0031155670547649847,-0.11978524269027062,-0.09013561924257932,-0.04333650385856184,-0.13140668968324007,0.10656812969431584,Beverages—Non-Alcoholic,Consumer Defensive,COKE
2014Q2,2014,Q2,2014-08-08,2014-06-29,13783000.0,459473000.0,31264000.0,1.48,185520000.0,0.4037669243,1379180000.0,205615000.0,314640000.0,237361000.0,1102758000.0,83313000.0,200470000.0,682994570.0,1175844570.0,22.17829791823967,1.3255758106849904,0.37393523687988517,2.508202222600491,0.025578751669642182,22.17829791823967,0.06703304719986382,1.486473786272534,12.388351048392947,3.321715682221628,0.16825074366973808,3.288238330152557,0.0033953417814141626,0.33314940761902,0.8468577398982984,0.00999361939703302,-4406.416580645161,0.40376692428064326,4.692307692307692,0.11778441616099716,0.2021752378053352,1.1391551981561066,0.18669762622095143,4.628011433238056,1.580389567514031,-0.04365607046064167,-0.1631223847097025,0.11233398721844556,Beverages—Non-Alcoholic,Consumer Defensive,COKE
2014Q1,2014,Q1,2014-05-09,2014-03-30,2449000.0,388582000.0,12116000.0,0.26,156333000.0,0.4023166282,1320264000.0,193598000.0,280440000.0,222337000.0,1057408000.0,76113000.0,189006000.0,786574880.0,1264952880.0,20.915946413137423,1.2613285238174483,0.37655499203189663,2.5679604128141817,0.010180006160326702,20.915946413137423,0.012649924069463527,2.024218517584448,80.29551653736219,4.062928749263939,0.944058799510004,3.0513709878732937,0.0029393260054274804,0.2943214387425545,0.7860320144645291,0.0018549320438942514,-31.310201417084627,0.4023166281505577,1.6341463414634145,-0.7158136698463188,0.14398549960074045,0.42482207258626276,-0.013759037056663764,1.6468568409931326,10.430188679245283,-0.588691603005902,0.07303686703174579,0.44329121477947575,Beverages—Non-Alcoholic,Consumer Defensive,COKE
2013Q4,2013,Q4,2014-03-14,2013-12-29,-3786000.0,394337000.0,1060000.0,-0.41,158514000.0,0.4019759749,1276156000.0,191320000.0,239215000.0,208816000.0,1016230000.0,61987000.0,188869000.0,679875000.0,1131669000.0,20.683243243243243,1.1455779250632137,0.36324320851055825,2.4229301693497804,0.0009000462330359958,20.683243243243243,-0.019788835458917,1.7240963947080796,-44.89401743264659,3.553601296257579,-0.6106708927628104,3.8043944698081855,0.003400625114910829,0.30900375816122794,0.720040609914949,-0.0029667219368165023,131.60569105691056,0.40197597486413905,-1.235632183908046,-3.6592762253779205,0.12581398966242885,1.4936224801509368,-0.09992504769692014,-1.234151771909209,-0.9649006622516556,-2.2104316826640824,0.35937706110291157,0.827441640788527,Beverages—Non-Alcoholic,Consumer Defensive,COKE
2013Q3,2013,Q3,2013-11-08,2013-09-29,16169000.0,434464000.0,30200000.0,1.74,176112000.0,0.4053546439,1315355000.0,164014000.0,280890000.0,225345000.0,1083534000.0,70255000.0,195766000.0,578680000.0,1033027000.0,17.73124324324324,1.2464887173001398,0.3646392038651163,2.9243235333569086,0.03368933915121411,17.73124324324324,0.09858304778860341,1.3319400456654638,8.947368421052632,3.528235394539491,0.14305151833755952,3.6773468080563663,0.00399702771825534,0.3303017056231968,0.7917903658834232,0.012292498983164242,15.281907729685479,0.4053546438830375,0.4380165289256199,4.692754213036566,-0.1821466580808341,-0.02519317086240004,0.034036931567976984,0.43993231810490696,0.12271831666604706,0.03363033541492301,0.09117423369282414,0.11589460002048117,Beverages—Non-Alcoholic,Consumer Defensive,COKE
2013Q2,2013,Q2,2013-08-09,2013-06-30,11229000.0,428979000.0,26899000.0,1.21,170315000.0,0.3970240968,1328208000.0,149444000.0,290968000.0,219532000.0,1112871000.0,75353000.0,181910000.0,566285000.0,1056498000.0,16.156108108108107,1.3254013082375236,0.38844668907279584,3.4523835015122724,0.022855342533865106,16.156108108108107,0.07513851342308825,1.320076274129969,12.607645382491762,3.7892789272235756,0.20598450440822869,3.4326967738510743,0.004084515747371024,0.32297576885548046,0.8404879470874406,0.008454248129810993,21.715047166193727,0.3970240967506568,1.3269230769230769,-0.46780225240086676,-0.2219178585256419,-0.15050623801810506,0.10810740473262676,1.3095433977786919,0.7367639462809917,-0.07414319409503337,0.02061417567279395,0.12509081445826578,Beverages—Non-Alcoholic,Consumer Defensive,COKE
2013Q1,2013,Q1,2013-05-10,2013-03-31,4862000.0,383551000.0,15488000.0,0.52,153699000.0,0.4007263702,1298242000.0,139820000.0,261923000.0,196451000.0,1093436000.0,74098000.0,172994000.0,563211280.0,1078057280.0,15.138588133391078,1.333273946174873,0.4057302105462618,3.767243598912888,0.014734272790053802,15.138588133391078,0.034773279931340294,1.468413014175429,28.959856026326616,4.02811672149907,0.47449609214315097,3.1020000539825636,0.004096153756011421,0.29543875487004734,0.792752391181516,0.0037450644795038214,-16.483106909772015,0.40072637015677187,0.4857142857142859,1.8068105197904194,-0.18290755204522718,-0.11646466010549703,-0.004372497959500952,0.496,0.10109483861794398,0.03589192876540199,0.09586289270927768,0.14449892973433304,Beverages—Non-Alcoholic,Consumer Defensive,COKE
2012Q4,2012,Q4,2013-03-14,2012-12-30,3250000.0,386700000.0,14066000.0,0.35,154374000.0,0.3992086889,1283474000.0,135259000.0,241312000.0,216312000.0,1084036000.0,65924000.0,170439000.0,613795000.0,1096363000.0,14.654279523293608,1.1155738008062428,0.38408802983153534,3.644615145757399,0.011083009180538632,14.654279523293608,0.024027975957237595,1.5872640289630204,47.215,4.537923539283892,0.7098461538461538,3.524149020083733,0.003758583892016064,0.30129165062946345,0.6579385332297792,0.0025321899781374614,565.1887661141805,0.39920868890612876,-0.6788990825688074,2.329981023148556,-0.18284122118991353,-0.19203484404863966,-0.09684779556304408,-0.6775473757317194,-0.48735330563452145,0.9994337886616179,0.33577309987727805,0.4239567861074181,Beverages—Non-Alcoholic,Consumer Defensive,COKE
2012Q3,2012,Q3,2012-11-09,2012-09-30,10079000.0,419855000.0,27438000.0,1.09,170928000.0,0.4071119791,1391016000.0,152892000.0,352151000.0,326425000.0,1175369000.0,74492000.0,172751000.0,492800410.00000006,974285410.0,21.410446716146197,1.0788113655510454,0.42713096039154114,3.8860502838605027,0.02044131515134266,21.410446716146197,0.06592235041728801,1.1737395291231498,12.223445034229588,3.223192907411768,0.22889175513443794,3.341660849487193,0.004681408442821709,0.3018333362089293,0.7898720992571034,0.007245782938514007,13.151865759274088,0.407111979135654,-0.06034482758620676,0.7784033368873138,0.0633544523405354,0.2874093433315413,-0.014329952195048814,-0.06215688099004373,-0.038915548705734,-0.3467072854550169,0.12094052691720338,0.3973203677639876,Beverages—Non-Alcoholic,Consumer Defensive,COKE
2012Q2,2012,Q2,2012-08-10,2012-07-01,10747000.0,430693000.0,28549000.0,1.16,173413000.0,0.4026371453,1374736000.0,144555000.0,331370000.0,319400000.0,1168561000.0,76776000.0,164979000.0,599857700.0,1116832700.0,15.661430119176599,1.0374765184721353,0.4330307782730648,4.118176472622877,0.02149268957251631,15.661430119176599,0.07434540486320086,1.3927732746991477,13.95407322973853,4.149684895022656,0.21475760677398345,3.351047202250703,0.003847579184196519,0.31329142468081145,0.7287476518472136,0.007817500960184355,24.87487870619946,0.40263714525195443,1.3673469387755102,-0.33829637914470234,-0.20596783570194094,-0.026663470260424503,0.11452241088988008,1.3542168674698796,0.5321740997155584,-0.12455992527426295,0.13188023293379794,0.5105861492843703,Beverages—Non-Alcoholic,Consumer Defensive,COKE
2012Q1,2012,Q1,2012-05-11,2012-04-01,4565000.0,377185000.0,18633000.0,0.49,155594000.0,0.4125137532,1358708000.0,135549000.0,311540000.0,310440000.0,1162692000.0,75895000.0,156540000.0,583246200.0,1121869200.0,14.711200347297591,1.0035433578147146,0.4388522037111727,4.398940604504644,0.012335945948654406,14.711200347297591,0.0336778581915027,1.5463133475615414,31.941193866374586,4.302843989996237,0.5042716319824754,2.919704855392318,0.003946875264682393,0.27760563711996983,0.6914605076665378,0.0033598094660515724,-17.798175160207506,0.4125137531980328,1.1304347826086956,-0.29236307457867594,-0.1943904128684069,0.008425383418614207,0.025040680400281963,0.7659574468085106,0.24493886550410904,-0.46785459238955296,0.11549439318743915,0.002146522803418559,Beverages—Non-Alcoholic,Consumer Defensive,COKE
2011Q4,2011,Q4,2012-03-16,2012-01-01,2585000.0,372859000.0,14967000.0,0.23,151793000.0,0.4071056351,1361170000.0,131301000.0,311813000.0,302515000.0,1169932000.0,66158000.0,154277000.0,667470000.0,1173985000.0,11.517631578947368,1.030735666000033,0.43879383177707415,4.54888386227066,0.008189563263273419,11.517631578947368,0.019687588061020098,1.7901405088786915,64.5522243713733,5.083510407384559,0.8905222437137331,3.341485534629221,0.003448844142807917,0.2739253730246773,0.729173759978844,0.0018991015082612751,27.469031647392896,0.40710563510603204,-0.7830188679245284,-0.760062219502244,-0.1260891507225735,0.11556254050877618,-0.06712923129870449,-0.7353603603603603,-0.40045665758692517,0.4732629596590346,-0.13626478827136,0.38859388180051874,Beverages—Non-Alcoholic,Consumer Defensive,COKE
2011Q3,2011,Q3,2011-11-14,2011-10-02,9768000.0,405858000.0,24964000.0,1.06,162716000.0,0.4009185479,1358068000.0,150227000.0,304194000.0,194331000.0,1148663000.0,74373000.0,154753000.0,371903280.0,901551280.0,21.037249684918077,1.5653395495314695,0.44047647098672527,3.9819539763158422,0.02097552191465236,21.037249684918077,0.0650216006443582,0.9163384237836879,9.51840909090909,2.475608778714878,0.23566748566748566,3.2692240463609106,0.006189781386171158,0.29884954214369236,1.0601550962018411,0.007192570622384152,8.116260311640696,0.40091854786649517,-0.11666666666666659,0.8390604993849706,0.01869329528291849,0.6932880538083505,-0.017255228811460806,-0.12007927213764526,-0.12160450387051372,3.8897188563144063,-0.010357251215133034,0.1565604496991808,Beverages—Non-Alcoholic,Consumer Defensive,COKE
2011Q2,2011,Q2,2011-08-12,2011-07-03,11101000.0,422893000.0,28420000.0,1.2,165573000.0,0.39152457,1352518000.0,142381000.0,290919000.0,191682000.0,1152176000.0,75157000.0,147287000.0,480803530.0,1053775530.0,19.938524016244223,1.5177168435220834,0.44298190486189465,4.208012305012607,0.021498908498311358,19.938524016244223,0.07796686355623292,1.136938965648521,10.827932843887938,3.376879850541856,0.20745878749662192,3.4237662493180943,0.004789898277161152,0.31267088497158635,0.980478083492451,0.008207654168003679,-325.3068538565629,0.391524570044905,0.8749999999999999,0.5923276340810015,0.39433521653926656,1.279182059420237,0.110028760869128,0.8773888043294436,0.4818290838938422,-0.31848290717249295,-0.006420525607948995,0.04837450093722346,Beverages—Non-Alcoholic,Consumer Defensive,COKE
2011Q1,2011,Q1,2011-05-12,2011-04-03,5913000.0,359629000.0,19179000.0,0.64,149161000.0,0.414763548,1331105000.0,133209000.0,268309000.0,174287000.0,1140818000.0,72606000.0,138489000.0,630663120.0,1200253120.0,14.491840731070496,1.5394665121322875,0.4507322863335349,4.503989970647629,0.014712940618705221,14.491840731070496,0.04438889264238903,1.7536492329595221,26.66426179604262,4.734388217012364,0.3882969727718586,2.898768696801917,0.0036406124398078014,0.27017327708933553,0.9461233482703816,0.004442173983269539,-51.91070211540045,0.41476354798973386,0.8823529411764705,6.18496732287879,0.06893577463963727,0.7644280311228999,-0.02501503385886475,0.5475006542789845,0.26352197114434417,1.9859125281198333,-0.23020215479869696,-0.15421086080137406,Beverages—Non-Alcoholic,Consumer Defensive,COKE
2010Q4,2010,Q4,2011-03-18,2011-01-02,3821000.0,354376000.0,15179000.0,0.34,152988000.0,0.4317109511,1307622000.0,127895000.0,264699000.0,176740000.0,1123205000.0,64870000.0,134872000.0,643535000.0,1179987000.0,11.318141592920353,1.497674550186715,0.4453305313003299,4.553141248680558,0.011499179477225244,11.318141592920353,0.029876070213847295,1.8159666568842134,42.105142632818634,5.031744790648579,0.6008898194190002,3.1044858948666563,0.003567793515504207,0.27100798242917296,0.9650843046282676,0.0029220982822252915,35.23709138695724,0.43171095108020857,-0.7518248175182481,0.6018159789563882,-0.20222060634439668,0.37081865061856434,-0.1162739650063252,-0.7540075967295435,-0.549076109559741,2.277210200888478,-0.38832625728976583,-0.3759731399508496,Beverages—Non-Alcoholic,Consumer Defensive,COKE
2010Q3,2010,Q3,2010-11-12,2010-10-03,15533000.0,395364000.0,33662000.0,1.37,173117000.0,0.437867383,1316665000.0,145947000.0,287528000.0,187192000.0,1114400000.0,62686000.0,133347000.0,483773950.0,1036621950.0,15.889711486118673,1.5360058122141973,0.44299195315437107,3.996464469978828,0.029566050525509993,15.889711486118673,0.10642904616059254,1.223616591293087,7.786228513487414,3.314723495515495,0.1478787098435589,3.545400886960406,0.004748085340271008,0.30027683579346304,1.0124631394504038,0.011797230123076105,12.30069287294363,0.43786738296860617,0.045801526717557293,0.7471002118519187,0.09084315353026315,0.8086676119204468,0.030409266225417838,0.2897949016025907,0.12891542021597693,1.130826229202888,-0.2215051951845438,-0.04455225520143672,Beverages—Non-Alcoholic,Consumer Defensive,COKE
2010Q2,2010,Q2,2010-08-13,2010-07-04,12043000.0,417361000.0,29818000.0,1.31,168008000.0,0.4025483934,1328477000.0,131895000.0,293275000.0,198502000.0,1141942000.0,72105000.0,120111000.0,424714400.0,1014618400.0,14.359825802939575,1.4774410333397145,0.45481028275235474,4.580954547177679,0.02385238692972304,14.359825802939575,0.09130747943439857,1.0176188000316273,8.816623764842648,3.220094772356799,0.19065017022336628,3.4581929131128217,0.005405985763609616,0.3141650175351173,0.9424942821734794,0.009065267972272008,-217.0231987736331,0.40254839335730935,2.195121951219513,0.03387982733599152,0.153575325527805,0.7799623042441718,0.14522538734722534,1.584334763948498,0.6885440851690356,-0.2548675295034771,-0.22677713804008381,-0.10755640395930466,Beverages—Non-Alcoholic,Consumer Defensive,COKE
2010Q1,2010,Q1,2010-05-13,2010-04-04,4660000.0,347498000.0,17659000.0,0.41,146703000.0,0.4221693362,1336187000.0,121294000.0,289580000.0,192416000.0,1161614000.0,64734000.0,110364000.0,539012600.0,1125809600.0,13.227262813522355,1.5049684017961085,0.4753241874079002,5.2362194337724866,0.012518377579415775,13.227262813522355,0.038419047933121175,1.5511243230176863,28.91698497854077,4.443852127887612,0.49163090128755366,3.1018475607872213,0.0042503644627231345,0.2600668918347507,0.9757816397804756,0.003487535801500838,-238.60672864099158,0.4221693362263956,1.2777777777777777,5.419733575197589,0.12389635807723509,0.87641700717223,-0.056074585955294756,1.3417085427135678,0.07755674884061509,-0.27417070284482853,-0.254236035610806,-0.09329577060954487,Beverages—Non-Alcoholic,Consumer Defensive,COKE
2009Q4,2009,Q4,2010-03-18,2010-01-03,1990000.0,354420000.0,16388000.0,0.18,155418000.0,0.4385136279,1283077000.0,116291000.0,230249000.0,161982000.0,1113982000.0,59122000.0,107995000.0,605567000.0,1188821000.0,10.291238938053098,1.4214480621303602,0.4684239527323769,5.168276134868562,0.0071749197168277925,10.291238938053098,0.017112244283736488,1.7086140736978725,76.07625628140704,5.2073419267183185,1.150753768844221,3.365955143601367,0.0037815799077558715,0.27622660214468814,0.8125038584534084,0.001550959139630747,79.63795370857443,0.43851362789910275,-0.8928571428571429,-0.30983360392703885,-0.10445336763998797,0.45331669231805577,-0.012090007627765065,-0.8710137412496759,-0.3767873440827502,-0.8136550730603005,-0.1619554046491981,-0.0032220968326376726,Beverages—Non-Alcoholic,Consumer Defensive,COKE
2009Q3,2009,Q3,2009-11-06,2009-09-27,15428000.0,374556000.0,26296000.0,1.68,157320000.0,0.4200173005,1299866000.0,109418000.0,253472000.0,179847000.0,1138069000.0,67762000.0,108295000.0,347909520.0,939735520.0,15.32250385100126,1.4093757471628663,0.47457814882457117,5.637902356102287,0.03128190418091603,15.32250385100126,0.1410005666343746,0.9288584884503251,5.637631578947368,3.179636988429692,0.14849624060150377,3.2058675954074554,0.006585045445149072,0.2881497015846249,0.8662919036736781,0.011868915719004882,19.694849702802152,0.4200173004837728,0.5555555555555554,2.2057049567661657,0.4793479085202978,1.0940008203269815,-0.017529835692918747,0.2659391154508903,-0.1428385162005346,1.9046913784307256,-0.05987393150316414,0.23330820872148214,Beverages—Non-Alcoholic,Consumer Defensive,COKE
2009Q2,2009,Q2,2009-08-07,2009-06-28,12187000.0,377749000.0,30678000.0,1.08,160127000.0,0.4238978793,1339890000.0,95000000.0,290359000.0,204189000.0,1193470000.0,77385000.0,95158000.0,511112140.0,1122838140.0,10.367783477027174,1.4220109800234098,0.48151639313675004,6.7913578947368425,0.023731058641382106,10.367783477027174,0.12828421052631578,1.3530469703427408,10.484781734635266,5.3801277894736845,0.18790514482645443,2.8121987465271046,0.004480425763316833,0.2819253819343379,0.8605801487837249,0.00909552276679429,33.14390376758965,0.42389787927962747,0.4594594594594596,0.13470749394466533,0.1196108393169584,0.5040131516974354,0.08834424212765668,0.42855468292111126,0.4511139491982404,0.3623493445374713,-0.029352881146589717,0.18514620628598796,Beverages—Non-Alcoholic,Consumer Defensive,COKE
2009Q1,2009,Q1,2009-05-08,2009-03-29,8531000.0,336261000.0,21141000.0,0.74,147129000.0,0.4375440506,1318352000.0,134510000.0,264654000.0,244268000.0,1183842000.0,72924000.0,85261000.0,474185250.0,1093320250.0,14.679690057841318,1.0834575138781994,0.49844882095221915,4.88536911753773,0.018309299965749218,14.679690057841318,0.06342279384432384,1.4101702249145753,13.895945668737546,3.5252787896810647,0.26854999413902236,2.5935494487411552,0.004831445094506841,0.25506162238916463,0.6896891938362781,0.0064709576804980766,-104.76916703490942,0.437544050603549,3.933333333333333,2.0189256902956334,0.17636883026356784,1.459687385498269,-0.0030627248765084936,5.024717514124294,0.6073139207785296,9.398942800767824,0.0026416375712654326,0.7872992884002024,Beverages—Non-Alcoholic,Consumer Defensive,COKE
2008Q4,2008,Q4,2009-03-13,2008-12-28,1416000.0,348375000.0,13153000.0,0.15,147581000.0,0.4236268389,1315772000.0,76309000.0,248318000.0,346096000.0,1189066000.0,65497000.0,79021000.0,404708000.0,1028365000.0,8.29445652173913,0.7174830104941982,0.5084953928188166,8.76782555137664,0.008488703122928704,8.29445652173913,0.018556133614645715,1.1617021887334051,71.45268361581921,5.303542177200592,1.6144067796610169,3.0656976655419332,0.005648516955434535,0.26476851612589414,0.4672114095511072,0.0010761742915945923,14.940490253987006,0.423626838894869,1.441176470588235,-0.6097979179424372,0.16807693379483554,0.4226655872780183,-0.05291765868559364,1.4502384737678855,1.0414403228309794,-0.2708960459905393,-0.0367120878634711,0.0045991741132654345,Beverages—Non-Alcoholic,Consumer Defensive,COKE
2008Q3,2008,Q3,2008-11-07,2008-09-28,-3145000.0,381563000.0,6443000.0,-0.34,155827000.0,0.4083912748,1317689000.0,120851000.0,235292000.0,349122000.0,1147107000.0,65595000.0,79891000.0,272536880.0,921683880.0,18.189494280553884,0.6739535176814981,0.5082610540119862,5.541782856575453,0.00637820360045383,18.189494280553884,-0.02602378135058874,0.7142644333963198,-21.66429888712242,2.255147909409107,-0.7268680445151033,3.4413598597454076,0.008387855617925911,0.28956984538840347,0.43068898551222784,-0.0023867543858983415,7.134473298429319,0.4083912748353483,-1.206060606060606,-1.3091571033844986,0.5948337465671436,1.925992542675551,-0.09339655573656039,-1.207522269877928,-0.8220509846162344,-1.4890268005394867,0.4553953393884819,1.070443457150907,Beverages—Non-Alcoholic,Consumer Defensive,COKE
2008Q2,2008,Q2,2008-08-08,2008-06-29,15155000.0,396003000.0,36207000.0,1.65,171880000.0,0.4340371159,1340808000.0,126359000.0,248351000.0,286553000.0,1165423000.0,69467000.0,85322000.0,245695119.99999997,936758120.0,19.018512944009633,0.8666843480961637,0.5223611434299318,5.542826391471917,0.024406224305267583,19.018512944009633,0.119936055207781,0.6204375219379651,4.053037281425272,1.9444212125768643,0.1508413064995051,3.2263232901953445,0.009304214100792886,0.29534653731182986,0.54523595983989,0.011302886020966463,16.80541176470588,0.43403711588043525,4.510638297872341,0.7333724368736054,0.694060748982068,2.8538197179438254,0.22843379693820667,4.4959630911188,8.852244897959183,0.7986259411001658,0.5131504338463675,1.3574266559826345,Beverages—Non-Alcoholic,Consumer Defensive,COKE
2008Q1,2008,Q1,2008-05-09,2008-03-30,-4335000.0,337674000.0,3675000.0,-0.47,139918000.0,0.4143582272,1319622000.0,113839000.0,228592000.0,195054000.0,1158117000.0,65556000.0,72453000.0,409403280.0,1112603280.0,17.1341059602649,1.1719421288463707,0.5404047522699682,6.264373369407672,0.0027452955677370753,17.1341059602649,-0.038080095573573204,1.2124216848202705,-23.610339100346017,3.5963358778625953,-0.5273356401384083,3.0165964976508635,0.005583736407778658,0.2558869130705611,0.7082910373537584,-0.0032850316226919526,-13.145072403275003,0.41435822716584636,-0.8076923076923075,-5.193512205892358,0.6700600985939402,3.427216418043188,-0.035985696667378615,-1.4644684479818078,-0.4429286039108686,-9.242517954648028,0.5073402246597606,1.4306410388749624,Beverages—Non-Alcoholic,Consumer Defensive,COKE
2007Q4,2007,Q4,2008-03-13,2007-12-30,-1759000.0,340640000.0,6597000.0,-0.26,145141000.0,0.426083255,1291799000.0,120504000.0,198329000.0,159297000.0,1123290000.0,63534000.0,79227000.0,391198720.0,1060392720.0,18.137266706803132,1.2450265855603055,0.5256738857980228,5.635207130053774,0.005412285962636832,18.137266706803132,-0.014597025824868885,1.148422733677783,-55.599590676520755,3.2463546438292505,-1.296759522455941,3.077076840746687,0.00583079617438421,0.26369427441885307,0.7158766329560506,-0.0013616669466379832,22.88113236240276,0.42608325504931893,-1.4482758620689655,-1.7169342697898051,0.5954004009445784,3.966543960849125,-0.0648854470015205,-1.333586193817561,-0.6740612648221344,-2.037565189344028,0.4639102365566175,1.5613235312762226,Beverages—Non-Alcoholic,Consumer Defensive,COKE
2007Q3,2007,Q3,2007-11-08,2007-09-30,5273000.0,367360000.0,20240000.0,0.58,155212000.0,0.4225065331,1387123000.0,110494000.0,294032000.0,252305000.0,1228666000.0,62822000.0,83267000.0,410134120.0,1094023120.0,16.63064419024684,1.1653831671984305,0.556755961800071,6.9894202400130325,0.013889862730867876,16.63064419024684,0.0477220482560139,1.1164365200348432,19.445008534041342,3.711822542400492,0.43258107339275553,3.3769698513259687,0.005561595314235256,0.26483592298592123,0.8529755652880442,0.003801393243425421,20.499531164092566,0.4225065331010453,-0.546875,-0.2625118504919031,0.47158876663494625,2.451510889776352,-0.08315907614153228,-0.5489692926182533,-0.37711577522004064,0.17760895394045056,0.5594621533963854,1.272773622090974,Beverages—Non-Alcoholic,Consumer Defensive,COKE
2007Q2,2007,Q2,2007-08-09,2007-07-01,11691000.0,390443000.0,32494000.0,1.28,169290000.0,0.4335844157,1399981000.0,106905000.0,297873000.0,263369000.0,1245223000.0,66347000.0,80275000.0,335522000.0,1037276000.0,16.090457555689344,1.131010103694816,0.5520810639572966,7.2298115148964035,0.02082047188397288,16.090457555689344,0.10935877648379402,0.8593367021562687,7.174792575485416,3.138506150320378,0.19510734753228978,3.333278068337679,0.006798361955400838,0.2788916421008571,0.8128595240897751,0.00835082761837482,20.75864629091134,0.4335844156509401,1.5098039215686274,0.4334242871092328,0.513263073218816,3.7707614652391546,0.11749212824524229,1.513652977854225,0.5812934936006618,0.5012286195544378,0.5959874606862718,1.3341787407316932,Beverages—Non-Alcoholic,Consumer Defensive,COKE
2007Q1,2007,Q1,2007-05-11,2007-04-01,4651000.0,337556000.0,20549000.0,0.51,151491000.0,0.4487877567,1377821000.0,96910000.0,264209000.0,252007000.0,1234228000.0,63746000.0,70865000.0,380843190.0,1102311190.0,14.588288423904862,1.0484192899403588,0.5635761103946013,8.012661232070993,0.01310942391405001,14.588288423904862,0.04799298318027036,1.128237062887343,20.471037948828208,3.9298647198431533,0.4904321651257794,2.9188498101841684,0.005989341702552171,0.24499263692453518,0.7258528532937577,0.0033756199099883076,-63.52680400333611,0.44878775669814785,-0.46315789473684205,0.8183210699938599,0.5741261254145558,5.570983947369583,0.0001056279914177257,-0.4591860465116279,0.05677552069940859,1.2702425273405742,0.6288694368096295,1.4443723859906779,Beverages—Non-Alcoholic,Consumer Defensive,COKE
