Year,Date,FillingDate,NetIncome,Revenue,OperatingIncome,EPSDiluted,GrossProfit,GrossProfitRatio,TotalAssets,CommonStockEquity,CurrentAssets,CurrentLiability,TotalLiability,Inventory,RetainedEarnings,EnterpriseValue,bookValuePerShare,currentRatio,debtToAssets,debtToEquity,roic,shareholdersEquityPerShare,roe,priceToSalesRatio,peRatio,pbRatio,payoutRatio,inventoryTurnover,dividendYield,assetTurnover,quickRatio,returnOnAssets,priceToFreeCashFlowsRatio,grossProfitMargin,epsdilutedGrowth,fiveYNetIncomeGrowthPerShare,fiveYRevenueGrowthPerShare,fiveYShareholdersEquityGrowthPerShare,grossProfitGrowth,netIncomeGrowth,operatingIncomeGrowth,threeYNetIncomeGrowthPerShare,threeYRevenueGrowthPerShare,threeYShareholdersEquityGrowthPerShare,Industry,Sector,Price,MarketCap,AvgVolume,Symbol
2022,2022-12-31,2023-02-22,430158000.0,6200957000.0,641047000.0,45.74,2277954000.0,0.3673552324,3709545000.0,1115388000.0,1245801000.0,905156000.0,2594157000.0,347545000.0,1112462000.0,5360251640.0,118.98741199061233,1.3763384433180579,0.20353897850005864,0.6769276700125876,0.23659558946598983,118.98741199061233,0.385657726280003,0.7745357111813548,11.165345384719103,4.306001714201695,0.02179199270965552,11.28775554244774,0.0019517526739011631,1.6716219913763009,0.888236944791837,0.11595977404236908,21.322743311756923,0.36735523242622065,1.2677243430837877,3.434588712235036,0.42730413879403434,2.027072572444171,0.1656786172459442,1.2690051693216584,1.2212454694765729,22.166726634749086,0.2842117579463336,2.213447538426173,Beverages—Non-Alcoholic,Consumer Defensive,636.92,5970289998,38026,COKE
2021,2021-12-31,2022-02-22,189580000.0,5562714000.0,288598000.0,20.17,1954187000.0,0.3513010016,3445570000.0,711786000.0,1076662000.0,834856000.0,2733784000.0,302851000.0,724486000.0,6599956870.000001,75.94004054198228,1.2896379734948302,0.2724086290512165,1.318658978962778,0.11494373495142939,75.94004054198228,0.26634409780467727,1.043315883218156,30.61329185568098,8.153669600132625,0.04944614410802827,11.915189317519177,0.001615185467186288,1.6144539219925875,0.8251279262531502,0.05502137527317686,15.854330332020261,0.35130100163337535,0.10218579234972683,2.7547466274186196,0.7503111437174927,1.5508724661092157,0.10474139709843751,0.09905909225301897,-0.07907383415555655,13.477883202925291,0.19970317931688758,0.9823147659393956,Beverages—Non-Alcoholic,Consumer Defensive,636.92,5970289998,38026,COKE
2020,2020-12-31,2021-02-26,172493000.0,5007357000.0,313378000.0,18.3,1768909000.0,0.3532620103,3222450000.0,512990000.0,851237000.0,647060000.0,2709460000.0,225757000.0,544280000.0,3596953710.0,54.73060919662861,1.31554569900782,0.35873264131328647,2.253451334334003,0.12562648124346146,54.73060919662861,0.3362502193025205,0.49841637215001844,14.468695599241707,4.865102068266438,0.054344234258781515,14.34483980563172,0.00375598711618687,1.5538975003491133,0.8421243779556764,0.05352852643175224,8.534604226011963,0.35326201027807685,8.289340101522845,1.8969989111501513,1.1513278263866797,1.0914435283156416,0.05890863943892315,8.293803879310344,2.906725674749112,0.7784561051310224,0.152690444738548,0.3923617902148021,Beverages—Non-Alcoholic,Consumer Defensive,636.92,5970289998,38026,COKE
2019,2019-12-29,2020-02-25,18560000.0,4826549000.0,80215000.0,1.97,1670502000.0,0.3461069182,3126926000.0,346952000.0,830276000.0,622195000.0,2675810000.0,225926000.0,381161000.0,3867831000.0,37.027961579509075,1.3344305241925762,0.3740142875143192,3.3708265120247183,0.02626718367632494,37.027961579509075,0.05349443150637552,0.5610488984986995,145.90140086206895,7.8049124951001865,0.5047952586206896,13.969383780529908,0.0034598383266923444,1.5435443627383572,0.8596806467425807,0.005935541806873588,22.75647920938519,0.34610691821423545,2.216049382716049,-0.4145570372111112,1.7333816727525395,0.8688523980704137,0.07378615064999178,2.224597519134336,0.3853580187212877,-0.6322902758949204,0.5191626409255645,0.24379190470806214,Beverages—Non-Alcoholic,Consumer Defensive,636.92,5970289998,38026,COKE
2018,2018-12-30,2019-02-27,-15156000.0,4625364000.0,57902000.0,-1.62,1555712000.0,0.336343691,3009928000.0,358187000.0,797418000.0,601737000.0,2554762000.0,210033000.0,359435000.0,2784606000.0,38.30877005347594,1.325193564630395,0.3786306516302051,3.1817207212992096,0.04308089418153106,38.30877005347594,-0.04231309344001876,0.35856702304942917,-109.42880707310637,4.6302713387141345,-0.6171153338611771,14.615093818590411,0.005639423021845604,1.5367025390640574,0.8697188306519293,-0.00503533639342868,54.12162250358961,0.3363436910046431,-1.1572815533980583,-1.541550854310682,1.7867115779587215,0.8513636207110522,0.009581770171199919,-1.157000051794686,-0.3979766892980796,-1.2551693217324094,0.9920992002075474,0.46390896030826034,Beverages—Non-Alcoholic,Consumer Defensive,636.92,5970289998,38026,COKE
2017,2017-12-31,2018-02-28,96535000.0,4323668000.0,96179000.0,10.3,1540947000.0,0.3563980861,3072960000.0,366702000.0,794538000.0,639452000.0,2614053000.0,183618000.0,388718000.0,2599039650.0,29.77022236545279,1.2967938904624738,0.3902760744711947,3.44954191339114,0.06096288379654189,29.77022236545279,0.18094691680107963,0.5274679637869135,33.20134507238863,6.0076810244974395,0.18559805368324492,13.51909051012518,0.005590076344153738,1.2886093560929568,0.8438918819760345,0.020472066769980944,-157.20089226701916,0.3851575261656531,-0.15323854660347547,0.3446362090834614,0.5508953667613629,0.6190977822842048,0.34925507640128206,-0.15009660689468154,0.3027694000652103,0.7996975506117721,0.9100756753542497,0.4387177294113342,Beverages—Non-Alcoholic,Consumer Defensive,636.92,5970289998,38026,COKE
2016,2017-01-01,2017-03-14,50146000.0,3156428000.0,127859000.0,5.36,1215722000.0,0.3851575262,2449484000.0,277131000.0,593811000.0,457907000.0,2086460000.0,143553000.0,301511000.0,2250029400.0,26.16881998277347,1.335225828579128,0.3672234300978595,2.7963226581528535,0.0658171052956936,26.16881998277347,0.2427506418273978,0.704918277289246,27.556089624080542,6.689258442498849,0.15740144401884681,15.70940266475901,0.005712038470120878,1.246184385697984,0.8945500424127171,0.03187891178809779,-29.243743367447884,0.3906561489522029,0.8783382789317506,0.6175023637686115,0.5052743647581215,0.8785404922932345,0.2776264500403409,0.8818013650570901,0.14164737631882002,1.1533653647905941,0.4191123120009867,0.7849720400200211,Beverages—Non-Alcoholic,Consumer Defensive,636.92,5970289998,38026,COKE
2015,2016-01-03,2016-03-18,59002000.0,2306458000.0,98144000.0,6.33,901032000.0,0.390656149,1850816000.0,243056000.0,436022000.0,326553000.0,1528384000.0,89464000.0,260672000.0,,,,,,,,,,,,,,,,,,,,,,,,,,,,,,Beverages—Non-Alcoholic,Consumer Defensive,636.92,5970289998,38026,COKE
2014,2014-12-28,2015-03-13,31354000.0,1746369000.0,85967000.0,3.37,705239000.0,0.4038316072,1433076000.0,183609000.0,287001000.0,227420000.0,1176133000.0,70740000.0,210957000.0,1309653980.0,19.81320815797993,1.261986632662035,0.35155776804579797,2.7439232281641965,0.07471293731789087,19.81320815797993,0.170765049643536,0.46664821695758457,25.991579383810677,4.438453343790337,0.2955284812145181,14.71769861464518,0.01137016249957451,1.2186157607830987,0.7567188461876704,0.021878811730850285,108.09656187823319,0.40383160718038397,0.13087248322147654,-0.1869753135591987,0.1967951305993834,0.5613266680975145,0.07075033402162031,0.13293586269196025,0.16728447866172416,-0.15545007645420514,-0.13804123125043188,0.07757076835770234,Beverages—Non-Alcoholic,Consumer Defensive,636.92,5970289998,38026,COKE
2013,2013-12-29,2014-03-14,27675000.0,1641331000.0,73647000.0,2.98,658640000.0,0.4012840798,1276156000.0,191320000.0,239215000.0,208816000.0,1016230000.0,61987000.0,188869000.0,1131375000.0,20.692191217823925,1.1455779250632137,0.36324320851055825,2.4229301693497804,0.07423048738878053,20.692191217823925,0.1446529374869329,0.41404262759918625,24.555772357723576,3.552064603805143,0.33405600722673895,15.853178892348396,0.013603970681934897,1.2861523199358071,0.720040609914949,0.021686220179977997,19.448829488867265,0.40128407981083647,0.01360544217687076,2.0106363439934714,0.1090513343479052,1.4795161317247243,0.0066191967403780175,0.016827717970386156,-0.169575806778973,-0.23786108399965247,0.0760553341239951,0.4853982373888069,Beverages—Non-Alcoholic,Consumer Defensive,636.92,5970289998,38026,COKE
2012,2012-12-30,2013-03-14,27217000.0,1614433000.0,88686000.0,2.94,654309000.0,0.4052871813,1283474000.0,135259000.0,241312000.0,216312000.0,1084036000.0,65924000.0,170439000.0,924620550.0,18.386920599355832,1.030735666000033,0.43879383177707415,4.54888386227066,0.06774348634234706,18.386920599355832,0.21788105193410562,0.2678036802821349,14.614987066554809,3.18432875606431,0.3216932326621924,14.087427068532905,0.022011188323139936,1.146983110118501,0.729173759978844,0.02101721313281956,7.400884164690056,0.40304079003919324,-0.03134796238244517,0.14541094866139184,0.01529969442161015,0.3005390500164466,-0.01805978627250256,-0.20658956651967716,-0.09123943603480139,3.029517290599395,0.36590257592990916,1.2032788001482098,Beverages—Non-Alcoholic,Consumer Defensive,636.92,5970289998,38026,COKE
2011,2012-01-01,2012-03-16,28608000.0,1561239000.0,87530000.0,3.09,629243000.0,0.40304079,1361170000.0,131301000.0,311813000.0,302515000.0,1169932000.0,66158000.0,154277000.0,1059309950.0,13.930399738590568,1.497674550186715,0.4453305313003299,4.553141248680558,0.08088746053162141,13.930399738590568,0.28192658039798274,0.3452121320560756,14.500872230080152,4.0881813206145665,0.2545968882602546,13.469754894404193,0.017557349945620984,1.1582850395603623,0.9650843046282676,0.027574482533943297,9.795749962529976,0.42309284503687117,-0.053412462908011916,0.5542730035177542,0.08568485619337261,0.6840554319697891,0.03358419597609009,-0.054515418502202644,0.019205739500333323,0.8046505364712413,0.048187116741787425,0.0547447986365626,Beverages—Non-Alcoholic,Consumer Defensive,636.92,5970289998,38026,COKE
2010,2011-01-02,2011-03-18,36057000.0,1514599000.0,96318000.0,3.19,640816000.0,0.423092845,1307622000.0,127895000.0,264699000.0,176740000.0,1123205000.0,64870000.0,134872000.0,1074352760.0,12.689982540375382,1.4214480621303602,0.4684239527323769,5.168276134868562,0.08594356463495115,12.689982540375382,0.3279359537711431,0.34033508294605774,12.877563457100903,4.223016054552803,0.24024543738200127,13.920232739081898,0.018656125297485986,1.1246293090749815,0.8125038584534084,0.029722300376360887,13.579768830881541,0.4296604402260313,2.404040404040404,0.7262764713337866,0.13577615227077325,0.7847780344732552,0.0077827589457840135,3.1949180508194917,0.5888731968122667,0.1898245468477923,-0.2687583261830538,-0.10241534200331033,Beverages—Non-Alcoholic,Consumer Defensive,636.92,5970289998,38026,COKE
2009,2010-01-03,2010-03-18,38136000.0,1442986000.0,94503000.0,3.37,619994000.0,0.4296604402,1283077000.0,116291000.0,230249000.0,161982000.0,1113982000.0,59122000.0,107995000.0,,,,,,,,,,,,,,,,,,,,,,,,,,,,,,Beverages—Non-Alcoholic,Consumer Defensive,636.92,5970289998,38026,COKE
2008,2008-12-28,2009-03-13,9091000.0,1463615000.0,59478000.0,0.99,615206000.0,0.420333216,1315772000.0,76309000.0,248318000.0,346096000.0,1189066000.0,65497000.0,79021000.0,1025901560.0,8.345253718285214,0.7174830104941982,0.5084953928188166,8.76782555137664,0.03770330625443196,8.345253718285214,0.1191340470979832,0.2748294872627023,44.24645913540865,5.271259746556763,1.005829941700583,12.953402445913554,0.022732439190725165,1.1123621721696464,0.4672114095511072,0.006909251754863305,8.248970736008859,0.42033321604383667,-0.543778801843318,-0.7071756697652152,0.1954827310343212,0.4382171324602301,-0.009543834341704045,-0.5421535052377116,-0.27362211936543607,-0.6065376861496513,0.05338404499682369,0.008863357776567231,Beverages—Non-Alcoholic,Consumer Defensive,636.92,5970289998,38026,COKE
TTM,,,,,,,,,,,,,,,,6428993998.0,131.6676978877747,1.6658486908900716,0.1969855475242092,0.6064275314704521,0.21605305169852107,131.6676978877747,0.4261077964345748,0.9375100593711827,13.124980665867946,4.837329202359646,0.08757625386078106,11.78062215212577,0.007065251522954218,1.675987414779344,1.1420804233455373,0.11971881953683125,16.544569787258805,0.3760039860300513,,,,,,,,,,,Beverages—Non-Alcoholic,Consumer Defensive,636.92,5970289998,38026,COKE
