Quarters,Year,Quarter,FillingDate,Date,NetIncome,Revenue,OperatingIncome,EPSDiluted,GrossProfit,GrossProfitRatio,TotalAssets,CommonStockEquity,CurrentAssets,CurrentLiability,TotalLiability,Inventory,RetainedEarnings,MarketCap,EnterpriseValue,bookValuePerShare,currentRatio,debtToAssets,debtToEquity,roic,shareholdersEquityPerShare,roe,priceToSalesRatio,peRatio,pbRatio,payoutRatio,inventoryTurnover,dividendYield,assetTurnover,quickRatio,returnOnAssets,priceToFreeCashFlowsRatio,grossProfitMargin,epsdilutedGrowth,fiveYNetIncomeGrowthPerShare,fiveYRevenueGrowthPerShare,fiveYShareholdersEquityGrowthPerShare,grossProfitGrowth,netIncomeGrowth,operatingIncomeGrowth,threeYNetIncomeGrowthPerShare,threeYRevenueGrowthPerShare,threeYShareholdersEquityGrowthPerShare,Industry,Sector,Symbol
2023Q1,2023,Q1,2023-05-15,2023-03-31,-7432000.0,3082000.0,-7012000.0,-0.34,-56000.0,-0.0181700195,84241000.0,37385000.0,7819000.0,25037000.0,34062000.0,1468000.0,-228831000.0,5839918.532000001,20033918.532,1.7290803706711708,0.3122977992570995,0.2225400933037357,0.5014578039320583,-0.11515785039827156,1.7290803706711708,-0.19879630867995185,1.8948470253082417,-0.19644505287944025,0.1562102054834827,-0.017626480086114102,2.137602179836512,0.022431819773200905,0.03658551061834499,0.19990414187003236,-0.08822307427499673,-1.4833422738125477,-0.018170019467878003,0.8152173913043478,-323.0425171451142,-0.15954154856243752,2.2562055442633224,0.9741578218735579,0.7310851394869197,0.7387870660110267,-23.012953996839645,-0.13818871919030803,0.0,Scientific & Technical Instruments,Technology,SLNH
2022Q4,2022,Q4,2023-03-31,2022-12-31,-27637000.0,4183000.0,-26844000.0,-1.84,-2167000.0,-0.518049247,84961000.0,41866000.0,4642000.0,29516000.0,38689000.0,888000.0,-221769000.0,3908936.859,25650936.859,2.794324849441115,0.15727063287708362,0.26927649156671885,0.5464577461424545,-0.413024627666327,2.794324849441115,-0.6601299383748149,0.9344816779823094,-0.035359634357925974,0.09336781299861464,-0.07710677714657886,7.150900900900901,0.5451610186778921,0.04923435458622191,0.049329177395311015,-0.3252904273725592,-1.408118465057637,-0.5180492469519483,0.5183246073298429,-50.767758132629645,0.2679007996080796,4.148569429322303,0.5500415282392026,0.5077391660581017,0.3565058970179308,-689.6394744964937,0.4387646325949568,3.5979807707308016,Scientific & Technical Instruments,Technology,SLNH
2022Q3,2022,Q3,2022-11-14,2022-09-30,-56143000.0,6372000.0,-41716000.0,-3.82,-4816000.0,-0.7558066541,109733000.0,65296000.0,5908000.0,27335000.0,40415000.0,888000.0,-194409000.0,25133602.23,48579602.230000004,4.442505255642378,0.21613316261203586,0.22353348582468355,0.37565853957363393,-0.45842747057156774,4.442505255642378,-0.8598229600588091,3.9443820197740114,-0.11191779130969132,0.38491794642857147,-0.030653866020697147,12.5990990990991,0.0684740684702083,0.05806822013432605,0.11384671666361808,-0.5116327813875498,-1.5584797067030447,-0.7558066541117389,-2.82,-102.55937026602578,1.1352399666790562,8.017335252827431,-2.360781577110956,-2.9806437889960296,-3.422815945716709,-25.67414764165258,0.14462288700045844,0.0,Scientific & Technical Instruments,Technology,SLNH
2022Q2,2022,Q2,2022-08-15,2022-06-30,-14104000.0,8676000.0,-9432000.0,-1.0,-1433000.0,-0.1651682803,147919000.0,106566000.0,17555000.0,27244000.0,41353000.0,888000.0,-138517000.0,57176389.71,75846389.71000001,7.585711903109946,0.6443620613713111,0.15749160013250496,0.2186063097047839,-0.07117572675748426,7.585711903109946,-0.13234990522305426,6.59017862033195,-1.0134782634359047,0.5365350084454704,-0.09798638684061259,11.38400900900901,0.02417081608351868,0.05865372264550193,0.19505212156805168,-0.09534948181099115,-2.397433423204327,-0.16516828031350853,-0.515151515151515,-30.30912742971336,1.9810815505089672,15.678156823275126,-4.135667396061269,-0.5444590451160753,-0.38746690203000883,-16.979915835188088,1.4252605170497878,0.0,Scientific & Technical Instruments,Technology,SLNH
2022Q1,2022,Q1,2022-05-16,2022-03-31,-9132000.0,9316000.0,-6798000.0,-0.66,457000.0,0.0490553886,136337000.0,87582000.0,22402000.0,32522000.0,48755000.0,0.0,-131960000.0,152715812.46,180261812.46,6.314197622807185,0.6888260254596889,0.2227788494685962,0.34679500353954007,-0.054198218099279945,6.314197622807185,-0.10426800027402891,16.392852346500646,-4.180787682325887,1.7436894848256492,-0.08201927288655278,0.0,0.004904534690513345,0.06833068059294249,0.09688826025459689,-0.06698108363833735,-5.707508781253504,0.04905538857878918,-1.1290322580645162,-13.11314615150417,3.6733632145698283,14.08717422577524,3.262376237623762,-1.3201219512195121,-2.4246851385390427,-44.99295433380638,3.0606404496943966,0.0,Scientific & Technical Instruments,Technology,SLNH
2021Q4,2021,Q4,2022-03-31,2021-12-31,-3936000.0,3636000.0,-1985000.0,-0.31,-202000.0,-0.0555555556,117694000.0,90988000.0,24982000.0,15683000.0,26706000.0,0.0,-123684000.0,136677748.68,134961748.68,7.163059747875853,1.5929350251865078,0.07257804136149676,0.09388051171583066,-0.020068781071145916,7.163059747875853,-0.043258451663955685,37.5901399009901,-8.681259443597561,1.5021513680924956,-0.11534552845528455,0.0,0.003321681871296682,0.030893673424303703,0.6879423579672257,-0.03344265638010434,-4.371170163745683,-0.05555555555555555,-5.652360515021458,-6.707628985651258,-0.16116516876448322,8.059081964253242,-1.0756837766953915,-5.648648648648648,-2.160828025477707,-115.0151269619342,0.4751113155207262,10.786607769285078,Scientific & Technical Instruments,Technology,SLNH
2021Q3,2021,Q3,2021-11-12,2021-09-30,-592000.0,5073000.0,-628000.0,-0.0466,2669000.0,0.5261186675,46608000.0,38730000.0,24620000.0,6607000.0,7878000.0,1158000.0,-120419000.0,101873191.86,87196191.86,3.049031784798345,3.7263508400181626,0.024459320288362514,0.02943454686289698,-0.014861469213826296,3.049031784798345,-0.015285308546346502,20.081449213483147,-43.020773589527025,2.630343192873741,0.0,2.075993091537133,0.0,0.10884397528321318,2.5494172846980474,-0.012701682114658427,-7.237882192539964,0.5261186674551548,0.4956709956709956,-1.7434880209921588,-0.06088486697463359,9.668525626627991,0.18254319893664156,0.4957410562180579,0.4673452078032231,-1.301051872123534,0.05444662856484884,0.0,Scientific & Technical Instruments,Technology,SLNH
2021Q2,2021,Q2,2021-08-10,2021-06-30,-1174000.0,3304000.0,-1179000.0,-0.0924,2257000.0,0.6831113801,25559000.0,20857000.0,20562000.0,3713000.0,4702000.0,1187000.0,-119633000.0,95247525.0,84203525.0,1.642326139183144,5.53784002154592,0.04115966978363786,0.050438701634942705,-0.05147948675158572,1.642326139183144,-0.056288056767512105,28.827943401937045,-20.28269271720613,4.566693436256413,0.0,0.8820556023588879,0.0,0.1292695332368246,3.467815782386211,-0.04593293947337533,-14.875452912697174,0.6831113801452785,-0.37910447761194016,-5.492474467621775,-0.24476364311633458,6.634826554147233,0.4542525773195876,-0.7760968229954615,-0.7570789865871833,-2.4713980265168534,0.02166561214505308,0.0,Scientific & Technical Instruments,Technology,SLNH
2021Q1,2021,Q1,2021-05-17,2021-03-31,-661000.0,2332000.0,-671000.0,-0.067,1552000.0,0.6655231561,9381000.0,5395000.0,5380000.0,2975000.0,3986000.0,923000.0,-118459000.0,118432284.0,116840284.0,0.5466414883968631,1.8084033613445378,0.12045624133887645,0.20945319740500462,-0.08699705584094873,0.5466414883968631,-0.12252085264133457,50.78571355060034,-44.79284568835098,21.95223058387396,0.0,0.8450704225352113,0.0,0.24858757062146894,1.177142857142857,-0.07046157126105959,3947.7428,0.6655231560891939,-23.814814814814817,0.41163923752084386,0.013294963431575543,1.939275616823674,0.8194607268464243,-24.423076923076923,-0.44924406047516197,-63.74835092093639,0.39317446578761195,0.029435690459717095,Scientific & Technical Instruments,Technology,SLNH
2020Q4,2020,Q4,2021-03-31,2020-12-31,-26000.0,1889000.0,-463000.0,-0.0027,853000.0,0.4515616728,8647000.0,5916000.0,4779000.0,1637000.0,2731000.0,828000.0,-117793000.0,45849998.97,44426998.97,0.6077286941321822,2.9193646915088576,0.13958598357811958,0.20402298850574713,-0.0034572680746939918,0.6077286941321822,-0.004394861392832995,24.27210109581789,-440.86537471153844,7.7501688590263695,0.0,1.251207729468599,0.0,0.21845726841679194,2.202199144777031,-0.003006823175667862,-132.13256187319885,0.45156167284277393,-1.016875,0.9913136282148405,-0.2947574413746553,1.0929758337812263,-0.6962250712250713,-1.0172528201725282,-1.318213058419244,-1.072060401946924,-0.11875732077088041,0.11974575059042539,Scientific & Technical Instruments,Technology,SLNH
2020Q3,2020,Q3,2020-09-30,2020-09-30,1507000.0,3687000.0,1455000.0,0.16,2808000.0,0.7615947925,,,,,,,,15088640.85,,,0.0,0.0,0.0,0.0,,0.0,4.092389707078926,2.503092377239549,0.0,0.0,0.0,0.0,0.0,0.0,0.0,9.778769183408944,0.7615947925142392,1.5437201907790146,2.334622686452739,0.5368915459441648,0.0,0.5522388059701493,1.5033222591362125,1.425,3.1160234485499623,0.865452797536278,0.0,Scientific & Technical Instruments,Technology,SLNH
2020Q2,2020,Q2,2020-06-30,2020-06-30,602000.0,2440000.0,600000.0,0.0629,1809000.0,0.7413934426,,,,,,,,6707320.199999999,,,0.0,0.0,0.0,0.0,,0.0,2.748901721311475,2.785431976744186,0.0,0.0,0.0,0.0,0.0,0.0,0.0,-100.1092567164179,0.7413934426229508,5.398601398601398,2.5155927070395543,-0.313603490902119,0.0,0.7130681818181818,5.394160583941606,5.225352112676056,0.8341227658517505,0.22917992914646085,0.0,Scientific & Technical Instruments,Technology,SLNH
2020Q1,2020,Q1,2020-03-31,2020-03-31,-137000.0,1583000.0,-142000.0,-0.0143,1056000.0,0.667087808,,,,,,,,6029526.51,,,0.0,0.0,0.0,0.0,,0.0,3.808923885028427,-11.002785602189782,0.0,0.0,0.0,0.0,0.0,0.0,0.0,-17.63019447368421,0.6670878079595705,0.0,0.8069780008569605,-0.46832227610988925,0.0,0.0,0.0,0.0,0.6931454750857236,0.1508931343383394,0.0,Scientific & Technical Instruments,Technology,SLNH
2018Q1,2018,Q1,2018-03-31,2018-03-31,10000.0,1589000.0,0.0,0.0011,1155000.0,0.7268722467,6152000.0,4975000.0,5966000.0,1177000.0,1177000.0,800000.0,-120393000.0,4277927.1675576875,182927.1675576875,0.5310108183180907,5.068819031435853,0.0,0.0,0.0,0.5310108183180907,0.0020100502512562816,2.6922134471728683,106.94817918894219,0.8598848578005404,0.0,0.5425,0.0,0.25828998699609884,4.342395921835174,0.001625487646293888,16.14312138701014,0.7268722466960352,-0.9703504043126685,-0.9149851760733224,-0.5947343343415278,13.574151998344412,-0.16546242774566475,-0.9705014749262537,-1.0,1.0143925976820982,-0.45481438205543684,-0.2767356215309257,Scientific & Technical Instruments,Technology,SLNH
2017Q4,2017,Q4,2018-03-29,2017-12-31,339000.0,2014000.0,341000.0,0.0371,1384000.0,0.6871896723,6202000.0,4964000.0,6018000.0,1238000.0,1238000.0,694000.0,-120398000.0,5273680.297201523,1445680.2972015226,0.542738111586256,4.861066235864297,0.0,0.0,0.06749991241285079,0.542738111586256,0.06829170024174053,2.6185105745787105,3.889144761948026,1.0623852331187598,0.0,0.9077809798270894,0.0,0.3247339567881329,4.22778675282714,0.054659787165430504,14.939604241364087,0.6871896722939425,-0.0725,0.9291463787043216,-0.4848386751292633,10.115369815494862,0.0695517774343122,-0.014534883720930232,-0.0058309037900874635,-0.8139027848623338,-0.6116848383144766,-0.3235868297179014,Scientific & Technical Instruments,Technology,SLNH
2017Q3,2017,Q3,2017-11-02,2017-09-30,344000.0,1857000.0,343000.0,0.04,1294000.0,0.6968228325,5637000.0,4506000.0,5483000.0,1131000.0,1131000.0,658000.0,-120737000.0,5325367.689398121,1965367.689398121,0.4926627580192727,4.847922192749779,0.0,0.0,0.07656329028994932,0.4926627580192727,0.07634265423879272,2.867726273235391,3.87018000683003,1.1818392564132538,0.0,0.8556231003039514,0.0,0.329430548163917,4.206012378426172,0.06102536810360121,-140.1412549841611,0.6968228325255789,0.3333333333333334,1.1668502838621984,-0.014468965670454184,4.341768357889842,-0.045722713864306784,0.09904153354632587,0.09584664536741214,4.730520497673677,-0.44982984011397004,-0.17651177190313888,Scientific & Technical Instruments,Technology,SLNH
2017Q2,2017,Q2,2017-08-03,2017-06-30,313000.0,1893000.0,313000.0,0.03,1356000.0,0.7163232964,5367000.0,4156000.0,5234000.0,1211000.0,1211000.0,697000.0,-121081000.0,5737047.201414613,2339047.201414613,0.4548291506963012,4.322047894302229,0.0,0.0,0.07531280076997113,0.4548291506963012,0.07531280076997113,3.0306641317562666,4.582306071417422,1.3804252168947575,0.0,0.7704447632711621,0.0,0.35271101173840136,3.69364161849711,0.058319359046021986,38.24698134276409,0.716323296354992,1.6437768240343347,1.3158769363092253,-0.20283476616735702,6.401529114646534,0.7121212121212122,1.7434679334916865,1.765281173594132,0.011638616772481208,-0.5605086054713366,-0.24717140107058433,Scientific & Technical Instruments,Technology,SLNH
2017Q1,2017,Q1,2017-05-04,2017-03-31,-421000.0,1297000.0,-409000.0,-0.0466,792000.0,0.6106399383,4950000.0,3777000.0,4810000.0,1173000.0,1173000.0,586000.0,-121393000.0,5409211.8737142235,2220211.8737142235,0.4185142643888794,4.100596760443308,0.0,0.0,-0.11038456927715283,0.4185142643888794,-0.11146412496690496,4.170556571869101,-3.212121065150964,1.4321450552592596,0.0,0.8617747440273038,0.0,0.26202020202020204,3.5319693094629154,-0.08505050505050506,-25.88139652494844,0.6106399383191982,-0.15920398009950257,0.699587314267036,-0.3727512275572836,1.627531055190714,-0.27138914443422263,-0.995260663507109,-0.8506787330316742,0.4323378467346502,-0.45333216151470973,-0.26047713555515783,Scientific & Technical Instruments,Technology,SLNH
2016Q4,2016,Q4,2017-03-02,2016-12-31,-211000.0,1791000.0,-221000.0,-0.0402,1087000.0,0.6069235064,5180000.0,4150000.0,5020000.0,1030000.0,1030000.0,676000.0,-120980000.0,4344498.366533728,963498.3665337283,0.7907048171261709,4.87378640776699,0.0,0.0,-0.050843373493975906,0.7907048171261709,-0.050843373493975906,2.4257388981204513,-5.147509912954654,1.0468670762731875,0.0,1.0414201183431953,0.0,0.34575289575289575,4.137864077669903,-0.04073359073359074,-90.51038263611935,0.6069235064209939,-1.67,-1.0875031346581074,-0.45796998245695586,1.5691876259400612,-0.2544581618655693,-1.641337386018237,-1.6676737160120847,-1.0639642063695405,0.1396866391670521,0.22542532758510506,Scientific & Technical Instruments,Technology,SLNH
2016Q3,2016,Q3,2016-10-27,2016-09-30,329000.0,2232000.0,331000.0,0.06,1458000.0,0.6532258065,2694000.0,1500000.0,2536000.0,1194000.0,1194000.0,892000.0,-120769000.0,2995999.1493222327,2109999.1493222327,0.2857969218528329,2.123953098827471,0.0,0.0,0.21999797979797978,0.2857969218528329,0.21933333333333332,1.3422935256820039,2.276595098269174,1.9973327662148217,0.0,0.8677130044843049,0.0,0.8285077951002228,1.3241206030150754,0.12212323682256868,8.39215447989421,0.6532258064516129,1.9999999999999996,4.22859508296262,-0.048905792400393194,2.747031581185864,0.215,2.0462962962962963,2.036697247706422,1.0093086276439824,-0.032638399761383566,19.03201306587314,Scientific & Technical Instruments,Technology,SLNH
2016Q2,2016,Q2,2016-08-04,2016-06-30,108000.0,1808000.0,109000.0,0.02,1200000.0,0.6637168142,2522000.0,1129000.0,2377000.0,1393000.0,1393000.0,1190000.0,-121099000.0,2516639.285640615,1987639.285640615,0.21510981651456554,1.7063890882986361,0.0,0.0,0.09475773381884986,0.21510981651456554,0.09565987599645705,1.391946507544588,5.8255539019458675,2.229087055483273,0.0,0.5109243697478991,0.0,0.7168913560666138,0.8083273510409189,0.04282315622521808,13.039581790884016,0.6637168141592921,1.1818181818181819,2.0122496096338147,-0.2318956060092597,1.8948827173934253,1.0408163265306123,1.1806020066889633,1.1879310344827587,0.0817287055571497,-0.2011936563057203,11.97871007348096,Scientific & Technical Instruments,Technology,SLNH
2016Q1,2016,Q1,2016-05-05,2016-03-31,-598000.0,1225000.0,-580000.0,-0.11,588000.0,0.48,2252000.0,977000.0,2085000.0,1275000.0,1275000.0,998000.0,-121207000.0,2698874.9881963707,2362874.9881963707,0.1859783020238132,1.6352941176470588,0.0,0.0,-0.6058107810704219,0.1859783020238132,-0.6120777891504606,2.2031632556705065,-1.12829221914564,2.762410428041321,0.0,0.6382765531062125,0.0,0.5439609236234458,0.7929411764705883,-0.2655417406749556,-23.266163691348023,0.48,0.6451612903225807,-3.7998610405388367,-0.563994023780906,1.771673784937691,-0.35737704918032787,0.6301793444650587,-1.0788530465949822,-10.066784098169316,-0.44280214781317323,5.403901685936258,Scientific & Technical Instruments,Technology,SLNH
2015Q4,2015,Q4,2016-03-30,2015-12-31,-1617000.0,1447000.0,-279000.0,-0.31,915000.0,0.6323427782,2586000.0,1527000.0,2471000.0,1059000.0,1059000.0,1006000.0,-120621000.0,2821820.1861883174,2359820.1861883174,0.29036584384934977,2.3333333333333335,0.0,0.0,-1.0551571709233791,0.29036584384934977,-1.0589390962671905,1.9501176131225413,-0.43627399291717955,1.8479503511383872,0.0,0.5288270377733598,0.0,0.5595514307811291,1.315391879131256,-0.6252900232018561,-6.4572544306368815,0.6323427781617139,-1.5833333333333335,-19.664622276010398,-0.5248142085235612,1.9581787702147309,0.2638121546961326,-1.6508196721311474,0.5318791946308725,-17.003812282291626,-0.356275169993696,5.876738876397129,Scientific & Technical Instruments,Technology,SLNH
2015Q3,2015,Q3,2015-11-05,2015-09-30,-610000.0,1296000.0,-596000.0,-0.12,724000.0,0.5586419753,4345000.0,3107000.0,2894000.0,1238000.0,1238000.0,1012000.0,-119004000.0,3572304.2781421924,2673304.2781421924,0.5908098735035557,2.3376413570274637,0.0,0.0,-0.19600200336517906,0.5908098735035557,-0.19633086578693273,2.7564076220232967,-1.4640591303861445,1.1497599865279025,0.0,0.5652173913043478,0.0,0.2982738780207135,1.445880452342488,-0.14039125431530494,-6.245287199549288,0.558641975308642,-1.8915662650602405,-0.4155619414153177,-0.406096873700089,2.5422005795307605,-0.40558292282430214,-1.798165137614679,-1.8653846153846154,0.485427838335832,0.19622079378375615,5.007507587423216,Scientific & Technical Instruments,Technology,SLNH
2015Q2,2015,Q2,2015-08-06,2015-06-30,-218000.0,1951000.0,-208000.0,-0.0415,1218000.0,0.6242952332,4903000.0,3680000.0,3436000.0,1223000.0,1223000.0,715000.0,-118394000.0,7099492.050000001,5628492.050000001,0.6997683728654925,2.8094848732624693,0.0,0.0,-0.05923913043478261,0.6997683728654925,-0.05923913043478261,3.638899051768324,-8.141619323394496,1.9292097961956522,0.0,1.0251748251748252,0.0,0.39791964103610034,2.1463614063777596,-0.04446257393432592,-52.58883000000001,0.6242952332137366,0.4407008086253369,0.5442333279354882,-0.13435513491426324,2.8811579462144286,0.22044088176352705,0.441025641025641,0.4625322997416021,0.617735637416779,0.42754150502344807,10.387475884832055,Scientific & Technical Instruments,Technology,SLNH
2015Q1,2015,Q1,2015-05-07,2015-03-31,-390000.0,1636000.0,-387000.0,-0.0742,998000.0,0.6100244499,4999000.0,3861000.0,3524000.0,1138000.0,1138000.0,765000.0,-118177000.0,3362168.7326475335,1756168.7326475335,0.7341863281613225,3.0966608084358525,0.0,0.0,-0.1007497656982193,0.7341863281613225,-0.10101010101010101,2.0551153622539937,-2.1552363670817525,0.8708025725582839,0.0,0.8339869281045752,0.0,0.3272654530906181,2.297891036906854,-0.07801560312062412,-9.976761817945203,0.6100244498777506,-1.371,0.7164525004644523,-0.08594343006865797,3.3929549632934424,-0.5138821237213833,-1.3724928366762177,-1.4463667820069204,0.5224223540939599,0.3577704562165896,3.6093945695189418,Scientific & Technical Instruments,Technology,SLNH
2014Q4,2014,Q4,2015-03-05,2014-12-31,1047000.0,2981000.0,867000.0,0.2,2053000.0,0.6886950688,5479000.0,4218000.0,4024000.0,1261000.0,1261000.0,773000.0,-117789000.0,2131164.399514946,208164.39951494616,0.8023766174746518,3.1911181601903253,0.0,0.0,0.2147788349332629,0.8023766174746518,0.24822190611664297,0.7149159340875364,0.5088740208965965,0.5052547177607744,0.0,1.2005174644243208,0.0,0.5440773863843767,2.4892942109436955,0.19109326519437853,2.341938900565875,0.6886950687688695,20.801980198019805,2.291248603828377,0.11627284019764182,4.373274718754063,0.7713546160483176,20.754716981132077,18.693877551020407,-0.5664958709161153,-0.09926895950487284,1.6071120755934079,Scientific & Technical Instruments,Technology,SLNH
2014Q3,2014,Q3,2014-11-07,2014-09-30,-53000.0,1940000.0,-49000.0,-0.0101,1159000.0,0.5974226804,4460000.0,3145000.0,2849000.0,1315000.0,1315000.0,851000.0,-118836000.0,3360890.0699609336,2450890.0699609336,0.5982632674153106,2.166539923954373,0.0,0.0,-0.01685214626391097,0.5982632674153106,-0.01685214626391097,1.7324175618355329,-15.853255046985534,1.0686454912435401,0.0,0.917743830787309,0.0,0.4349775784753363,1.4357414448669201,-0.01188340807174888,24.712426985006864,0.5974226804123711,-1.3366666666666667,0.9467832391555547,-0.10385110664406011,5.626754791034694,-0.2174206617150574,-1.297752808988764,-1.2752808988764044,0.4807231597014036,-0.1746531896355639,4.657089150093068,Scientific & Technical Instruments,Technology,SLNH
2014Q2,2014,Q2,2014-08-07,2014-06-30,178000.0,2478000.0,178000.0,0.03,1481000.0,0.5976594027,4654000.0,3176000.0,3046000.0,1478000.0,1478000.0,818000.0,-118783000.0,3841017.222587201,3067017.222587201,0.6041602980321228,2.060893098782138,0.0,0.0,0.05604534005037783,0.6041602980321228,0.05604534005037783,1.5500473053217114,5.3946871103752825,1.2093882942654917,0.0,1.2188264058679708,0.0,0.532445208422862,1.4316644113667119,0.03824666953158573,109.74334921677716,0.5976594027441485,1.364963503649635,1.1676038405425777,0.21451062154908532,21.347645886723743,0.8420398009950248,1.412037037037037,1.412037037037037,2.6656711575571643,0.051062463135002865,3.513379528672505,Scientific & Technical Instruments,Technology,SLNH
2014Q1,2014,Q1,2014-05-08,2014-03-31,-432000.0,1382000.0,-432000.0,-0.0822,804000.0,0.5817655572,4002000.0,2975000.0,2399000.0,1027000.0,1027000.0,701000.0,-118961000.0,4531200.004816015,3792200.0048160153,0.5659247124198884,2.3359298928919183,0.0,0.0,-0.14521008403361343,0.5659247124198884,-0.14521008403361343,3.2787264868422685,-2.622222225009268,1.5230924385936184,0.0,0.8245363766048502,0.0,0.3453273363318341,1.524829600778968,-0.10794602698650675,-9.600000010203422,0.5817655571635311,-1.1304761904761904,0.6933676318856645,-0.1900440129133478,5.619597780979084,-0.17198764160659114,-1.1307506053268765,-1.25,-3.0212638765862216,-0.5084492414956147,3.348173201231356,Scientific & Technical Instruments,Technology,SLNH
2013Q4,2013,Q4,2014-03-06,2013-12-31,3304000.0,1574000.0,-192000.0,0.63,971000.0,0.6168996188,4534000.0,3392000.0,2913000.0,1142000.0,1142000.0,742000.0,-118529000.0,3240858.281541523,2029858.281541523,0.6452492855557181,2.550788091068301,0.0,0.0,-0.06093076808795127,0.6452492855557181,0.9740566037735849,2.058995096277969,0.24522232759848087,0.9554417103601188,0.0,0.8126684636118598,0.0,0.3471548301720335,1.7819614711033276,0.7287163652404058,15.886560203634916,0.6168996188055909,20.0,2.4788124070407007,0.022702504538267047,1.0322831124859584,-0.32381615598885793,19.146341463414632,-1.7529411764705882,43.239881147585095,-0.4829115458414915,3.129259277604583,Scientific & Technical Instruments,Technology,SLNH
2013Q3,2013,Q3,2013-11-07,2013-09-30,164000.0,2311000.0,255000.0,0.03,1436000.0,0.6213760277,4634000.0,75000.0,3250000.0,1300000.0,1300000.0,741000.0,-121833000.0,2490659.6053658477,1483659.6053658477,0.01426700955680391,2.5,0.0,0.0,1.9166023166023163,0.01426700955680391,2.1866666666666665,1.0777410667961262,3.796737203301597,33.2087947382113,0.0,1.1808367071524966,0.0,0.49870522227017694,1.8192307692307692,0.035390591281829954,14.825354793844332,0.6213760276936391,0.4999999999999999,1.0366475483577848,0.16603014900948976,-0.9781031552628499,-0.020463847203274217,0.64,0.09913793103448276,1.3807221008422566,0.05943850407478389,1.0372414060655362,Scientific & Technical Instruments,Technology,SLNH
2013Q2,2013,Q2,2013-08-08,2013-06-30,100000.0,2267000.0,232000.0,0.02,1466000.0,0.6466696074,4359000.0,-103000.0,2872000.0,1185000.0,1185000.0,839000.0,-121997000.0,1650437.0880070361,815437.0880070361,-0.019593359791344033,2.4236286919831223,0.0,0.0,-0.7944245256415421,-0.019593359791344033,-0.970873786407767,0.7280269466286,4.12609272001759,-16.023661048612002,0.0,0.9547079856972587,0.0,0.5200734113328745,1.6261603375527427,0.022941041523285157,-15.424645682308748,0.6466696074106749,0.5873015873015873,1.0269948111423324,0.014323842085072156,-1.0145967930639734,0.1977124183006536,0.5151515151515151,2.5692307692307694,1.2091468211606753,0.006234504205002115,0.9473279932421155,Scientific & Technical Instruments,Technology,SLNH
2013Q1,2013,Q1,2013-05-07,2013-03-31,66000.0,2200000.0,65000.0,0.0126,1224000.0,0.5563636364,4512000.0,-222000.0,2846000.0,1443000.0,1443000.0,914000.0,-122097000.0,1380365.564457628,447365.56445762794,-0.04223034828813957,1.9722799722799722,0.0,0.0,-0.2972972972972973,-0.04223034828813957,-0.2972972972972973,0.6274388929352854,5.228657441127378,-6.217862902962288,0.0,1.0678336980306347,0.0,0.4875886524822695,1.2647262647262647,0.014627659574468085,2.1434247895304783,0.5563636363636364,-0.34374999999999994,1.0188824601424324,-0.03205100585859216,-1.0209351875168013,0.0049261083743842365,-0.3465346534653465,-0.9181360201511335,1.048003217510628,0.22963906923776353,0.8623573912213884,Scientific & Technical Instruments,Technology,SLNH
2012Q4,2012,Q4,2013-03-21,2012-12-31,101000.0,2247000.0,794000.0,0.0192,1218000.0,0.5420560748,4845000.0,-313000.0,3197000.0,1847000.0,1847000.0,1118000.0,-122183000.0,510135.09986254177,221135.09986254177,-0.05954098655039498,1.7309149972929074,0.0,0.0,-0.5809770127433295,-0.05954098655039498,-0.3226837060702875,0.22702941693927092,1.2627106432241133,-1.629824600199814,0.0,0.9203935599284436,0.0,0.46377708978328175,1.0628045479155388,0.02084623323013416,-2.1079962804237264,0.5420560747663551,1.0834782608695652,1.0570892243377095,-0.38655327115476823,-1.0191109053503187,1.630669546436285,1.0852320675105485,1.6774744027303754,1.1245617086787643,-0.1585826662448504,0.749683502377899,Scientific & Technical Instruments,Technology,SLNH
2012Q3,2012,Q3,2012-11-08,2012-09-30,-1185000.0,1083000.0,-1172000.0,-0.23,463000.0,0.4275161588,4214000.0,-775000.0,2541000.0,1665000.0,1665000.0,1433000.0,-122637000.0,840222.5173588113,309222.51735881134,-0.14742576542030705,1.526126126126126,0.0,0.0,1.5199540343101041,-0.14742576542030705,1.5290322580645161,0.7758287325566126,-0.17726213446388425,-1.0841580869145953,0.0,0.43265875785066293,0.0,0.25700047460844805,0.5855855855855856,-0.28120550545799716,-0.8706969091801153,0.4275161588180979,-4.75,0.6154464607573974,-0.6424901154262724,-1.047849726872543,-0.26038338658146964,-1.0789473684210527,-0.7010159651669086,-0.1898464452956163,-0.49972718994614285,-0.14013830303716615,Scientific & Technical Instruments,Technology,SLNH
2012Q2,2012,Q2,2012-08-09,2012-06-30,-570000.0,1366000.0,-689000.0,-0.04,626000.0,0.458272328,5114000.0,323000.0,3416000.0,1431000.0,1431000.0,1169000.0,-121488000.0,1050150.8800658209,-393849.1199341791,0.06145070074726335,2.387141858839972,0.0,0.0,-0.8800720163983285,0.06145070074726335,-1.7647058823529411,0.7687780966806887,-0.460592491256939,3.251241114754863,0.0,0.6330196749358425,0.0,0.2671098944075088,1.4633123689727463,-0.1114587407117716,-1.6856354415181716,0.4582723279648609,0.75,0.8063528524669342,-0.5608252404740264,-0.9827099008477984,0.0,0.3014705882352941,0.17878426698450536,0.46322602911956595,-0.3304186584151257,1.2730366498161638,Scientific & Technical Instruments,Technology,SLNH
2012Q1,2012,Q1,2012-05-10,2012-03-31,-816000.0,1204000.0,-839000.0,-0.16,626000.0,0.5199335548,5491000.0,837000.0,3753000.0,1354000.0,1354000.0,1007000.0,-120919000.0,1379840.399425628,-598159.6005743721,0.15928042546332621,2.7717872968980797,0.0,0.0,-0.9784088765413043,0.15928042546332621,-0.974910394265233,1.1460468433767674,-0.4227452204122634,1.6485548380234503,0.0,0.573982125124131,0.0,0.2192678929156802,1.9490398818316101,-0.14860681114551083,4.494594134936898,0.5199335548172758,-1.3478260869565217,0.7573685275200228,-0.5121549513376908,-0.9559699760039224,-0.7080223880597015,-1.3414225941422595,-1.9654775604142694,0.4205850864122238,-0.29409684294070654,0.8630964999601323,Scientific & Technical Instruments,Technology,SLNH
2011Q4,2011,Q4,2012-03-27,2011-12-31,2390000.0,3275000.0,869000.0,0.46,2144000.0,0.6546564885,6402000.0,1601000.0,4629000.0,1487000.0,1487000.0,957000.0,-120097000.0,1487710.6377912844,-181289.36220871564,0.30776452803319626,3.1129791526563553,0.0,0.0,1.6368383041848844,0.30776452803319626,1.4928169893816365,0.45426279016527765,0.15561826755138958,0.9292383746354056,0.0,1.1818181818181819,0.0,0.5115588878475477,2.387357094821789,0.373320837238363,-114.4392798300988,0.6546564885496183,24.711340206185568,1.4886770183517604,-0.1793094339666016,-0.9484446308413631,0.463481228668942,24.663366336633665,5.118483412322274,2.0810019818761334,1.1503613131027082,-0.030661998478003116,Scientific & Technical Instruments,Technology,SLNH
2011Q3,2011,Q3,2011-11-10,2011-09-30,-101000.0,2326000.0,-211000.0,-0.0194,1465000.0,0.6298366294,4152000.0,-851000.0,3888000.0,1699000.0,1699000.0,1130000.0,-122487000.0,1336267.0398326116,-249732.96016738843,-0.16359001458853845,2.2884049440847556,0.0,0.0,0.11868390129259693,-0.16359001458853845,0.11868390129259694,0.5744914186726618,-3.307591682753989,-1.570231539168756,0.0,0.7619469026548673,0.0,0.5602119460500964,1.544437904649794,-0.02432562620423892,-12.038441800293798,0.6298366294067068,-0.6302521008403361,0.9797755196417911,-0.08195114370800256,-1.0303969272705922,0.13565891472868216,-0.041237113402061855,0.491566265060241,0.9771924836639077,0.18597377826440115,-1.2510761022295,Scientific & Technical Instruments,Technology,SLNH
2011Q2,2011,Q2,2011-08-11,2011-06-30,-97000.0,2140000.0,-415000.0,-0.0119,1290000.0,0.6028037383,4094000.0,-1147000.0,3783000.0,1931000.0,1931000.0,1086000.0,-122386000.0,1879430.944697292,287430.94469729206,-0.24037766327762802,1.9590885551527706,0.0,0.0,0.05221105139439153,-0.24037766327762802,0.08456843940714909,0.8782387592043421,-4.843894187364155,-1.6385622883149888,0.0,0.7826887661141805,0.0,0.5227161700048852,1.3443811496633868,-0.023693209574987786,6.5032212619283465,0.602803738317757,-1.1261930010604453,0.9745895451853422,0.0073948446906936015,-1.0379789352654132,-0.20024798512089276,-1.5,-1.1842105263157894,0.9711523108175676,0.05486744504638024,-1.1790781696161727,Scientific & Technical Instruments,Technology,SLNH
2011Q1,2011,Q1,2011-05-12,2011-03-31,194000.0,2552000.0,-190000.0,0.0943,1613000.0,0.6320532915,4020000.0,-1150000.0,3681000.0,1818000.0,1818000.0,854000.0,-122289000.0,1498097.1298934137,450097.12989341374,-0.24100637556170204,2.0247524752475248,0.0,0.0,-1.1991584852734922,-0.24100637556170204,-0.16869565217391305,0.587028655914347,1.9305375385224404,-1.3026931564290554,0.0,1.0995316159250585,0.0,0.6348258706467662,1.488998899889989,0.04825870646766169,-5.4875352743348484,0.6320532915360502,7.328859060402684,1.0462008312447661,0.3383878773540747,-1.0325566863504956,-0.08663646659116647,3.732394366197183,-0.8446601941747572,1.0611470308257773,0.23699933023618153,-1.1194760135697464,Scientific & Technical Instruments,Technology,SLNH
2010Q4,2010,Q4,2011-03-25,2010-12-31,-71000.0,2763000.0,-103000.0,-0.0149,1766000.0,0.639160333,3601000.0,-1446000.0,3176000.0,1642000.0,1642000.0,844000.0,-122483000.0,1498097.1298934137,380097.12989341374,-0.30303932092367053,1.9342265529841656,0.0,0.0,0.07548357796081831,-0.30303932092367053,0.04910096818810512,0.542199467931022,-5.2749898939908935,-1.0360284439096914,0.0,1.1812796208530805,0.0,0.7672868647597889,1.3422655298416566,-0.0197167453485143,7.343613381830459,0.6391603329714078,0.8180708180708182,0.9874251801587608,0.033156618603960124,-1.036614793157646,0.33990895295902884,0.8184143222506394,0.8485294117647059,0.9557869862105832,-0.16897580203973753,-1.097266708449571,Scientific & Technical Instruments,Technology,SLNH
2010Q3,2010,Q3,2010-11-15,2010-09-30,-391000.0,1980000.0,-680000.0,-0.0819,1318000.0,0.6656565657,3274000.0,-1828000.0,2755000.0,1632000.0,1688000.0,890000.0,-122761000.0,1498097.1298934137,924097.1298934137,-0.3830953517624272,1.6881127450980393,0.0,0.0,0.20631003926315628,-0.3830953517624272,0.21389496717724288,0.7566147120673807,-0.9578626150213643,-0.8195279704012111,0.0,0.7438202247191011,0.0,0.6047648136835675,0.9748774509803921,-0.1194257788637752,-1.8891514878857676,0.6656565656565656,0.09999999999999996,0.8292871649518384,-0.2566256674134901,-1.0361231450252115,-0.000758150113722517,0.09907834101382489,0.032716927453769556,0.8602106059973426,-0.27991495755426943,-1.124340598780083,Scientific & Technical Instruments,Technology,SLNH
2010Q2,2010,Q2,2010-08-12,2010-06-30,-434000.0,2045000.0,-703000.0,-0.091,1319000.0,0.6449877751,3366000.0,-1775000.0,2738000.0,1892000.0,1944000.0,747000.0,-122395000.0,1634287.7779354064,823287.7779354064,-0.37198810141045313,1.4471458773784356,0.0,0.0,0.24555492957746478,-0.37198810141045313,0.24450704225352113,0.7991627275967758,-0.9414100103314552,-0.9207255086960036,0.0,0.9718875502008032,0.0,0.6075460487225193,0.9260042283298098,-0.1289364230540701,-3.204485839089032,0.6449877750611247,0.65,0.8736753913264667,-0.0014996021484750817,-1.0327843682241074,0.2212962962962963,0.6522435897435898,0.6311647429171039,0.8375826756211158,-0.2757535769360514,-1.1046645697870643,Scientific & Technical Instruments,Technology,SLNH
2010Q1,2010,Q1,2010-05-17,2010-03-31,-1248000.0,1624000.0,-1906000.0,-0.26,1080000.0,0.6650246305,3712000.0,-1464000.0,2971000.0,1978000.0,2046000.0,748000.0,-121958000.0,1797716.5557766634,806716.5557766634,-0.3068115946281146,1.5020222446916076,0.0,0.0,0.8462431693989071,-0.3068115946281146,0.8524590163934426,1.106968322522576,-0.3601195023591073,-1.2279484670605625,0.0,0.7272727272727273,0.0,0.4375,0.9519716885743175,-0.33620689655172414,-3.9597280964243686,0.6650246305418719,-0.7333333333333335,0.8365348061407587,-0.2543297567456497,-1.0226835431469408,-0.33985330073349634,-0.6956521739130435,-2.4972477064220184,0.5913370153518966,-0.27533851177834473,-1.0848121910426531,Scientific & Technical Instruments,Technology,SLNH
2009Q4,2009,Q4,2010-03-31,2009-12-31,-736000.0,2424000.0,-545000.0,-0.15,1636000.0,0.6749174917,3741000.0,-1135000.0,2882000.0,1649000.0,1719000.0,789000.0,-120725000.0,1906669.074496557,1121669.074496557,-0.237862814141332,1.747725894481504,0.0,0.0,0.4743754250066523,-0.237862814141332,0.6484581497797357,0.7865796511949492,-0.6476457454132326,-1.6798846471335303,0.0,0.9987325728770595,0.0,0.6479550922213312,1.1685870224378412,-0.1967388398823844,-3.4478645108436834,0.6749174917491749,0.21052631578947373,-2.469424316767035,-0.46627205022252005,-1.0151247910141545,0.18464880521361332,0.18584070796460178,0.1779788838612368,0.8359390247425614,-0.3377770730882292,-1.0398457394376712,Scientific & Technical Instruments,Technology,SLNH
2009Q3,2009,Q3,2009-11-12,2009-09-30,-904000.0,1965000.0,-663000.0,-0.19,1381000.0,0.7027989822,4329000.0,-617000.0,3287000.0,4832000.0,4991000.0,1067000.0,-120142000.0,3404766.203912805,5081766.203912805,-0.1293051597578871,0.6802566225165563,0.6756756756756757,-4.740680713128039,-0.2878986423391885,-0.1293051597578871,1.4651539708265802,1.73270544728387,-0.9415835740909305,-5.518259649777642,0.0,0.5473289597000938,0.0,0.4539154539154539,0.396523178807947,-0.20882420882420882,5.036636396320717,0.7027989821882952,0.050000000000000044,0.8026541997212149,-0.19896600921256954,-1.0095721540721196,0.12826797385620914,0.06224066390041494,0.2840172786177106,0.8026541997212149,-0.15448347822891792,-1.0240264025084826,Scientific & Technical Instruments,Technology,SLNH
2009Q2,2009,Q2,2009-08-13,2009-06-30,-964000.0,1852000.0,-926000.0,-0.2,1224000.0,0.6609071274,4993000.0,129000.0,3803000.0,4882000.0,4891000.0,1273000.0,-119258000.0,1797716.5557766634,4080716.555776663,0.027034628215182228,0.7789840229414174,0.5387542559583417,20.852713178294575,-0.326790307990413,0.027034628215182228,-7.4728682170542635,0.9706892849766001,-0.4662127997346118,13.935787254082662,0.0,0.49332285938727416,0.0,0.37091928700180254,0.4430561245391233,-0.1930702984177849,-1.9288804246530722,0.6609071274298056,0.25925925925925924,0.49493446512721573,-0.06994647820370725,-0.9983150333691243,0.38461538461538464,0.24628616106333073,0.36963921034717495,0.7474672325636079,-0.12817978861347445,-0.9957286114653545,Scientific & Technical Instruments,Technology,SLNH
2009Q1,2009,Q1,2009-05-14,2009-03-31,-1279000.0,1549000.0,-1469000.0,-0.27,884000.0,0.5706907682,4510000.0,408000.0,3157000.0,4079000.0,4102000.0,1415000.0,-118814000.0,4390570.28,5683570.28,0.08549231103527627,0.7739642069134591,0.46274944567627496,5.115196078431373,-0.5112331927942783,0.08549231103527627,-3.1348039215686274,2.8344546675274374,-0.8582037294761533,10.761201666666667,0.0,0.46996466431095407,0.0,0.3434589800443459,0.3334150527089973,-0.2835920177383592,-3.2094811988304097,0.5706907682375726,0.3720930232558139,-2.3500203987168606,-0.5008405116707912,-0.995372716618982,0.23291492329149233,0.3693293885601578,0.18794914317302377,0.695452662621444,-0.18775144973885285,-0.9884511505172116,Scientific & Technical Instruments,Technology,SLNH
2008Q4,2008,Q4,2009-03-30,2008-12-31,-2028000.0,1397000.0,-1809000.0,-0.43,717000.0,0.5132426628,5511000.0,1515000.0,3983000.0,3731000.0,3985000.0,1509000.0,-117570000.0,5535123.279999999,5373123.279999999,0.31749970345737266,1.0675422138836772,0.2721829069134458,0.9900990099009901,-0.6598698481561822,0.31749970345737266,-1.3386138613861387,3.962149806728704,-0.6823376824457593,3.6535467194719473,0.0,0.4506295559973492,0.0,0.25349301397205587,0.5901902975073707,-0.3679912901469788,-3.0836341392757656,0.513242662848962,0.49411764705882355,-0.38871331854519664,-0.47188279204389216,-0.9747016359953885,-0.25622406639004147,0.5007385524372231,0.45643028846153844,0.640820638900943,-0.47762584285568865,-0.9616380279157444,Scientific & Technical Instruments,Technology,SLNH
2008Q3,2008,Q3,2008-11-14,2008-09-30,-4062000.0,1799000.0,-3328000.0,-0.85,964000.0,0.5358532518,7885000.0,3109000.0,6165000.0,4457000.0,4765000.0,1586000.0,-115547000.0,8493551.24,6643551.24,0.6515554970620275,1.3832174108144493,0.19023462270133165,0.48247024766806046,-0.9763748862802153,0.6515554970620275,-1.3065294306851079,4.721262501389661,-0.5227444140817331,2.731923846896108,0.0,0.5264817150063051,0.0,0.2281547241597971,0.9340363473188243,-0.5151553582752061,-4.238299021956088,0.5358532518065592,-0.21428571428571433,-4.546984828553183,-0.24006944674609823,-0.9382083835092585,-0.19866999168744803,-0.20785013380909903,0.08091687379177023,-0.7734924193494442,-0.32458059377619625,-0.9385629880287842,Scientific & Technical Instruments,Technology,SLNH
2008Q2,2008,Q2,2008-08-14,2008-06-30,-3363000.0,2029000.0,-3621000.0,-0.7,1203000.0,0.5929029078,9910000.0,6406000.0,7608000.0,3199000.0,3440000.0,1666000.0,-111531000.0,5965481.25,3595481.25,1.3423057863101993,2.3782432010003127,0.0,0.0,-0.7286087436952733,1.3423057863101993,-0.5249765844520762,2.9401090438639725,-0.44346426181980375,0.9312334139868873,0.0,0.4957983193277311,0.0,0.20474268415741675,1.5851828696467647,-0.33935418768920284,-1.6397694474986255,0.5929029078363726,-0.06060606060606049,-5.3072559054001855,-0.2703087112516792,-0.8825254792090683,-0.08377760853008377,-0.01570522500755059,0.015497553017944535,0.021278933972452518,-0.009462746419048092,-0.8816987774585124,Scientific & Technical Instruments,Technology,SLNH
2008Q1,2008,Q1,2008-05-12,2008-03-31,-3311000.0,2153000.0,-3678000.0,-0.66,1313000.0,0.6098467255,14812000.0,10045000.0,11804000.0,4170000.0,4742000.0,1460000.0,-108253000.0,21512252.16,16952252.16,2.0171946515524666,2.8306954436450837,0.0,0.0,-0.3670391503447926,2.0171946515524666,-0.329616724738676,9.991756692986531,-1.6243017336152221,2.1415880696864114,0.0,0.5753424657534246,0.0,0.14535511747231974,2.2731414868105517,-0.22353497164461247,-6.961893902912621,0.6098467254993033,-0.9411764705882353,-35.46286994062458,-0.1724408580353115,-0.8350019497396478,-0.3623118018455561,-1.2206572769953052,-0.38218714768883877,0.5844368161218133,-0.052733904964805234,-0.8508624748366164,Scientific & Technical Instruments,Technology,SLNH
2007Q4,2007,Q4,2008-03-27,2007-12-31,-1491000.0,3087000.0,-2661000.0,-0.34,2059000.0,0.6669906058,18716000.0,13803000.0,15213000.0,3866000.0,4770000.0,1373000.0,-105066000.0,26582142.0,18932142.0,3.1155502818395897,3.9350750129332646,0.0,0.0,0.8404713696869863,3.1155502818395897,-0.10801999565311889,8.610995140913507,-4.457099597585513,1.9258235166268203,0.0,0.7487254187909687,0.0,0.16493908954904893,3.4948266942576307,-0.07966445821756786,-25.172482954545455,0.666990605766116,0.42372881355932196,-1.098468326583347,0.12493399808549711,-0.66843886953751,0.20762463343108503,0.42587601078167114,0.010044642857142858,-4.206104230596928,-0.26792673701635916,-0.8018940157711428,Scientific & Technical Instruments,Technology,SLNH
2007Q3,2007,Q3,2007-11-08,2007-09-30,-2597000.0,2553000.0,-2688000.0,-0.59,1705000.0,0.6678417548,19772000.0,13650000.0,15623000.0,4248000.0,6026000.0,1367000.0,-103615000.0,42176998.64,37472998.64,3.081015818815504,3.6777306967984935,0.0,0.0,-0.26789378248781076,3.081015818815504,-0.19025641025641027,16.520563509596553,-4.0601654447439355,3.08989001025641,0.0,0.6203365032918801,0.0,0.1291219906939106,3.1457156308851224,-0.13134735990289298,-13.756359634703196,0.6678417547982766,0.016666666666666684,0.3893927452369316,0.6581888238739825,-0.5925374902217432,-0.05905077262693157,-0.044229995979091274,0.232,0.38939269830098716,0.12090754077385946,-0.771919711699354,Scientific & Technical Instruments,Technology,SLNH
2007Q2,2007,Q2,2007-08-09,2007-06-30,-2487000.0,2628000.0,-3500000.0,-0.6,1812000.0,0.6894977169,22999000.0,15784000.0,18179000.0,4930000.0,7068000.0,1232000.0,-101134000.0,44765995.68,38180995.68,3.554097648968008,3.687423935091278,0.0,0.0,-0.2230813569920931,3.554097648968008,-0.15756462240243285,17.034244931506848,-4.499999565741858,2.8361629295489106,0.0,0.6623376623376623,0.0,0.114265837645115,3.3184584178498984,-0.10813513631027435,-13.504071095022624,0.6894977168949772,0.13043478260869562,0.5882352322585821,0.3088451207132039,-0.5783138388810305,0.1482889733840304,0.21197718631178708,0.2222222222222222,-0.4000001351025462,0.4179924309454047,-0.7784864695116608,Scientific & Technical Instruments,Technology,SLNH
2007Q1,2007,Q1,2007-05-09,2007-03-31,-3156000.0,2316000.0,-4500000.0,-0.69,1578000.0,0.6813471503,26310000.0,17839000.0,21375000.0,5448000.0,8331000.0,1203000.0,-98647000.0,61147500.0,51262500.0,3.6175411913814957,3.923458149779736,0.0,0.0,-0.25307482313534974,3.6175411913814957,-0.1769157463983407,26.40220207253886,-4.84375,3.4277425864678515,0.0,0.6134663341645885,0.0,0.08802736602052452,3.560389133627019,-0.11995438996579247,-13.121781115879829,0.6813471502590673,0.26595744680851063,0.4666666666666666,1.699607796173767,-0.6263452324430857,-0.39701948796331676,0.12382009994447529,-0.1320754716981132,-7.000000000000001,-0.2777250488574792,-0.8042000732893947,Scientific & Technical Instruments,Technology,SLNH
