Quarters,Year,Quarter,FillingDate,Date,NetIncome,Revenue,OperatingIncome,EPSDiluted,GrossProfit,GrossProfitRatio,TotalAssets,CommonStockEquity,CurrentAssets,CurrentLiability,TotalLiability,Inventory,RetainedEarnings,MarketCap,EnterpriseValue,bookValuePerShare,currentRatio,debtToAssets,debtToEquity,roic,shareholdersEquityPerShare,roe,priceToSalesRatio,peRatio,pbRatio,payoutRatio,inventoryTurnover,dividendYield,assetTurnover,quickRatio,returnOnAssets,priceToFreeCashFlowsRatio,grossProfitMargin,epsdilutedGrowth,fiveYNetIncomeGrowthPerShare,fiveYRevenueGrowthPerShare,fiveYShareholdersEquityGrowthPerShare,grossProfitGrowth,netIncomeGrowth,operatingIncomeGrowth,threeYNetIncomeGrowthPerShare,threeYRevenueGrowthPerShare,threeYShareholdersEquityGrowthPerShare,Industry,Sector,Symbol
2023Q1,2023,Q1,2023-05-12,2023-03-31,-866836.0,0.0,-363654.0,-0.21,0.0,0.0,13062127.0,7362951.0,13062127.0,340155.0,5699176.0,12945886.0,-5608148.0,274008.05120000005,782617.0512000001,1.7627569098232396,38.400514471343946,0.044020395759434894,0.0780936882508114,-0.06454592093966013,1.7627569098232396,-0.1177294266931832,0.0,-0.07902534366362265,0.03721443361500029,0.0,0.0,0.0,0.0,38.400514471343946,-0.06636254570178349,-1.8854586635656143,0.0,-1.3962264150943395,0.0,0.0,0.0,0.0,-1.1125024805195665,-1.144628903370389,0.0,0.0,0.0,Shell Companies,Financial Services,OXACW
2022Q4,2022,Q4,2023-02-22,2022-12-31,7705039.0,0.0,-169565.0,0.53,0.0,0.0,13049940.0,7978196.0,215311.0,101842.0,5071744.0,-3593.0,-4856721.0,463680.0,826962.0,0.550600138026225,2.114167043066711,0.04406150526362573,0.07207143068433014,-0.04323503330500877,0.550600138026225,0.9657620594931485,0.0,0.015044699968423262,0.05811840170384383,0.0,0.0,0.0,0.0,2.114167043066711,0.5904271590520722,-6.894562324357278,0.0,2.5333333333333337,2.077481053629897,0.0,0.5956388808722237,0.0,2.4387102647994334,0.09583175586684228,2.077481053629897,0.0,0.5956388808722237,Shell Companies,Financial Services,OXACW
2022Q3,2022,Q3,2022-11-14,2022-09-30,2240677.0,0.0,-187537.0,0.15,0.0,0.0,117512747.0,109870131.0,295613.0,14545.0,7642616.0,0.0,101081.0,581049.0,302078.0,7.582479710144928,20.32402887590237,0.0,0.0,-0.004904892845020182,7.582479710144928,0.020393868466398752,0.0,0.06482962515346923,0.00528850739242315,0.0,0.0,0.0,0.0,19.193399793743556,0.019067522947106324,-4.150468584816709,0.0,3.3400936037441498,36.19212893802079,0.0,20.97402180519564,0.0,3.4124065744056398,-1.2398336969560557,36.19212893802079,0.0,20.97402180519564,Shell Companies,Financial Services,OXACW
2022Q2,2022,Q2,2022-08-15,2022-06-30,-928814.0,0.0,781946.0,-0.0641,0.0,0.0,117206248.0,109090377.0,481248.0,14144.0,8115871.0,0.0,-678672.0,1579410.0,1160443.0,7.528666459627329,34.02488687782805,0.0,0.0,0.013275389413547367,7.528666459627329,-0.008514169861196831,0.0,-0.42511471618644847,0.01447799561642362,0.0,0.0,0.0,0.0,29.621535633484164,-0.007924611664047124,-11.66408188585608,0.0,-1.0000002715130345,-274.0411607936038,0.0,5044.1083105952,0.0,-1.0000002715144982,14.924035756259126,-274.0411607936038,0.0,5044.1083105952,Shell Companies,Financial Services,OXACW
2022Q1,2022,Q1,2022-05-12,2022-03-31,3420863364922.0,0.0,-56158.0,236084.43,0.0,0.0,117328026.0,109591878.0,603026.0,62488.0,7736148.0,0.0,-177171.0,2347380.0,1793005.0,7.563276604554866,9.650268851619511,0.0,0.0,-520.9815998888613,7.563276604554866,31214.57016113913,0.0,1.7154879847514192e-07,0.02141928802424574,0.0,0.0,0.0,0.0,8.871703367046473,29156.404326805943,-39.109963345551485,0.0,481805.95918367343,0.0,0.0,0.0,0.0,478378.262303289,-1.0079632068590383,0.0,0.0,0.0,Shell Companies,Financial Services,OXACW
2021Q4,2021,Q4,2022-03-30,2021-12-31,-7150974.0,0.0,7052184.0,-0.49,0.0,0.0,117339476.0,5000001.0,614476.0,18000.0,11112301.0,0.0,-3541873.0,5865552.0,5251157.0,0.3450656314699793,34.13755555555556,0.0,0.0,2.8026446097675874,0.3450656314699793,-1.4301945139610972,0.0,-0.20506129654505806,1.1731101653779668,0.0,0.0,0.0,0.0,34.13305555555556,-0.06094261065219006,-23981.454451790163,0.0,-47.22641509433963,0.0,0.0,0.0,0.0,-119.69624539388506,218.01030864387482,0.0,0.0,0.0,Shell Companies,Financial Services,OXACW
2021Q3,2021,Q3,2021-11-15,2021-09-30,60246.0,0.0,-32497.0,0.0106,0.0,0.0,117382071.0,5000001.0,657071.0,57033.0,7601986.0,0.0,56869.0,5796000.0,5139438.0,0.3450656314699793,11.520891413742921,0.0,0.0,-0.016525858800196233,0.3450656314699793,0.012049197590160482,0.0,24.051389303854197,1.1591997681600463,0.0,0.0,0.0,0.0,11.513877930321042,0.0005132470358271324,25.959949298373697,0.0,54.0,0.0,0.0,0.0,0.0,18.840094758661532,-8.62303819958543,0.0,0.0,0.0,Shell Companies,Financial Services,OXACW
2021Q2,2021,Q2,2021-09-27,2021-06-30,-3377.0,0.0,-3377.0,-0.0002,0.0,0.0,199043.0,21623.0,800.0,177420.0,177420.0,0.0,-3377.0,5796000.0,5973420.0,0.0014922705314009662,0.004509074512456319,0.8913651823977733,8.205151921565001,-0.01696618318654763,0.0014922705314009662,-0.1561762937612727,0.0,-429.0790642582174,268.04791194561346,0.0,0.0,0.0,0.0,0.0,-0.01696618318654763,-28.633534235747454,0.0,0.0,0.0,0.0,0.0,0.0,0.0,0.0,0.0,0.0,0.0,Shell Companies,Financial Services,OXACW
2021Q1,2021,Q1,2021-04-30,2021-04-30,,,,,,,26772.0,22023.0,1200.0,4749.0,4749.0,0.0,-2977.0,0.0,0.0,0.0,0.2526847757422615,0.0,0.0,,0.0,,0.0,0.0,0.0,0.0,0.0,,,0.0,,0.0,0.0,0.0,0.0,0.0,0.0,0.0,0.0,0.0,0.0,0.0,0.0,Shell Companies,Financial Services,OXACW
