Quarters,Year,Quarter,FillingDate,Date,NetIncome,Revenue,OperatingIncome,EPSDiluted,GrossProfit,GrossProfitRatio,TotalAssets,CommonStockEquity,CurrentAssets,CurrentLiability,TotalLiability,Inventory,RetainedEarnings,MarketCap,EnterpriseValue,bookValuePerShare,currentRatio,debtToAssets,debtToEquity,roic,shareholdersEquityPerShare,roe,priceToSalesRatio,peRatio,pbRatio,payoutRatio,inventoryTurnover,dividendYield,assetTurnover,quickRatio,returnOnAssets,priceToFreeCashFlowsRatio,grossProfitMargin,epsdilutedGrowth,fiveYNetIncomeGrowthPerShare,fiveYRevenueGrowthPerShare,fiveYShareholdersEquityGrowthPerShare,grossProfitGrowth,netIncomeGrowth,operatingIncomeGrowth,threeYNetIncomeGrowthPerShare,threeYRevenueGrowthPerShare,threeYShareholdersEquityGrowthPerShare,Industry,Sector,Symbol
2023Q1,2023,Q1,2023-05-05,2023-03-31,397444000.0,1698930000.0,485064000.0,0.38,897849000.0,0.5284791016,8844362000.0,7395360000.0,5294609000.0,1187511000.0,1449002000.0,906723000.0,4706192000.0,56435535090.0,54762875090.0,7.077515841092382,4.458576804762229,0.0,0.0,0.052392631216555394,7.077515841092382,0.053742346552432874,33.218281559569846,35.49904835020783,7.631208634873758,0.0,0.8834903272554021,0.0,0.19209186598196681,3.5755786683239146,0.044937554568661935,148.34942968747947,0.5284791015521534,0.35714285714285704,0.992918925519771,1.162988450345923,1.067224032807397,0.144755614772126,0.31746626313922693,0.23003111441330185,0.4624950222049346,0.6412586996481784,0.9602341232824346,Beverages—Non-Alcoholic,Consumer Defensive,MNST
2022Q4,2022,Q4,2023-03-01,2022-12-31,301673000.0,1512930000.0,394351000.0,0.28,784315000.0,0.5184079898,8293105000.0,7025041000.0,4764897000.0,1001978000.0,1268064000.0,935631000.0,9001173000.0,53031306960.0,51724165960.0,6.724161662260492,4.755490639515039,0.0,0.0,0.04303255120475878,6.724161662260492,0.04294252517529791,35.052055917986955,43.94767426982196,7.548896434910486,0.0,0.7787418330517052,0.0,0.18243227355737085,3.6783821600873474,0.036376363255981925,234.55216792866747,0.5184079897946369,-0.06666666666666654,0.6193041573861826,1.0175613210214725,0.9489513065507335,-0.05926414585144982,-0.06425197045786586,-0.056418538989782975,0.21728978401131047,0.5301333698644615,0.7326018792710323,Beverages—Non-Alcoholic,Consumer Defensive,MNST
2022Q3,2022,Q3,2022-11-04,2022-09-30,322387000.0,1624286000.0,417930000.0,0.3,833725000.0,0.5132870689,8204805000.0,6815760000.0,4696691000.0,1121717000.0,1389045000.0,862977000.0,8699499000.0,45810267120.0,44507219120.0,6.469057340873239,4.187055201980535,0.0,0.0,0.04705825372326562,6.469057340873239,0.04730022770754839,28.203325719731623,35.52428224463145,6.721226557273143,0.0,0.9160858284751505,0.0,0.19796765431963342,3.2998260702120055,0.039292463379690314,107.00158392252766,0.5132870689028902,0.15384615384615377,0.5887410700640341,0.925231722716503,0.9498329126784166,0.06906871865627336,0.17934957565115597,0.12060297465350676,0.11467446739532362,0.48095321916601597,0.7148101481205165,Beverages—Non-Alcoholic,Consumer Defensive,MNST
2022Q2,2022,Q2,2022-08-05,2022-06-30,273360000.0,1655260000.0,372951000.0,0.26,779861000.0,0.4711410896,8175012000.0,6809178000.0,4696620000.0,1093608000.0,1365834000.0,885948000.0,8377112000.0,49002795900.0,47870756900.0,6.44055904369326,4.29461013452718,0.0,0.0,0.040889264096396045,6.44055904369326,0.04014581495740015,29.604289295941424,44.815258176031605,7.1965802480123156,0.0,0.9880929806264025,0.0,0.20247799024637517,3.3333863687902796,0.03343848302607996,949.592975350748,0.4711410896173411,-0.03703703703703707,0.3191185196180121,0.9604906015109181,0.9373100738179089,0.004112444586933653,-0.0708456405950993,-0.06642986415145348,-0.03787503791582831,0.5433404592903656,0.7274649739919004,Beverages—Non-Alcoholic,Consumer Defensive,MNST
2022Q1,2022,Q1,2022-05-06,2022-03-31,294203000.0,1518574000.0,399489000.0,0.27,776667000.0,0.5114449477,8187459000.0,6866672000.0,4743666000.0,1044361000.0,1320787000.0,821132000.0,8103752000.0,42299459500.0,41284673500.0,6.4852730896005895,4.542170762791793,0.0,0.0,0.0436425593177191,6.4852730896005895,0.042845063809659176,27.854723905453405,35.94410959439571,6.160110676613067,0.0,0.9035173394776966,0.0,0.18547561581682423,3.6119828296920318,0.0359333707808491,-1396.8977081338132,0.5114449476943501,-0.09999999999999991,0.7846923426012041,1.2091951170188617,1.1000578557903802,0.011838505432658485,-0.08437540847893338,-0.03243315248982755,0.15352367512854656,0.6457927755991878,0.90330900357213,Beverages—Non-Alcoholic,Consumer Defensive,MNST
2021Q4,2021,Q4,2022-02-28,2021-12-31,321314000.0,1425044000.0,412880000.0,0.3,767580000.0,0.538636,7804784000.0,6566951000.0,4682110000.0,965076000.0,1237833000.0,593357000.0,7809549000.0,50823695720.0,49497233720.0,6.204684302324483,4.851545370520042,0.0,0.0,0.048213015407482254,6.204684302324483,0.0489289473912627,35.66465015817055,39.54363622500109,7.7393139860492335,0.0,1.1080411961095933,0.0,0.18258596266085006,4.116615686225748,0.04116885233467063,249.56638768856067,0.5386360000112277,-0.06250000000000006,0.9975410332860245,1.0326911664848348,1.120491761241041,-0.027343066914356822,-0.047125635740869795,-0.07106087332157385,0.3974675122348675,0.6034394881013995,0.8912657444734258,Beverages—Non-Alcoholic,Consumer Defensive,MNST
2021Q3,2021,Q3,2021-11-05,2021-09-30,337205000.0,1410557000.0,444464000.0,0.32,789158000.0,0.5594655161,7449408000.0,6244997000.0,4383673000.0,932240000.0,1204411000.0,471553000.0,7488235000.0,46996093480.0,45283422480.0,5.902677141836343,4.702300909637003,0.0,0.0,0.05427566580001973,5.902677141836343,0.05399602273627994,33.31740119683217,34.84237591376166,7.525398888101948,0.0,1.3177712791563196,0.0,0.18935155652637095,4.061072256071398,0.04526601308452967,140.91697644991635,0.559465516104631,-0.15789473684210525,0.8997135997350637,0.9327552554433939,0.9840144272345712,-0.0569763801357013,-0.1648421594899966,-0.15497124388041256,0.3159022880983535,0.4503074769035545,0.6759057317312662,Beverages—Non-Alcoholic,Consumer Defensive,MNST
2021Q2,2021,Q2,2021-08-09,2021-06-30,403762000.0,1461934000.0,525975000.0,0.38,836838000.0,0.5724184539,7071543000.0,5905498000.0,3950675000.0,887527000.0,1166045000.0,382890000.0,7151030000.0,48287165020.0,46702926020.0,5.585419925735785,4.4513293680079595,0.0,0.0,0.06825736315748092,5.585419925735785,0.06837052522920167,33.029647726915165,29.89828476924525,8.176645732502154,0.0,1.632573323931155,0.0,0.20673479606925957,3.901132021899052,0.057096732636710265,120.3256509279748,0.5724184539110521,0.2666666666666667,1.4997251350929972,1.0149640250758518,1.1097887043763206,0.17050920713071818,0.2809951966090725,0.27002313193897803,0.5830305707510791,0.5240615885063589,0.7347869706542381,Beverages—Non-Alcoholic,Consumer Defensive,MNST
2021Q1,2021,Q1,2021-05-07,2021-03-31,315194000.0,1243816000.0,414146000.0,0.3,714935000.0,0.574791609,6534366000.0,5459437000.0,3433872000.0,788861000.0,1074929000.0,368402000.0,6747268000.0,48108000600.0,46929121600.0,5.168012760438853,4.352949378914663,0.0,0.0,0.05783979420453874,5.168012760438853,0.05773379196426298,38.67774703010735,38.15745271166329,8.811897746965483,0.0,1.4356083843193033,0.0,0.19034991305966026,3.754141730925981,0.04823635529445397,300.98727805097786,0.5747916090482836,-0.31818181818181823,1.2170087216192451,1.1078316203106242,0.26064888742163544,0.03511007188515749,-0.3318423864195228,0.029443128403856815,0.5633125577059532,0.5663508342823934,0.5094901120822576,Beverages—Non-Alcoholic,Consumer Defensive,MNST
2020Q4,2020,Q4,2021-03-01,2020-12-31,471736000.0,1196283000.0,402301000.0,0.44,690685000.0,0.5773592035,6202716000.0,5160860000.0,3140955000.0,749988000.0,1041856000.0,333085000.0,6432074000.0,48828145280.0,47647732280.0,4.887307618005023,4.1880070081121294,0.0,0.0,0.09174970482642728,4.887307618005023,0.09140647101452083,40.81655033131793,25.876838570726,9.461241979050003,0.0,1.517924854016242,0.0,0.19286438392471944,3.63709686021643,0.0760531354329297,119.59855996198566,0.5773592034660695,0.33333333333333326,2.9182498932176157,1.1359143110309373,0.2366059643739752,-0.062245852516730454,0.35691233237644326,-0.12276466906962698,1.505239919423847,0.5783385146182152,0.4165519876011038,Beverages—Non-Alcoholic,Consumer Defensive,MNST
2020Q3,2020,Q3,2020-11-06,2020-09-30,347654000.0,1246362000.0,458601000.0,0.33,736531000.0,0.5909446854,5697683000.0,4629321000.0,2825847000.0,773763000.0,1068362000.0,318956000.0,5960338000.0,42316487400.0,41241757400.0,4.38684265887343,3.6520833898751945,0.0,0.0,0.0758538297464774,4.38684265887343,0.07509827035109469,33.95200383195252,30.430030576377664,9.14097065206755,0.0,1.598436774978367,0.0,0.21874891951693345,3.1209414252167655,0.0610167325911252,91.39570888309579,0.5909446854124243,0.10000000000000009,1.321750627325003,0.9205024273186546,0.15954296923808955,0.11685462091470562,0.11653375898050224,0.12605337078651685,0.7105307383487891,0.4749345810987754,0.322234407317602,Beverages—Non-Alcoholic,Consumer Defensive,MNST
2020Q2,2020,Q2,2020-08-06,2020-06-30,311369000.0,1093896000.0,407264000.0,0.3,659469000.0,0.6028626122,5193813000.0,4221540000.0,2371450000.0,674865000.0,972273000.0,340536000.0,5612684000.0,36525470520.0,35604144520.0,4.005932690720065,3.5139620516695933,0.0,0.0,0.07408391090417966,4.005932690720065,0.07375720708556593,33.390258781456374,29.326514938866744,8.65216734177575,0.0,1.2757153428712382,0.0,0.21061520697799477,2.863553451431027,0.05994998279683924,162.29575223834175,0.6028626121678843,0.15384615384615377,0.3701015366550007,0.5889528727089688,-0.12376978268966837,0.03495470781360837,0.116678322305306,0.11582846559338937,0.507398518838127,0.29980570599982276,0.20497827969886367,Beverages—Non-Alcoholic,Consumer Defensive,MNST
2020Q1,2020,Q1,2020-05-11,2020-03-31,278835000.0,1062097000.0,364988000.0,0.26,637196000.0,0.5999414366,4881497000.0,3870946000.0,2048722000.0,701541000.0,1010551000.0,352305000.0,5301315000.0,30158791860.0,29487278860.0,3.610546187840563,2.920316845344748,0.006211823954823694,0.007833485664744483,0.07075261563036765,3.610546187840563,0.072032779584112,28.395515532008847,27.039998439937598,7.791064990315029,0.0,1.2060600899788536,0.0,0.2175760837300525,2.289130642400088,0.05712079716529581,174.1249631066616,0.5999414366107804,0.08333333333333341,59.053903751462144,0.6108967903628563,1.5061821255964063,0.043270112383098004,0.09366787734257945,0.15121828131653237,0.6704649834793682,0.525935312482633,0.16916524265218894,Beverages—Non-Alcoholic,Consumer Defensive,MNST
2019Q4,2019,Q4,2020-02-28,2019-12-31,254954000.0,1017206000.0,317045000.0,0.24,610768000.0,0.600436883,5150352000.0,4171281000.0,2316309000.0,661097000.0,979071000.0,360731000.0,5022480000.0,34157334680.0,33360862680.0,3.8809617735665785,3.5037354578828825,0.0,0.0,0.06032441759233722,3.8809617735665785,0.06112127185869281,33.57956468994481,33.49362500686398,8.188691838310582,0.0,1.1267066040900282,0.0,0.19750222897386432,2.830673864803501,0.04950224761336701,147.12525436650657,0.6004368829912525,-0.14285714285714296,0.9041133958809183,0.5723054256344484,1.5769340278498212,-0.09247223633807923,-0.14709139142856187,-0.1982536041856854,0.5607807321263453,0.42878224073336413,0.32634426919291976,Beverages—Non-Alcoholic,Consumer Defensive,MNST
2019Q3,2019,Q3,2019-11-08,2019-09-30,298923000.0,1133577000.0,395443000.0,0.28,673002000.0,0.5936976491,5137366000.0,4107978000.0,2360760000.0,714216000.0,1029388000.0,317745000.0,4767526000.0,31611870140.0,30896095140.0,3.772462711375671,3.3053866057327195,0.0,0.0,0.07219665003074505,3.772462711375671,0.07276645590604429,27.886830925468672,26.438138032202275,7.695238421432637,0.0,1.4495114006514658,0.0,0.22065334648144594,2.7344052779551284,0.05818604319801236,93.66729820943374,0.5936976491230856,0.03703703703703707,1.2666746642684985,0.6435255627751085,1.7320614446981029,0.01772161086856913,0.02205331774215056,0.04341275495395657,0.6361891550383691,0.5090974989763555,0.26800437593394916,Beverages—Non-Alcoholic,Consumer Defensive,MNST
2019Q2,2019,Q2,2019-08-08,2019-06-30,292473000.0,1104045000.0,378990000.0,0.27,661283000.0,0.5989638104,5084332000.0,4057586000.0,2326768000.0,705500000.0,1026746000.0,299529000.0,4468603000.0,35239542560.0,34352456560.0,3.7283297436764458,3.298041105598866,0.0,0.0,0.07151950526838681,3.7283297436764458,0.07208054247032596,31.918574478395357,30.12204764200456,8.684854137410767,0.0,1.478194098067299,0.0,0.21714651993614895,2.7419305457122607,0.05752437094981209,110.53912853634131,0.5989638103519331,0.1250000000000001,0.9108496246974088,0.4800396178740974,1.976972264186756,0.15300105312345258,0.11850775379084842,0.21681366206362915,0.7591378492864453,0.4783374687568907,0.40830735808330776,Beverages—Non-Alcoholic,Consumer Defensive,MNST
2019Q1,2019,Q1,2019-05-03,2019-03-31,261485000.0,945991000.0,311461000.0,0.24,573532000.0,0.6062763811,4655851000.0,3698820000.0,1907300000.0,630972000.0,957031000.0,300780000.0,4176130000.0,28918679040.0,28301195040.0,3.4073674203342863,3.0227965741744485,0.0,0.0,0.07007723048624663,3.4073674203342863,0.07069416732904008,30.569718993098242,27.648506644740618,7.818352620565478,0.0,1.2383103929782566,0.0,0.20318326338192524,2.343530299284279,0.056162664999373904,251.66153840798532,0.6062763810649361,0.09090909090909087,1.5326721751855348,0.6278518889124088,2.0945162346598707,0.03862716904321245,0.0935898990828374,0.016149501975459283,0.7898485795986651,0.5600798641312267,-0.1688306227950597,Beverages—Non-Alcoholic,Consumer Defensive,MNST
2018Q4,2018,Q4,2019-02-28,2018-12-31,239107000.0,924230000.0,306511000.0,0.22,552202000.0,0.5974724906,4526891000.0,3610901000.0,1804170000.0,601145000.0,915990000.0,277705000.0,3914645000.0,27086947280.0,26449434280.0,3.280704639448761,3.0012226667442965,0.0,0.0,0.06528434278877195,3.280704639448761,0.06621809902846963,29.307582831113468,28.32094760922934,7.5014372534721945,0.0,1.3396517887686574,0.0,0.2041644033399523,2.3999617396801103,0.052819252771935526,84.19076464024518,0.5974724906138082,-0.0833333333333333,1.8646626180642747,0.558131535224357,2.3180419180702927,-0.09126335658650658,-0.10691995383460388,-0.09736345351367748,0.905414012246571,0.5831931776325522,-0.1699030956132583,Beverages—Non-Alcoholic,Consumer Defensive,MNST
2018Q3,2018,Q3,2018-11-08,2018-09-30,267733000.0,1016160000.0,339573000.0,0.24,607659000.0,0.5979953944,4871359000.0,3893267000.0,2152671000.0,656362000.0,978092000.0,262084000.0,3675538000.0,31702527840.0,30988813840.0,3.522081839137027,3.2797008358192583,0.0,0.0,0.06816837627134183,3.522081839137027,0.06876820932137456,31.198362305148795,29.60274586995253,8.142911297889407,0.0,1.5586643976740282,0.0,0.20859887353816461,2.7298563902236874,0.0549606382941598,106.17624467486536,0.5979953944260746,0.0,1.639806133112168,0.5643696263226727,2.684732105171971,-0.020312515114678086,-0.008822135675043315,-0.05046683500130026,0.7069497556891817,0.49480054944262425,-0.06903311761327252,Beverages—Non-Alcoholic,Consumer Defensive,MNST
2018Q2,2018,Q2,2018-08-09,2018-06-30,270116000.0,1015873000.0,357621000.0,0.24,620258000.0,0.6105664783,4542070000.0,3605160000.0,1828679000.0,614212000.0,936910000.0,275566000.0,3407806000.0,32080379100.0,31420692100.0,3.219657525805236,2.9772765755146433,0.0,0.0,0.07482523622719155,3.219657525805236,0.07492482996593772,31.579123669986306,29.691298460661343,8.898461954531838,0.0,1.435645181190713,0.0,0.22365859619072362,2.3824803162426003,0.05946980121398393,96.98491461014521,0.6105664782901012,0.26315789473684204,1.2542115268381222,0.43604431863474213,2.756232635865504,0.2037837428700629,0.2502476278639204,0.2776057017308826,0.11861357840333933,0.3887587086484241,-0.2957542147334323,Beverages—Non-Alcoholic,Consumer Defensive,MNST
2018Q1,2018,Q1,2018-05-10,2018-03-31,216050000.0,850921000.0,279915000.0,0.19,515257000.0,0.6055285978,4740132000.0,3875607000.0,2038548000.0,534022000.0,864525000.0,268607000.0,3137691000.0,32386520000.0,31875160000.0,3.4236810954063603,3.8173483489444253,0.0,0.0,0.05538893709882134,3.4236810954063603,0.055746106351856624,38.060548511553954,37.47572321221939,8.356502607204497,0.0,1.2496472541668684,0.0,0.1795141991826388,3.0374123163465176,0.04557889949056271,238.37806009038584,0.605528597836932,0.05555555555555561,1.9852198683337112,0.5417439321152361,3.8479747236524275,0.023127022894700266,0.07315643595831553,0.04793120488783731,43.07030018924688,0.2223358710008515,1.3764737850318405,Beverages—Non-Alcoholic,Consumer Defensive,MNST
2017Q4,2017,Q4,2018-03-01,2017-12-31,201322000.0,810355000.0,267112000.0,0.18,503610000.0,0.6214683688,4791012000.0,3895212000.0,2086377000.0,560351000.0,895800000.0,255745000.0,2928226000.0,35732850000.0,35204228000.0,3.450143489813995,3.7233394782912854,0.0,0.0,0.05154303556774229,3.450143489813995,0.051684478277433936,44.09530391001475,44.372758565879536,9.173531504832086,0.0,1.1994173884142407,0.0,0.1691406742458587,2.9464228670958024,0.042020767219952695,201.40146882274365,0.6214683688013278,-0.05263157894736847,1.657290260042216,0.5421479674184237,4.424074857714736,-0.11602239037824573,-0.07964561313681746,-0.15836305660234679,0.43139123915195854,0.19244801846427254,1.2908734171054812,Beverages—Non-Alcoholic,Consumer Defensive,MNST
2017Q3,2017,Q3,2017-11-09,2017-09-30,218744000.0,909476000.0,317372000.0,0.19,569709000.0,0.6264145508,4708906000.0,3768154000.0,1934297000.0,597684000.0,940752000.0,213341000.0,2726904000.0,31380938280.0,30915379280.0,3.3177495870591924,3.2363205305813776,0.0,0.0,0.0573288835952037,3.3177495870591924,0.05805070599556175,34.504416037366575,35.86491318619025,8.327934123711504,0.0,1.5926005784167132,0.0,0.19313955300870309,2.7292733283808834,0.046453252623857855,139.82069926081707,0.6264145507962827,-0.050000000000000044,1.3479561233735566,0.5517037663509298,2.916210566046852,-0.0236299415421159,-0.01746821001378951,-0.09332906716641765,0.590318536959662,0.2642553331393697,1.4027529026687384,Beverages—Non-Alcoholic,Consumer Defensive,MNST
2017Q2,2017,Q2,2017-08-09,2017-06-30,222633000.0,907068000.0,350041000.0,0.2,583497000.0,0.6432781225,4684131000.0,3776017000.0,1880079000.0,561171000.0,908114000.0,190600000.0,2508161000.0,28213768800.0,27436113800.0,3.3244853938123997,3.3502782574295535,0.0,0.0,0.05939258151848826,3.3244853938123997,0.05895974514945245,31.10435909986903,31.681925860047702,7.471833098209039,0.0,1.6976442812172088,0.0,0.19364701798476602,2.9199441881351675,0.04752920018675823,88.24469007450223,0.6432781224781383,0.25000000000000006,0.8872094820895046,0.4244985771452242,1.9583979358744412,0.21340933383797003,0.25088774019552756,0.32459831530829253,0.3937156482670949,0.165119088996064,1.6545132781936622,Beverages—Non-Alcoholic,Consumer Defensive,MNST
2017Q1,2017,Q1,2017-05-08,2017-03-31,177980000.0,742146000.0,264262000.0,0.16,480874000.0,0.6479506728,4349747000.0,3530226000.0,1616816000.0,469824000.0,819521000.0,171290000.0,2285528000.0,26384040479.999996,25807703479.999996,3.0881402013373505,3.4413227080779185,0.0,0.0,0.05029081391657757,3.0881402013373505,0.05041603568723362,35.5510108253632,37.06040071918193,7.4737539409658185,0.0,1.5253196333703076,0.0,0.1706181991734232,2.889762975071516,0.040917322317826764,152.48863145362176,0.6479506727786716,0.06666666666666674,1.1461443462700474,0.49803451253800946,2.0350879636637194,-0.034608612905103864,0.029101401007244995,0.04979183881014428,0.6369753181983856,0.21270722439979942,1.8045992137257372,Beverages—Non-Alcoholic,Consumer Defensive,MNST
2016Q4,2016,Q4,2017-03-01,2016-12-31,172947000.0,753765000.0,251728000.0,0.15,498113000.0,0.6608332836,4153471000.0,3329709000.0,1432270000.0,470589000.0,823762000.0,161971000.0,2107548000.0,25228351500.000004,24850769500.000004,2.926059141438552,3.043568804200693,0.0,0.0,0.05299359232660419,2.926059141438552,0.05194057498718357,33.4697836858968,36.468327724678666,7.57674364336343,0.0,1.5783813151737038,0.0,0.18147833462662916,2.4887683307514625,0.04163914952096692,102.09856615593814,0.6608332835830796,-0.11764705882352951,1.4898577725621471,0.7082884793807218,2.159490501621823,-0.009666484417714599,-0.0975563939199449,-0.133093413689195,1.0041004793143002,0.22909454836430512,1.959360245144531,Beverages—Non-Alcoholic,Consumer Defensive,MNST
2016Q3,2016,Q3,2016-11-07,2016-09-30,191643000.0,787954000.0,290375000.0,0.17,502975000.0,0.6383304102,4236431000.0,3398400000.0,1550024000.0,472642000.0,838031000.0,167840000.0,1934601000.0,27951444780.0,27609918780.0,2.975118053987047,3.2794884923472734,0.0,0.0,0.05659423754205148,2.975118053987047,0.05639212570621469,35.473447409366536,36.46290861132418,8.224883704096044,0.0,1.6979206387035273,0.0,0.1859947677656027,2.520992632901858,0.0452368987008168,225.30767441298093,0.6383304101508464,0.13333333333333347,1.1497258660181258,0.5340819688197841,2.3680567296527717,-0.02865700811488295,0.04029986049213165,0.006418899013250243,0.828552962500673,0.1738770127809597,2.1125094506290183,Beverages—Non-Alcoholic,Consumer Defensive,MNST
2016Q2,2016,Q2,2016-08-05,2016-06-30,184219000.0,827488000.0,288523000.0,0.15,517814000.0,0.6257661743,4038056000.0,3192411000.0,1292825000.0,497356000.0,845645000.0,174401000.0,1742960000.0,32305364460.0,31870595460.0,2.6473835574861053,2.5993956039537074,0.0,0.0,0.057749723919889265,2.6473835574861053,0.05770528919991818,39.04028150257164,43.84097793930051,10.119425243178275,0.0,1.7756434882827508,0.0,0.20492236858527965,2.150966309846468,0.04562071452203734,256.69941326510343,0.625766174252678,0.15384615384615377,0.9251949184999988,0.576461364842543,1.9575891708507636,0.22386302936908234,0.12412968262782453,0.13273763019555343,0.4275512574671357,0.08618315671497316,2.0885858009994367,Beverages—Non-Alcoholic,Consumer Defensive,MNST
2016Q1,2016,Q1,2016-05-02,2016-03-31,163877000.0,680186000.0,254713000.0,0.13,423098000.0,0.6220327969,5883484000.0,4991846000.0,3792872000.0,540655000.0,891638000.0,165929000.0,1558740000.0,27068937480.0,24540828480.0,4.099486234433462,7.015327704358602,0.0,0.0,0.03275076135493655,4.099486234433462,0.03282893743116274,39.79637552081343,41.29459515368234,5.422630722181734,0.0,1.5493855805796455,0.0,0.11560939062637036,6.618002238026098,0.02785373428397188,273.3904726699794,0.6220327969114331,0.18181818181818185,1.6092086960771947,0.6724754435373194,4.12535078208758,0.0489313542955318,0.1811635986219025,0.11497145958817762,1.1050127869009336,0.14568539111422962,4.804923148701033,Beverages—Non-Alcoholic,Consumer Defensive,MNST
2015Q4,2015,Q4,2016-02-29,2015-12-31,138742000.0,645433000.0,228448000.0,0.11,403361000.0,0.6249463538,5675189000.0,4809410000.0,3582602000.0,514189000.0,865779000.0,156121000.0,1394863000.0,30215527679.999996,28040110679.999996,3.952194764384138,6.967480829033682,0.0,0.0,0.028717420024794018,3.952194764384138,0.02884802917613595,46.8143520396385,54.4455314180277,6.282585115429958,0.0,1.5505409265889918,0.0,0.11372889960140535,6.608429974192369,0.02444711532955114,203.26351263353334,0.624946353843079,-0.21428571428571436,1.4648089211481916,0.767895335760887,4.067485446001042,-0.13344404437607954,-0.20525393242980056,-0.2161351642544898,0.6990109917382453,0.13957358665847677,5.213364840499296,Beverages—Non-Alcoholic,Consumer Defensive,MNST
2015Q3,2015,Q3,2015-11-06,2015-09-30,174574000.0,756619000.0,291438000.0,0.14,465476000.0,0.615205275,5603738000.0,4654557000.0,3750647000.0,504606000.0,949181000.0,159691000.0,1256121000.0,27706491120.0,26465774120.0,3.7832514837772067,7.43282283603445,0.0,0.0,0.0379437551944149,3.7832514837772067,0.03750603977994039,36.618814912128826,39.67728745403096,5.952551686444059,0.0,1.8231647368981345,0.0,0.1350204095908838,6.577234515641907,0.03115313385458064,157.63013455159899,0.615205275045961,-0.33333333333333326,1.2628308237047003,0.7095800928885597,4.265095402781323,0.17988988816449855,-0.23768143787881435,5.746406166809417,0.7298374227003183,0.19169937619269684,3.465680439708361,Beverages—Non-Alcoholic,Consumer Defensive,MNST
2015Q2,2015,Q2,2015-08-10,2015-06-30,229004000.0,693722000.0,43199000.0,0.21,394508000.0,0.5686831324,5791581000.0,4854820000.0,3922379000.0,491927000.0,936761000.0,180892000.0,1081547000.0,23723069400.0,22026774400.0,4.571781036057669,7.973498100327894,0.0,0.0,0.005580887253143234,4.571781036057669,0.04717044092262947,34.19679554634277,25.898095011440848,4.886498242983262,0.0,1.654103000685492,0.0,0.11978110985584074,6.971538459974752,0.03954084385593502,-334.4386246369865,0.5686831324363362,1.0999999999999999,2.5910985685567702,0.8989907514091651,6.163245801833096,0.06925197245207436,50.881286814680564,4.662472145759602,1.0763255145193804,0.1652777187817346,3.0683432105059643,Beverages—Non-Alcoholic,Consumer Defensive,MNST
2015Q1,2015,Q1,2015-05-11,2015-03-31,4414000.0,626791000.0,7629000.0,0.1,368957000.0,0.5886443807,2084946000.0,1468354000.0,1841895000.0,549287000.0,616592000.0,197914000.0,2334924000.0,23513543820.0,23150756820.0,1.4406559487297224,3.353247027510209,0.0,0.0,0.002587840035464192,1.4406559487297224,0.003006087087991043,37.514169507858284,1331.7593917082013,16.01353884689932,0.0,1.3027577634730236,0.0,0.30062697067454025,2.46524312426837,0.0021170812097771356,-267.21758097142987,0.5886443806627728,-0.1666666666666666,-0.8590028031396052,1.738089727147762,1.401578019763664,0.11204311251631337,-0.9647812592255707,-0.960455315906511,-0.9403026488540464,0.4190255860430102,0.4159064176803092,Beverages—Non-Alcoholic,Consumer Defensive,MNST
2014Q4,2014,Q4,2015-03-02,2014-12-31,125331000.0,605566000.0,192921000.0,0.12,331783000.0,0.5478890823,1938875000.0,1515150000.0,1693429000.0,355716000.0,423725000.0,174573000.0,2330510000.0,18169263000.0,17798940000.0,1.5060384672729983,4.760620832349402,0.0,0.0,0.08315387851558263,1.5060384672729983,0.08271854271854272,30.003770026718804,36.24255571247337,11.99172557172557,0.0,1.568300940007905,0.0,0.31232854103539426,4.0262793914246195,0.06464109341757462,108.00893472833195,0.5478890822800487,0.0,1.5206469490502488,1.2337871130354001,1.7795825535073724,-0.029647285914833878,0.030682565789473683,0.015870926295502536,1.0409089319767877,0.5523524892777696,0.6261852554650602,Beverages—Non-Alcoholic,Consumer Defensive,MNST
2014Q3,2014,Q3,2014-11-07,2014-09-30,121600000.0,635972000.0,189907000.0,0.12,341920000.0,0.5376337323,1862878000.0,1386440000.0,1617479000.0,370611000.0,476438000.0,205449000.0,2205179000.0,15342281280.0,14933958280.0,1.3808118110581271,4.364357776752444,0.0,0.0,0.08818866891648255,1.3808118110581271,0.08770664435532731,24.124145842898745,31.542519078947365,11.065954011713453,0.0,1.4312651801663674,0.0,0.3413921899340698,3.5873975678002004,0.06527534277607014,107.35699836959184,0.53763373230268,-0.14285714285714296,1.318709576876412,1.2252922930275592,1.6629905147606376,-0.09852144017211195,-0.13760700126947653,-0.12003910793140357,0.5517701784607213,0.40860557012671356,0.5631825118286901,Beverages—Non-Alcoholic,Consumer Defensive,MNST
2014Q2,2014,Q2,2014-08-08,2014-06-30,141003000.0,687199000.0,215813000.0,0.14,379288000.0,0.5519332828,1769019000.0,1255631000.0,1487353000.0,404841000.0,513388000.0,207908000.0,2083579000.0,11870641920.0,11497590920.0,1.2523898151583701,3.67391889655445,0.0,0.0,0.11220398209473438,1.2523898151583701,0.11229652660694105,17.27395109713489,21.046789642773557,9.453925492441648,0.0,1.4809964022548434,0.0,0.38846332345780343,3.02788502152697,0.07970688839407604,101.85545304777595,0.5519332827899924,0.5267175572519085,1.664052587343916,1.4773375463634006,1.4698349331708742,0.32239957045931567,0.48034645669291337,0.44974238057811544,0.7723441994675939,0.574648323969805,0.3991378561380317,Beverages—Non-Alcoholic,Consumer Defensive,MNST
2014Q1,2014,Q1,2014-05-12,2014-03-31,95250000.0,536129000.0,148863000.0,0.0917,286818000.0,0.5349794546,1593583000.0,1102726000.0,1355213000.0,380366000.0,490857000.0,204061000.0,1942575000.0,11597115240.0,11285095240.0,1.1010985763042223,3.562918347065721,0.0,0.0,0.08628758632890036,1.1010985763042223,0.08637685154789132,21.63120301270776,30.438622677165355,10.516769569231162,0.0,1.221747418664027,0.0,0.3364299192448715,2.883375485716389,0.05977096894231427,91.65433956895939,0.5349794545715677,0.2510231923601637,1.4831558069407265,1.3789194675549505,1.461965914306747,0.03484256443006051,0.25154389929834703,0.10468550565466472,0.8439372155253917,0.6028456154323444,0.3766399315635914,Beverages—Non-Alcoholic,Consumer Defensive,MNST
2013Q4,2013,Q4,2014-03-03,2013-12-31,76106000.0,540849000.0,134756000.0,0.0733,277161000.0,0.5124554173,1420509000.0,992279000.0,1183043000.0,316014000.0,428230000.0,221449000.0,1847325000.0,11340363600.0,11129014600.0,0.9887471950193908,3.7436411045080282,0.0,0.0,0.07845229611348421,0.9887471950193908,0.0766981866995069,20.967707437750647,37.25187107455391,11.428603850328386,0.0,1.190739176966254,0.0,0.3807430998325248,2.8789104280190116,0.05357657008860908,202.95952751677854,0.5124554173161086,-0.1698754246885617,4.590524997829554,1.3520772958961027,1.5158081779412795,-0.09857547077763684,-0.1744389122110493,-0.11010440536489048,0.63945360485056,0.7963309072889195,0.26776697992916,Beverages—Non-Alcoholic,Consumer Defensive,MNST
2013Q3,2013,Q3,2013-11-12,2013-09-30,92187000.0,590422000.0,151429000.0,0.0883,307470000.0,0.5207631152,1511867000.0,960391000.0,1278457000.0,438272000.0,551476000.0,247368000.0,1771219000.0,8751302820.0,8464283820.0,0.9558583198472842,2.9170401029497666,0.0,0.0,0.09643865065942817,0.9558583198472842,0.09598902946820617,14.822115063463082,23.732475349018845,9.112229102521786,0.0,1.1438504576178001,0.0,0.3905250924849871,2.1580114632009346,0.06097560168983118,53.98739548053967,0.520763115195572,-0.11700000000000002,0.9388057298848732,1.2847645690553535,1.0600291288413826,-0.08562371008320893,-0.137415437014026,-0.1560411755198493,0.46319022190277076,0.6335533617928277,0.3302539540706322,Beverages—Non-Alcoholic,Consumer Defensive,MNST
2013Q2,2013,Q2,2013-08-09,2013-06-30,106873000.0,630934000.0,179427000.0,0.1,336262000.0,0.5329590734,1317842000.0,856021000.0,1093822000.0,346174000.0,461821000.0,233549000.0,1679033000.0,10126635480.0,9842796480.0,0.8571507246550955,3.159746254773611,0.0,0.0,0.12726149605513698,0.8571507246550955,0.1248485726401572,16.05022946932643,23.688479503710013,11.829891416215256,0.0,1.2617138159444057,0.0,0.4787630080085473,2.253875218820593,0.08109697520643598,264.24433055867235,0.5329590733737601,0.620745542949757,1.37524650968237,1.4956309973268735,1.0910054607102173,0.33416653771836896,0.6831453949855109,0.6721059400219932,0.7820207076160818,0.8364613887192116,0.34301736708248537,Beverages—Non-Alcoholic,Consumer Defensive,MNST
2013Q1,2013,Q1,2013-05-10,2013-03-31,63496000.0,484223000.0,107306000.0,0.0617,252039000.0,0.5205019175,1147372000.0,701371000.0,936699000.0,329766000.0,446001000.0,215337000.0,1572160000.0,7885611000.0,7643078000.0,0.7062085284196747,2.840495988064264,0.0,0.0,0.09216488302977627,0.7062085284196747,0.09053125949034106,16.28508146040151,31.047668357061866,11.243138082412875,0.0,1.0782355099216576,0.0,0.4220279037661717,2.0084757070164905,0.05534037783735354,233.30900322494747,0.5205019175049512,-0.05076923076923084,1.4848560816945768,1.573109498962216,0.7507781221873109,0.03342107852784885,-0.06600179456628863,-0.05773570657089418,1.0815179670328088,1.1708308505679172,0.177251848866324,Beverages—Non-Alcoholic,Consumer Defensive,MNST
2012Q4,2012,Q4,2013-03-01,2012-12-31,67983000.0,471517000.0,113881000.0,0.065,243888000.0,0.5172411599,1043325000.0,644397000.0,835068000.0,288545000.0,398928000.0,203106000.0,1508664000.0,8925199560.0,8702685560.0,0.6360796228515926,2.8940650505120518,0.0,0.0,0.10768193958649591,0.6360796228515926,0.10549862895078654,18.92869092736847,32.82143903622965,13.85046727405621,0.0,1.1207399092099692,0.0,0.45193683655620254,1.9278310142265505,0.06515994536697578,176.06027458870872,0.5172411599157613,-0.1698595146871008,0.627994991329298,1.0647376886861086,0.6485362764696201,-0.108570426035849,-0.21080309256808524,-0.19052493158474607,0.35778616815775305,0.7272499610197057,0.1739645837341987,Beverages—Non-Alcoholic,Consumer Defensive,MNST
2012Q3,2012,Q3,2012-11-09,2012-09-30,86142000.0,541940000.0,140685000.0,0.0783,273592000.0,0.504838174,1318922000.0,889675000.0,1128937000.0,317038000.0,429247000.0,193934000.0,1440681000.0,9629930520.0,9346876520.0,0.8471836565234118,3.5608886001047195,0.0,0.0,0.09644501824224272,0.8471836565234118,0.09682412116784218,17.769366571945234,27.94783764017552,10.824099272206142,0.0,1.3837078593748389,0.0,0.4108961712671409,2.7755694900926704,0.06531242939309527,96.24156026384169,0.5048381739675979,-0.20345879959308244,0.9681946572072883,1.293895044700732,1.5141300614447395,-0.10884406920992287,-0.21542875358622887,-0.17133466452262727,0.5705092549320089,0.8130636209448826,0.6338519293612187,Beverages—Non-Alcoholic,Consumer Defensive,MNST
2012Q2,2012,Q2,2012-08-09,2012-06-30,109795000.0,592640000.0,169773000.0,0.0983,307008000.0,0.5180345572,1601517000.0,1187929000.0,1414257000.0,299832000.0,413588000.0,199053000.0,1354539000.0,12547966920.0,12128799920.0,1.1237451708232586,4.716831425598335,0.0,0.0,0.09245823336934057,1.1237451708232586,0.09242555741967744,21.173000337473002,28.571353249237212,10.562893001181047,0.0,1.43495450960297,0.0,0.37004914715235615,3.924274260252408,0.06855687451335203,189.5262875526757,0.5180345572354211,0.43923865300146414,1.9317654303883363,1.4769391511406902,3.037342342170589,0.2729994319336233,0.44279162669680283,0.3443639387100606,0.9674189929761939,1.026252122300582,1.2161351404238192,Beverages—Non-Alcoholic,Consumer Defensive,MNST
2012Q1,2012,Q1,2012-05-10,2012-03-31,76099000.0,454605000.0,126285000.0,0.0683,241169000.0,0.5305023042,1470745000.0,1067328000.0,1284463000.0,288117000.0,403417000.0,179127000.0,1244743000.0,10857067200.0,10465629200.0,1.0174796375949482,4.458129856967829,0.0,0.0,0.07110379473344873,1.0174796375949482,0.07129860736343467,23.882419243079156,35.66757513239333,10.172193739881275,0.0,1.1915344978702263,0.0,0.3090984501052188,3.704918487975371,0.051741804323659095,505.4735881558732,0.53050230419815,1.2175324675324675,2.8815641871245687,1.823885391353287,3.4442223576964106,0.12567446462911447,0.17917131523490765,0.22136038763213634,0.894031393679373,0.9258119892588346,1.2750008402225363,Beverages—Non-Alcoholic,Consumer Defensive,MNST
2011Q4,2011,Q4,2012-02-29,2011-12-31,64536000.0,409957000.0,103397000.0,0.0308,214244000.0,0.5226011509,1362399000.0,979158000.0,1182677000.0,266090000.0,383241000.0,155613000.0,1168644000.0,8119848960.0,7760517960.0,0.9261174040360475,4.444650306287347,0.0,0.0,0.06519529504906535,0.9261174040360475,0.06590968975384974,19.8065869347273,31.45472666418743,8.292685102914954,0.0,1.257690552845842,0.0,0.3009081774135184,3.718117930023676,0.04736938297811434,86.14675946358852,0.5226011508524064,-0.5798090040927695,1.9672735837409767,1.7650384915956037,3.440544588654154,-0.14407507580690912,-0.21672006990969997,-0.21722310545839957,3.8900336992885722,0.6922934367416427,1.3564504157829171,Beverages—Non-Alcoholic,Consumer Defensive,MNST
2011Q3,2011,Q3,2011-11-09,2011-09-30,82392000.0,474709000.0,132090000.0,0.0733,250307000.0,0.5272851368,1218428000.0,932546000.0,1038732000.0,165929000.0,285882000.0,164481000.0,1104108000.0,7675026240.0,7388863240.0,0.883333712224546,6.260099199055017,0.0008158052835292688,0.001065899162078868,0.08883733957374487,0.883333712224546,0.08835167380483107,16.167854917433626,23.288141567142443,8.230185149043587,0.0,1.3643034757813972,0.0,0.38960775688017674,5.05612038884101,0.0676215582701645,76.27961716210979,0.5272851367890644,-0.022666666666666578,2.2038487277035,1.7337531253908929,3.77553689691673,0.024920051920187043,-0.022030196562529674,-0.0029588925287963646,0.6491446733443048,0.748298110363584,0.9037268807378118,Beverages—Non-Alcoholic,Consumer Defensive,MNST
2011Q2,2011,Q2,2011-08-09,2011-06-30,84248000.0,462145000.0,132482000.0,0.075,244221000.0,0.5284510273,1233570000.0,950344000.0,1054135000.0,161850000.0,283226000.0,156778000.0,1021716000.0,7166475000.0,6749533000.0,0.8951153809927475,6.513036762434353,0.0010173723420640905,0.0013205744446221578,0.08835036338683862,0.8951153809927475,0.08865000462990244,15.506983738869835,21.266009282119455,7.5409272852777525,0.0,1.390016456390565,0.0,0.37464027173164066,5.324151992585728,0.06829608372447449,76.91331458744742,0.5284510272749895,0.5243902439024389,2.036040623728705,2.0098701070463427,3.881075545733081,0.3162927071150229,0.5305851788601639,0.4977333107229665,0.7612690066382464,0.7194917776770167,1.1836196316285936,Beverages—Non-Alcoholic,Consumer Defensive,MNST
2011Q1,2011,Q1,2011-05-10,2011-03-31,55043000.0,356419000.0,88455000.0,0.0492,185537000.0,0.5205586683,1131992000.0,853553000.0,955819000.0,155247000.0,278439000.0,173725000.0,937468000.0,5357082960.0,5063200960.0,0.7998450074403926,6.156763093650763,0.001433755715588096,0.0019014636466628317,0.06414624775712843,0.7998450074403926,0.06448691528235505,15.030295691307142,24.3313543956543,6.276215958470065,0.0,0.9836350554036553,0.0,0.3148599990105937,4.7891038152106,0.048624901942769916,354.91473168146285,0.5205586683089285,1.1391304347826088,1.6641961487795465,2.0385465399382268,4.8128849170625205,0.12850191594185267,0.1203085565415615,0.10850031956088575,1.0046897105009815,0.7626411042922349,0.9829145129428499,Beverages—Non-Alcoholic,Consumer Defensive,MNST
2010Q4,2010,Q4,2011-03-01,2010-12-31,49132000.0,318665000.0,79797000.0,0.023,164410000.0,0.5159336607,1082131000.0,828398000.0,898153000.0,128834000.0,253733000.0,153241000.0,882425000.0,4631052480.0,4276484480.0,0.7799124055704936,6.971397301954453,0.0002532040945135108,0.000330758886428987,0.05901713574921704,0.7799124055704936,0.05930965550375544,14.53266747211021,23.564339330782385,5.590371391529192,0.0,1.0066170280799525,0.0,0.29447913422681726,5.442088268624742,0.04540300573590443,88.12156261298118,0.5159336607409034,-0.6166666666666667,1.6556617843793995,2.240706233986272,5.578677771475287,-0.16933601447005447,-0.26112848893166507,-0.2580819115801218,0.12218897011894893,0.33091619498633124,1.0213096707731242,Beverages—Non-Alcoholic,Consumer Defensive,MNST
2010Q3,2010,Q3,2010-11-09,2010-09-30,66496000.0,381466000.0,107555000.0,0.06,197926000.0,0.5188562021,1026680000.0,761974000.0,842533000.0,139777000.0,264706000.0,148938000.0,833293000.0,4125064920.0,3615679920.0,0.7185532633993067,6.027694112765333,0.00023765925117855613,0.00032022089992571925,0.08739126328692419,0.7185532633993067,0.0872680695141829,10.813715822642123,15.508695711020211,5.413655741534488,0.0,1.2323248600088628,0.0,0.37155296684458644,4.761942236562525,0.06476799002610356,108.50008995502249,0.5188562021254843,0.04347826086956513,2.288622458877479,2.6230222885061534,6.2483636864591485,0.023666925265063355,0.041636642751965915,-0.01933877967832525,0.5046006698909542,0.5990086133973103,1.1324022794241588,Beverages—Non-Alcoholic,Consumer Defensive,MNST
2010Q2,2010,Q2,2010-08-09,2010-06-30,63838000.0,365701000.0,109676000.0,0.0575,193350000.0,0.5287106133,964895000.0,678464000.0,769213000.0,158918000.0,286431000.0,139233000.0,766797000.0,3465523440.0,3055747440.0,0.6382275804200014,4.840313872563208,0.00013991159659859363,0.00019897886991793228,0.09379870001030312,0.6382275804200014,0.09409194887274785,9.47638491554576,13.571553933393902,5.107895835298557,0.0,1.2378602773767713,0.0,0.3790060058348318,3.7947432008960598,0.06616056669378534,65.46134189648659,0.5287106133152494,0.9691780821917809,3.15034557392132,3.2424270834876676,6.9994346121073985,0.5523387446408786,0.9604459048613457,1.1596140592694693,0.6951078477769617,0.519924202611606,1.2929960468555584,Beverages—Non-Alcoholic,Consumer Defensive,MNST
2010Q1,2010,Q1,2010-05-10,2010-03-31,32563000.0,238110000.0,50785000.0,0.0292,124554000.0,0.5230943681,900936000.0,635970000.0,699036000.0,135642000.0,264966000.0,119145000.0,702959000.0,3837793680.0,3462059680.0,0.5998788866628182,5.153536515238643,0.00019313247555875223,0.00027359781121751026,0.0502131974278617,0.5998788866628182,0.05120210072802176,16.1177341564823,29.46437428983816,6.034551441105713,0.0,0.9530907717487096,0.0,0.26429180319134765,4.091129591129591,0.03614352184838879,60.78710192444761,0.5230943681491748,0.15873015873015872,2.6457408074274693,2.9288750583865695,8.273556932325556,-0.1978541435894794,-0.38971456416215305,-0.4083346925460773,0.6434305463800437,0.46348952068770005,1.62019509925391,Beverages—Non-Alcoholic,Consumer Defensive,MNST
2009Q4,2009,Q4,2010-03-01,2009-12-31,53357000.0,290914000.0,85834000.0,0.0252,155276000.0,0.5337522429,800070000.0,584953000.0,585504000.0,83729000.0,215117000.0,108143000.0,670396000.0,3454732800.0,3126589800.0,0.5418218161474022,6.992845967347036,0.0002574774707213119,0.0003521650457387175,0.0904806554366997,0.5418218161474022,0.09121587546349878,11.875443601889218,16.186877073298724,5.90600065304392,0.0,1.2542466918801958,0.0,0.3636106840651443,5.443048406167517,0.06669041458872349,143.02350652038916,0.5337522429309005,-0.49600000000000005,5.907582793376877,4.481748099280461,8.472863552589391,-0.05911580784332735,-0.05571188390407929,-0.07620943873432708,1.4025320812807758,0.9215413860744489,1.597925406889842,Beverages—Non-Alcoholic,Consumer Defensive,MNST
2009Q3,2009,Q3,2009-11-09,2009-09-30,56505000.0,307929000.0,92915000.0,0.05,165032000.0,0.5359417268,801294000.0,560959000.0,588521000.0,107731000.0,240335000.0,123942000.0,617039000.0,3310454880.0,2993178880.0,0.5185192374529509,5.4628751241518225,0.0004754809096286756,0.0006791940230925968,0.1008334689287159,0.5185192374529509,0.10072928681062253,10.750708377580546,14.646734271303426,5.9014203890123875,0.0,1.1529344370754062,0.0,0.3842896614725681,4.131893326897551,0.07051718844768587,39.24292752317504,0.5359417268266387,0.0,8.352723647975095,4.614363075265363,9.834552767180105,0.019792497018457755,-0.013685000610937527,0.0014226744123384673,1.1441395513822925,0.7304602599139247,1.8032528544413067,Beverages—Non-Alcoholic,Consumer Defensive,MNST
2009Q2,2009,Q2,2009-08-10,2009-06-30,57289000.0,300250000.0,92783000.0,0.05,161829000.0,0.5389808493,786497000.0,550275000.0,579714000.0,102088000.0,236222000.0,117344000.0,560535000.0,2788953720.0,2506442720.0,0.5070742980991452,5.678571428571429,0.0009815676347144362,0.0014029348961882694,0.10351651937401676,0.5070742980991452,0.10410976330016809,9.288771756869275,12.170546352702962,5.068290800054519,0.0,1.1796171938914644,0.0,0.38175606518524546,4.304913408040123,0.07284071013621159,104.72190297386602,0.5389808492922564,0.3623978201634877,9.49959776938772,5.066420870663712,10.887590339323872,0.24312677159910584,0.3782990496812222,0.4105690438907217,1.019820860285029,0.913137322116098,1.7650825903320702,Beverages—Non-Alcoholic,Consumer Defensive,MNST
2009Q1,2009,Q1,2009-05-11,2009-03-31,41565000.0,244206000.0,65777000.0,0.0367,130179000.0,0.5330704405,732690000.0,485347000.0,533034000.0,108970000.0,247343000.0,110101000.0,503245000.0,3255588000.0,2977614000.0,0.4472436315651735,4.891566486188859,0.0015681939155713876,0.0023673783911304694,0.08884532467652216,0.4472436315651735,0.08563975877052912,13.331318640819635,19.58130638758571,6.707753421778645,0.0,1.0356581684090063,0.0,0.333300577324653,3.7092961365513446,0.05672931253326782,-421.5990675990676,0.5330704405297167,4.398148148148148,16.573735239287736,6.202359726533827,11.000879591748676,-0.05957016434892541,2.7726458546571138,2.6772145443418838,0.9783738154741147,1.0472828379654295,2.2503494251931166,Beverages—Non-Alcoholic,Consumer Defensive,MNST
2008Q4,2008,Q4,2009-03-02,2008-12-31,-23448000.0,254372000.0,-39218000.0,-0.0108,138425000.0,0.5441833221,761837000.0,436316000.0,561324000.0,187334000.0,325521000.0,116326000.0,461680000.0,3097402200.0,2841560200.0,0.3930137455187447,2.99638079579788,0.0012587994544764826,0.002197948276020132,-0.05557870537326078,0.3930137455187447,-0.05374086671128265,12.176663311999748,-33.024161975435,7.098988347894646,0.0,0.9967419149631209,0.0,0.33389294560384963,2.2521325546884174,-0.03077823733948338,53.38507755946225,0.5441833220637492,-1.24,-17.9949764109837,7.510709422762609,10.064576422440625,-0.07368371744425707,-1.44716516963213,-1.479484546165884,-2.2125898826206583,1.4749955197945854,2.3151297159289963,Beverages—Non-Alcoholic,Consumer Defensive,MNST
2008Q3,2008,Q3,2008-11-10,2008-09-30,52437000.0,284986000.0,81792000.0,0.045,149436000.0,0.5243626003,640146000.0,514135000.0,477245000.0,88355000.0,126011000.0,110466000.0,485128000.0,2792270880.0,2536507880.0,0.4640023320373559,5.4014487012619545,0.0010513226670165869,0.0013089947192857906,0.09929465889227579,0.4640023320373559,0.10199072228111293,9.797922985690525,13.312503003604325,5.431007186828363,0.0,1.2270743939311644,0.0,0.445189066244263,3.7282326976402014,0.08191412584004273,46.621767180925666,0.5243626002680833,0.058823529411764594,21.248217076974036,6.604932580410115,12.6437862038533,0.022043183574647945,0.04389632107023411,0.04606727202967131,1.4818784838463954,1.5903764087546932,3.6805961718984466,Beverages—Non-Alcoholic,Consumer Defensive,MNST
2008Q2,2008,Q2,2008-08-11,2008-06-30,50232000.0,282244000.0,78190000.0,0.0425,146213000.0,0.5180375845,600472000.0,457036000.0,434157000.0,105262000.0,143436000.0,123218000.0,432691000.0,2675836800.0,2493196800.0,0.4099227576210926,4.124536869905569,0.000521256611465647,0.000684847583122555,0.10607641023057073,0.4099227576210926,0.10990819103965552,9.480579923753915,13.317391304347826,5.854761550512432,0.0,1.1039864305539775,0.0,0.4700369043019491,2.7400486405350457,0.08365419203559867,58.43331513550106,0.5180375845013534,0.7561983471074382,21.429303686464987,7.770999181343421,11.932686854871784,0.3962413697609794,0.7435007462427545,0.8256747921920239,2.1137828121593887,2.1218772092616773,4.137901269397906,Beverages—Non-Alcoholic,Consumer Defensive,MNST
2008Q1,2008,Q1,2008-05-12,2008-03-31,28811000.0,212178000.0,42828000.0,0.0242,104719000.0,0.4935431572,583899000.0,451679000.0,369404000.0,93140000.0,132220000.0,109784000.0,382459000.0,3292117920.0,3241380920.0,0.4033683763065206,3.9661155250161046,0.000750129731340523,0.0009697152181084354,0.05875058206090687,0.4033683763065206,0.06378645011169437,15.51583067047479,28.566501683384818,7.288622937971436,0.0,0.9788220505720323,0.0,0.3633813382108892,2.5860639896929354,0.04934243764760687,133.18167887050447,0.4935431571604973,0.20398009950248755,38.757288444607255,7.39242143785083,12.50298949719387,-0.1671915509535398,-0.3611751662971175,-0.3336652456669882,2.0539696241199574,2.314636702484783,5.235691379618101,Beverages—Non-Alcoholic,Consumer Defensive,MNST
2007Q4,2007,Q4,2008-02-29,2007-12-31,45100000.0,246639000.0,64274000.0,0.0201,125742000.0,0.5098220476,544603000.0,422167000.0,270149000.0,82881000.0,122436000.0,98140000.0,353647000.0,4037361840.0,4025584840.0,0.3858450868996176,3.2594804599365355,0.0012174005651823438,0.0015704685586509603,0.10140684243839303,0.3858450868996176,0.1068297616819884,16.369519175799446,22.380054545454545,9.563423574083242,0.0,1.2318830242510699,0.0,0.4528785188476744,1.1333960738890698,0.08281261763155913,91.59584917645991,0.5098220476080425,-0.4751958224543081,513.9878648703647,9.767130791395694,12.124643668861085,-0.020563630415478807,-0.01521933751119069,-0.12409375851730717,4.761086749163409,3.585739507097963,5.745866909948709,Beverages—Non-Alcoholic,Consumer Defensive,MNST
2007Q3,2007,Q3,2007-11-09,2007-09-30,45797000.0,247211000.0,73380000.0,0.0383,128382000.0,0.5193215512,508290000.0,370283000.0,461200000.0,97819000.0,138007000.0,94025000.0,308548000.0,5252569920.0,5194165920.0,0.3369689060702689,4.714830452161645,0.0013181451533573355,0.0018094268437924507,0.11992593687575968,0.3369689060702689,0.12368107636591472,21.24731472305035,28.67311133917069,14.185285092753382,0.0,1.2638021802712045,0.0,0.48635818135316455,3.5319416473282286,0.09010013968403864,145.11866058847906,0.5193215512254714,0.17846153846153845,30.664998610414305,7.045709513234287,10.493972880012825,0.0010058244251596453,0.1954007987262144,0.19466649300750533,6.462950371386646,3.4375166466554146,6.041025925385379,Beverages—Non-Alcoholic,Consumer Defensive,MNST
2007Q2,2007,Q2,2007-08-09,2007-06-30,38311000.0,244763000.0,61423000.0,0.0325,128253000.0,0.5239885113,454499000.0,300999000.0,409073000.0,114148000.0,153500000.0,87498000.0,262751000.0,3871469280.0,3816577280.0,0.27833784593532923,3.583707117076077,0.001298132669158788,0.0019601394024564866,0.12350762331987665,0.27833784593532923,0.1272794926228991,15.817216164207826,25.26343139046227,12.862066917165839,0.0,1.3315732931038424,0.0,0.5385336381378177,2.7159739986683955,0.08429281472566497,2472.2026053639847,0.5239885113354551,0.857142857142857,25.89823801244928,7.31660590478176,8.940341255404912,0.49763536789004753,0.8967719576195663,0.9248824819805703,6.045962086867119,3.9626161217121876,5.525210015203912,Beverages—Non-Alcoholic,Consumer Defensive,MNST
2007Q1,2007,Q1,2007-06-19,2007-03-31,20198000.0,165853000.0,31910000.0,0.0175,85637000.0,0.5163427855,368206000.0,247422000.0,327963000.0,87418000.0,120784000.0,61581000.0,224440000.0,3415037280.0,3343397280.0,0.22894435869818675,3.751664416939303,0.0005839122665029902,0.0008689607229753215,0.0778404470320366,0.22894435869818675,0.08163380782630486,20.59074771032179,42.269497970096054,13.802480296820816,0.0,1.3026095711339536,0.0,0.4504353541224206,2.9593218787892654,0.05485516259919719,73.30923235445647,0.516342785478707,0.6990291262135924,42.91464182105534,6.964445296907649,7.578109663743332,0.06484544030240481,-0.09022116120895456,-0.1050594570338793,7.575204387403901,3.911810781976083,5.143259485510819,Beverages—Non-Alcoholic,Consumer Defensive,MNST
