Quarters,Year,Quarter,FillingDate,Date,NetIncome,Revenue,OperatingIncome,EPSDiluted,GrossProfit,GrossProfitRatio,TotalAssets,CommonStockEquity,CurrentAssets,CurrentLiability,TotalLiability,Inventory,RetainedEarnings,MarketCap,EnterpriseValue,bookValuePerShare,currentRatio,debtToAssets,debtToEquity,roic,shareholdersEquityPerShare,roe,priceToSalesRatio,peRatio,pbRatio,payoutRatio,inventoryTurnover,dividendYield,assetTurnover,quickRatio,returnOnAssets,priceToFreeCashFlowsRatio,grossProfitMargin,epsdilutedGrowth,fiveYNetIncomeGrowthPerShare,fiveYRevenueGrowthPerShare,fiveYShareholdersEquityGrowthPerShare,grossProfitGrowth,netIncomeGrowth,operatingIncomeGrowth,threeYNetIncomeGrowthPerShare,threeYRevenueGrowthPerShare,threeYShareholdersEquityGrowthPerShare,Industry,Sector,Symbol
2023Q1,2023,Q1,2023-05-03,2023-03-31,7679000.0,33629000.0,16924000.0,0.22,33629000.0,1.0,1046397000.0,413954000.0,57293000.0,0.0,612205000.0,0.0,-57446000.0,427015920.0,981927920.0,11.710486859599989,0.0,0.5850599724578721,1.4789203631321355,0.016492570839411826,11.710486859599989,0.01855037033100296,12.697847690980998,13.90206797760125,1.0315540374051222,1.7675478577939836,0.0,0.03178570016780639,0.03213789794886644,0.0,0.007338514923112356,-12.95558009708738,1.0,1.3384615384615384,-0.5151005313264375,0.7446524099377968,-0.12210341421657978,58.94474153297683,1.3330441948215292,-0.7963270512913087,2.2683860253031427,0.36408823126542705,-0.11405563898007456,Asset Management,Financial Services,TPVG
2022Q4,2022,Q4,2023-03-01,2022-12-31,-23057000.0,119985000.0,83094000.0,-0.65,561000.0,0.0046755844,1014533000.0,419940000.0,1000765000.0,175000000.0,594593000.0,0.0,-50985000.0,368001690.0,883492690.0,11.902049145480827,5.718657142857142,0.7313512719645393,1.7668714578273086,0.13980899522286724,11.902049145480827,-0.0549054626851455,3.0670641330166273,-3.990129787049486,0.8763196885269323,-0.6908097324023074,0.0,0.0432824099258892,0.1182662367808637,5.718657142857142,-0.022726712684555356,57.42847846441948,0.004675584448056007,-3.241379310344828,-3.933395126824257,9.278063604376056,-0.12451334000638599,-0.8199614890885751,-3.3846312958940947,31.959016393442624,-3.8785893312894744,8.892933756568915,-0.11070925345610097,Asset Management,Financial Services,TPVG
2022Q3,2022,Q3,2022-11-02,2022-09-30,9669000.0,3116000.0,-2684000.0,0.29,3116000.0,1.0,983609000.0,447881000.0,6861000.0,0.0,535728000.0,0.0,-23335000.0,362430780.0,868317780.0,13.420459653012914,0.0,0.5212925054569448,1.1448308814171622,-0.06253521275007197,13.420459653012914,0.0215883236841929,116.31283055198973,9.370947874650945,0.8092122237826566,1.262384941565829,0.0,0.03367815503970165,0.003167925466318425,0.0,0.009830125588521456,-4.30926556090601,1.0,1.426470588235294,0.2618285707797881,-0.7748269505104698,0.0012899343926258576,-0.8863934665305527,1.4578992233377535,-0.05420267085624509,1.8175235779454226,-0.8520320283489797,-0.005205817710850265,Asset Management,Financial Services,TPVG
2022Q2,2022,Q2,2022-08-03,2022-06-30,-21116000.0,27428000.0,-2546000.0,-0.68,27428000.0,1.0,922059000.0,404324000.0,43098000.0,0.0,517735000.0,0.0,-11082000.0,395411380.0,848835380.0,13.02716113026388,0.0,0.5384926561098585,1.228029995745986,-0.004140617482910113,13.02716113026388,-0.05222544296158527,14.416340236254921,-4.6814190661110056,0.9779567376658324,-0.5078139799204395,0.0,0.027118592287353995,0.02974646958600263,0.0,-0.022900920656921085,-5.10841015968167,1.0,-2.1724137931034484,-2.3742694317585693,0.47810065924499223,-0.03740040509196252,2.348962148962149,-2.166114424563729,-0.02454728370221328,-1.707892841537343,-0.1441014929594399,-0.08287680381491859,Asset Management,Financial Services,TPVG
2022Q1,2022,Q1,2022-05-04,2022-03-31,18108000.0,8190000.0,-2485000.0,0.58,8190000.0,1.0,860583000.0,429459000.0,51275000.0,0.0,431124000.0,0.0,14505000.0,541452060.0,906518060.0,13.84860210892909,0.0,0.4837894775983258,0.9694545928714965,-0.009325530553713985,13.84860210892909,0.04216467695402821,66.11136263736263,7.475315606361829,1.2607770706866082,0.5929423459244533,0.0,0.019830010435272882,0.009516804305918197,0.0,0.021041549740118036,9.987679111635801,1.0,-0.47272727272727283,1.4706167228728622,-0.19255439054170986,0.03471130749931745,-0.499633431085044,-0.4701699973666501,0.011928429423459244,0.30732233217488164,-0.4903502472817733,0.017784920665484462,Asset Management,Financial Services,TPVG
2021Q4,2021,Q4,2022-03-02,2021-12-31,34177000.0,16368000.0,-2515000.0,1.1,16368000.0,1.0,927670000.0,434491000.0,51272000.0,0.0,493179000.0,0.0,19963000.0,556562440.0,972793440.0,14.020813837168028,0.0,0.5039539922601787,1.0759785588194002,-0.006878986306454054,14.020813837168028,0.07865985716620137,34.003081622678394,4.071176814816982,1.2809527470074178,0.3135441963893847,0.0,0.01925390437773702,0.017644205374756108,0.0,0.036841764851725294,-8.161696973251994,1.0,-0.12698412698412692,1.5347219855086414,-0.016482487283017794,0.03674325834826022,-0.6045517141407553,-0.12050952135872363,0.006321612011062821,1.92856880439992,0.14412083955867577,0.036689664821350394,Asset Management,Financial Services,TPVG
2021Q3,2021,Q3,2021-11-03,2021-09-30,38860000.0,41391000.0,-2531000.0,1.26,41391000.0,1.0,795110000.0,431354000.0,0.0,0.0,363756000.0,0.0,16927000.0,490343040.0,819592040.0,13.934423052073912,0.0,0.4431386852133667,0.8168325783463234,-0.003229560366365615,13.934423052073912,0.09008841925657349,11.84661013263753,3.154548636129696,1.1367532003876166,0.273623262995368,0.0,0.021684818856611075,0.052056948095232106,0.0,0.04887374074027493,-5.788353952214562,1.0,2.230769230769231,0.7664577674121495,0.6461407383019045,0.04583190200373293,1.7594,2.24211580176873,0.16025215660252157,1.4902923906758103,1.271627729924296,-0.10252334273821508,Asset Management,Financial Services,TPVG
2021Q2,2021,Q2,2021-08-04,2021-06-30,11986000.0,15000000.0,-3014000.0,0.39,15000000.0,1.0,685517000.0,403128000.0,0.0,0.0,282389000.0,0.0,-10790000.0,469629230.0,703366230.0,13.039040010350293,0.0,0.38974963421767805,0.6627671608025243,-0.004496440442304135,13.039040010350293,0.029732491913238474,31.308615333333332,9.795370223594194,1.164963063840765,0.8892875020857667,0.0,0.022696628146420955,0.02188129543103964,0.0,0.017484613802429407,164.09127533193572,1.0,0.026315789473684233,2103.9313579799677,3.208047083911464,0.002738233044003244,0.028383381324557796,0.010709166034235601,-0.10524385771910524,-0.1801159410786162,-0.1593922446647787,-0.03136471104033576,Asset Management,Financial Services,TPVG
2021Q1,2021,Q1,2021-05-05,2021-03-31,11859000.0,14586000.0,-2727000.0,0.38,14586000.0,1.0,755148000.0,401800000.0,0.0,0.0,353348000.0,0.0,-11647000.0,446230450.0,672457450.0,13.01123668274991,0.0,0.4518200405748277,0.8491562966650075,-0.003670300178602433,13.01123668274991,0.029514683922349426,30.593065268065267,9.406999957837929,1.1105785216525634,1.1451218483851926,0.0,0.030432705791368562,0.019315418964229527,0.0,0.015704206327766212,83.20537945179936,1.0,1.5333333333333334,1.8626635305788308,-0.3049978639998815,-0.029335306577385974,0.87,1.4919100651397352,0.10325550805656034,-0.14280251780823505,-0.13380245657731044,-0.024590489058768716,Asset Management,Financial Services,TPVG
2020Q4,2020,Q4,2021-03-03,2020-12-31,4759000.0,7800000.0,-3041000.0,0.15,7800000.0,1.0,683509000.0,400435000.0,0.0,3087000.0,283074000.0,0.0,-12388000.0,402101440.0,624994440.0,12.98595797120249,0.0,0.38201691565143986,0.6520708729256933,-0.004596801134310941,12.98595797120249,0.011884575524117522,51.55146666666667,21.12321075856272,1.004161574287962,2.2258877915528474,0.0,0.026344098643367207,0.01141170050430938,12.38062844185293,0.006962600346154916,15.273348273635431,1.0,-0.6808510638297872,121.17527324862944,1.0916216033307775,-0.15680418997453827,-0.5185185185185185,-0.6705206314040432,-0.7317767653758542,-0.307227022555859,-0.23548428765821602,-0.04478356356457291,Asset Management,Financial Services,TPVG
2020Q3,2020,Q3,2020-11-05,2020-09-30,14444000.0,16200000.0,-1756000.0,0.47,16200000.0,1.0,675435000.0,409355000.0,0.0,0.0,266080000.0,0.0,-3439000.0,339943680.0,570020680.0,13.294199792153806,0.0,0.3774382435023355,0.6227724102551575,-0.002643423805867919,13.294199792153806,0.03528477727156136,20.984177777777777,5.883821656050955,0.830437346557389,0.7346995292162836,0.0,0.031216935699466455,0.023984543294321436,0.0,0.0213847372434061,5.727296436694465,1.0,-0.3188405797101449,0.3664863598434971,0.1683193230526818,-0.08589828955499103,-0.31567608668102903,-0.3193855433041184,0.2835577315381477,1.0429777018010207,0.2687946109523745,-0.0081302144744553,Asset Management,Financial Services,TPVG
2020Q2,2020,Q2,2020-08-05,2020-06-30,21222000.0,23673000.0,-2451000.0,0.69,23673000.0,1.0,718838000.0,405523000.0,0.0,0.0,313315000.0,0.0,-6801000.0,316079160.0,597755160.0,13.189026571698053,0.0,0.41839190471288384,0.7416496721517645,-0.003470299980602566,13.189026571698053,0.052332420109340284,13.351884425294639,3.7234845914616908,0.7794358396441138,0.5039110357176515,0.0,0.033833296696941365,0.03293231576516545,0.0,0.02952264627078702,6.707677093501974,1.0,5.0588235294117645,0.6226490749796579,0.45018329428757414,-0.09693196849778239,9.16028955532575,5.1465416178194605,-0.10554803788903924,0.3941950347347141,0.28777549410643,-0.02543988608124926,Asset Management,Financial Services,TPVG
2020Q1,2020,Q1,2020-05-06,2020-03-31,-5118000.0,20841000.0,-2217000.0,-0.17,-2901000.0,1.0,803025000.0,394996000.0,0.0,0.0,408029000.0,0.0,-16955000.0,171528420.0,486470420.0,13.21808386038885,0.0,0.49766196569222626,1.0117444227283314,-0.0027899742144467054,13.21808386038885,-0.012957093236387204,8.23033539657406,-8.37868405627198,0.434253562061388,-2.0767878077373974,0.0,0.06196640766585502,0.025953114784720278,0.0,-0.006373400579060428,-2.3750162000498465,-0.13919677558658414,-1.7391304347826086,-1.6431322058180977,0.8238394945984738,-0.4284693092375009,-1.339695550351288,-1.9074468085106382,0.23551724137931035,-1.7246474171694814,1.1322567866602458,-0.012398455364661682,Asset Management,Financial Services,TPVG
2019Q4,2019,Q4,2020-03-04,2019-12-31,5640000.0,8540000.0,-2900000.0,0.23,8540000.0,1.0,684148000.0,332506000.0,0.0,0.0,351642000.0,0.0,-795000.0,353281680.0,668750680.0,13.383754628884237,0.0,0.49076223273326824,1.0097682447835528,-0.004339628288390746,13.383754628884237,0.0169620999320313,41.36787822014052,15.659648936170214,1.0624821206233874,1.5212765957446808,0.0,0.024286569289412342,0.012482679186374877,0.0,0.00824383028233657,-3.016124510163834,1.0,1.657142857142857,-0.5304365545350814,-0.4098801189792103,-0.08651644317223549,2.253118121790169,1.640036314117113,-0.4521782674011017,-0.4782511039947589,-0.35992569518067113,-0.010362911595032012,Asset Management,Financial Services,TPVG
2019Q3,2019,Q3,2019-11-06,2019-09-30,-8812000.0,15690000.0,-1997000.0,-0.35,-6815000.0,1.0,591083000.0,335446000.0,0.0,0.0,255637000.0,0.0,2268000.0,409526550.0,624243550.0,13.490689724512366,0.0,0.41297415083837635,0.7276938762125648,-0.0034457887871237585,13.490689724512366,-0.026269503884380794,26.101118546845125,-11.61843366999546,1.2208419536974655,-0.9525646845211075,0.0,0.02049683958219559,0.02654449544311036,0.0,-0.014908227778501497,-10.22819126351807,-0.434353091140854,-1.3645833333333335,-1.7487213229892091,0.10828346159458546,-0.0801700481408968,-1.2658578450495437,-1.3693055613763043,-0.1263395375070502,-1.498690764510517,-0.22314429063076804,0.012528013625156141,Asset Management,Financial Services,TPVG
2019Q2,2019,Q2,2019-07-31,2019-06-30,23861000.0,25634000.0,-1773000.0,0.96,25634000.0,1.0,525267000.0,352652000.0,0.0,0.0,172615000.0,0.0,20028000.0,355770910.0,502330910.0,14.20437426994804,0.0,0.3026556018177422,0.450798520921475,-0.003465415234145188,14.20437426994804,0.06766160407427152,13.878868299914176,3.7275356229831105,1.008844157980105,0.3523741670508361,0.0,0.02363318574866056,0.04880184744139647,0.0,0.045426421229584193,-27.297698918130898,1.0,1.1333333333333333,2.2750035211971342,1.641736168131221,-0.021456521951612652,0.9860540791818393,1.1556599512151053,-1.178819969742814,5217.256312133296,7.955272657095943,0.09235566005144553,Asset Management,Financial Services,TPVG
2019Q1,2019,Q1,2019-05-02,2019-03-31,11069000.0,12842000.0,9915000.0,0.45,12907000.0,1.0050615168976795,554376000.0,337199000.0,91981000.0,130770000.0,217177000.0,0.0,5104000.0,343230700.0,541880700.0,13.606609636026148,0.703379980117764,0.4232199806629436,0.6957998096079763,0.017339311883768027,13.606609636026148,0.03282631324529432,26.727199813113224,7.7520710994669795,1.0178876568435848,0.758966482970458,0.0,0.024476248773783932,0.02316478346825981,0.6573908388774183,0.019966593070407088,-19.797583203553096,1.0050615168976795,0.1842105263157895,0.0,0.0,0.0,-0.03195079876996925,0.18829844337090715,-0.03098123534010946,2.003359944903936,-0.2375039496426166,0.015080725445932464,Asset Management,Financial Services,TPVG
2018Q4,2018,Q4,2019-03-06,2018-12-31,9315000.0,11419000.0,10232000.0,0.38,13333000.0,1.1676153778789737,467054000.0,334531000.0,29948000.0,42999000.0,132523000.0,0.0,2954000.0,269364150.0,384925150.0,13.524600768142308,0.6964813135189191,0.25466648396116937,0.35555150344811093,0.02256358688701006,13.524600768142308,0.02784495308357073,23.589119012172695,7.229311594202899,0.8051993686683746,1.1581320450885668,0.0,0.040049873006485825,0.024448993050054168,0.5437568315542222,0.019944160632389404,-16.501111859838275,1.1676153778789737,-0.24,-0.2210534793814433,-0.20746207351710225,-0.07690324898102908,7.876224858174317,-0.14611788431570263,0.022177822177822177,297.1237639398679,2.8173564216539186,-0.12182938484370096,Asset Management,Financial Services,TPVG
2018Q3,2018,Q3,2018-10-31,2018-09-30,10909000.0,12738000.0,10010000.0,0.5,-1939000.0,-0.1522216988538232,438881000.0,336003000.0,83926000.0,19982000.0,102878000.0,0.0,4071000.0,293235550.0,352774550.0,15.526223372302574,4.200080072064859,0.16591285564879774,0.2167123507825823,0.0244851633608027,15.526223372302574,0.032466972021083146,23.0205330507144,6.720037354477954,0.8727170590738773,0.7799064992208269,0.0,0.029014217409860432,0.02902381283309143,4.1608948053247925,0.024856396152943508,73.21736579275905,-0.1522216988538232,0.06382978723404262,0.06498083753788118,0.033808960324006286,0.058617875641267685,-1.1892261149604761,0.2994639666468136,6.4049676025917925,0.4684641079642782,0.30709863972389945,0.06757439810325809,Asset Management,Financial Services,TPVG
2018Q2,2018,Q2,2018-08-01,2018-06-30,8395000.0,10247000.0,-1852000.0,0.47,10247000.0,1.0,502683000.0,238991000.0,104278000.0,176590000.0,263692000.0,0.0,2949000.0,220682220.0,462372220.0,13.461248169426607,0.5905090888498783,0.4907426748069857,1.0322062337075455,-0.003813218195557148,13.461248169426607,0.03512684578080346,21.5362759832146,6.571835020845741,0.9233913410965267,0.0,0.0,0.0,0.020384616149740492,0.5356362194914774,0.016700385730171897,14.787069150361834,1.0,0.04444444444444436,0.6112831285546841,0.4767188789206655,-0.07265069532475897,0.05988829127016963,0.05690545134080322,-0.0736231884057971,0.11164349024574335,0.08710844196337206,-0.07829263821387472,Asset Management,Financial Services,TPVG
2018Q1,2018,Q1,2018-05-02,2018-03-31,7943000.0,9668000.0,-1725000.0,0.45,9668000.0,1.0,549725000.0,236505000.0,148467000.0,228294000.0,313220000.0,0.0,540000.0,211873500.0,470593500.0,13.339255499153976,0.6503324660306447,0.4848969939515212,1.127079765755481,-0.003428980350451731,13.339255499153976,0.03358491363818947,21.914925527513446,6.668560367619287,0.895852096150187,0.0,0.0,0.0,0.017586975305834737,0.5814914101991292,0.014449042703169766,-10.372735728972877,1.0,1.0454545454545454,0.0,0.0,0.0,0.6908009793634138,1.0631168831168831,-1.3350165080598175,0.6822866490522412,0.426002094243841,-0.42323002409332117,Asset Management,Financial Services,TPVG
2017Q4,2017,Q4,2018-03-12,2017-12-31,3850000.0,5718000.0,5149000.0,0.22,5718000.0,1.0,510284000.0,234945000.0,134915000.0,191909000.0,275339000.0,0.0,976000.0,219308580.0,421257580.0,13.594780696678626,0.7030154917174286,0.4045453120223248,0.8786439379429228,0.011665737757658967,13.594780696678626,0.01638681393517632,38.35407135362015,14.240816883116883,0.9334464661942156,1.5937662337662337,0.0,0.027978841502689953,0.01120552476660056,0.6742414373479096,0.007544818179680335,-3.614182267633487,1.0,-0.04347826086956525,-0.5392095963757214,-0.43199253126947285,-0.0721132470335249,-0.13937387116195063,0.046480021745039415,0.17907029997710097,-0.5392095963757214,-0.43199253126947285,-0.0721132470335249,Asset Management,Financial Services,TPVG
2017Q3,2017,Q3,2017-11-06,2017-09-30,3679000.0,6644000.0,4367000.0,0.23,6644000.0,1.0,417605000.0,214759000.0,106469000.0,120462000.0,202846000.0,0.0,4862000.0,214708200.0,332865200.0,13.403170442488921,0.8838388869519018,0.2952598747620359,0.574141246699789,0.012917787026601709,13.403170442488921,0.01713083037265027,32.31610475617098,14.59011959771677,0.9997634557806658,1.4821962489807012,0.0,0.02539726009532938,0.015909771195268256,0.831025551626239,0.008809760419535207,14.082920110192838,1.0,-0.54,-0.5149124460893265,-0.2717136611228991,-0.0861373380730117,-0.3054568262596697,-0.5355384421158944,-0.5054920167591439,-0.5149124460893265,-0.2717136611228991,-0.0861373380730117,Asset Management,Financial Services,TPVG
2017Q2,2017,Q2,2017-08-08,2017-06-30,7921000.0,9566000.0,8831000.0,0.5,9566000.0,1.0,430595000.0,216533000.0,176791000.0,149955000.0,214062000.0,0.0,6261000.0,212960000.0,374153000.0,13.5333125,1.1789603547730987,0.4028774138111218,0.80115732936781,0.022643009153611445,13.5333125,0.03658102921956469,22.26217854902781,6.7213735639439465,0.9834990509529726,0.0,0.0,0.0,0.022215771200315843,0.6817178486879397,0.018395476027357492,11.12236903953622,1.0,1.0833333333333335,0.6869701785467128,0.529705049623279,-0.06768616261516193,0.8301128754543715,1.0971670638072544,0.11516605632024246,0.6869701785467128,0.529705049623279,-0.06768616261516193,Asset Management,Financial Services,TPVG
2017Q1,2017,Q1,2017-05-09,2017-03-31,3777000.0,5227000.0,7919000.0,0.24,5227000.0,1.0,449428000.0,213887000.0,121020000.0,171716000.0,235541000.0,0.0,3191000.0,222771905.92,417989905.91999996,13.384025098167998,0.7047683384192504,0.5014885587902845,1.0537480071252576,0.018027636760989823,13.384025098167998,0.01765885724705101,42.61945779988521,14.745294275880328,1.0415401867341165,0.0,0.0,0.0,0.011630339008695497,0.6413380232476881,0.008404015771158005,4.335011498958921,1.0,-0.4545454545454546,0.0,0.0,0.0,-0.39022398506766215,-0.45615550755939527,0.6395445134575569,0.0,0.0,0.0,Asset Management,Financial Services,TPVG
2016Q4,2016,Q4,2017-03-13,2016-12-31,6945000.0,8572000.0,4830000.0,0.44,8572000.0,1.0,434222000.0,215863000.0,59911000.0,208278000.0,218359000.0,0.0,57778000.0,188027553.76,516827553.76,13.52390162585286,0.287649199627421,0.7751242452017632,1.5592111663416148,0.008743046743622373,13.52390162585286,0.032173183917577355,21.93508559962669,6.768450459323254,0.8710504058592718,0.7881929445644349,0.0,0.029112754436975027,0.01974105411517611,0.22933771209633277,0.015994122821966644,-3.1736215126504295,1.0,-0.38028169014084506,-0.10002024142241486,-0.07804472609260513,-0.07695096765213472,-0.3441469013006886,-0.39265413205072147,-0.25635103926096997,-0.10002024142241486,-0.07804472609260513,-0.07695096765213472,Asset Management,Financial Services,TPVG
2016Q3,2016,Q3,2016-11-07,2016-09-30,11435000.0,13070000.0,6495000.0,0.71,13070000.0,1.0,414346000.0,214392000.0,105489000.0,136837000.0,199954000.0,0.0,52948000.0,170563985.2,323260985.2,13.323769360426505,0.770909914716049,0.40351300603843165,0.7798518601440352,0.01702106471411425,13.323769360426505,0.053336878241725436,13.050037123182861,3.7289896195889813,0.7955706612187022,0.47888062964582423,0.0,0.03210525360074666,0.03154368571194123,0.6893311019680349,0.027597708195566024,68.41716213397513,1.0,3548.9999999999995,0.5013739500953187,0.4266271692776208,-0.09155110823469059,5.959531416400426,3810.6666666666665,0.3100040338846309,0.5013739500953187,0.4266271692776208,-0.09155110823469059,Asset Management,Financial Services,TPVG
2016Q2,2016,Q2,2016-08-08,2016-06-30,3000.0,1878000.0,4958000.0,0.0002,1878000.0,1.0,394166000.0,211807000.0,94517000.0,122886000.0,182359000.0,0.0,46453000.0,172495680.96,314740680.96000004,13.003433578839214,0.7691437592565468,0.403634509318409,0.7511508118239718,0.013367268256647236,13.003433578839214,1.4163837833499364e-05,91.85073533546327,14374.64008,0.8144002840321614,0.0,0.0,0.0,0.004764490087932495,0.7058167732695344,7.611006530243603e-06,-9.733969920433385,1.0,1.0004444444444445,-0.9993723950443786,-0.7050077346290543,-0.1041896757304284,1.3507657825924542,1.0004133939644482,-0.2630796670630202,-0.9993723950443786,-0.7050077346290543,-0.1041896757304284,Asset Management,Financial Services,TPVG
2016Q1,2016,Q1,2016-05-10,2016-03-31,-7257000.0,11079000.0,6728000.0,-0.45,-5354000.0,1.0,381104000.0,218520000.0,98347000.0,103732000.0,162584000.0,0.0,41495000.0,171171378.0,248016378.0,13.404460645283816,0.9480873790151544,0.23354517402073974,0.4073082555372506,0.02187789610600764,13.404460645283816,-0.033209774848984075,15.450074735987002,-5.896767879288962,0.783321334431631,0.0,0.0,0.0,0.029070804819681766,0.8870551035360351,-0.019042046265586296,-8.91007120920306,-0.4832566116075458,-347.1538461538462,0.0,0.0,0.0,-1.4685394241708234,-382.94736842105266,0.11243386243386243,0.0,0.0,0.0,Asset Management,Financial Services,TPVG
2015Q4,2015,Q4,2016-03-14,2015-12-31,19000.0,1819000.0,6048000.0,0.0013,11427000.0,6.282023089609676,382323000.0,231646000.0,110606000.0,87998000.0,150677000.0,0.0,34767000.0,179891412.48000002,236350412.48000002,15.400880574596732,1.2569149298847702,0.23255205676875312,0.3838184125778127,0.01886721820836297,15.400880574596732,8.202170553344327e-05,98.8957737658054,2366.9922694736847,0.7765789717068285,260.36842105263156,0.0,0.027499923046910305,0.004757757184370283,1.1641855496715834,4.969619928699032e-05,-23.166955889246623,6.282023089609676,-0.9961764705882352,-0.9973871706491145,-0.7923856619761168,0.05115877835957401,0.23601946998377502,-0.9966754155730534,0.2947976878612717,-0.9973871706491145,-0.7923856619761168,0.05115877835957401,Asset Management,Financial Services,TPVG
2015Q3,2015,Q3,2015-11-10,2015-09-30,5715000.0,7497000.0,4671000.0,0.34,9245000.0,1.2331599306389223,374997000.0,242125000.0,112867000.0,73996000.0,132872000.0,0.0,28719000.0,168814563.06,202744563.06,14.543457954675347,1.5253121790367048,0.21551905748579323,0.3337903975219412,0.014463807966706302,14.543457954675347,0.023603510583376355,22.517615454181673,7.384714044619423,0.6972207044295302,0.9763779527559056,0.0,0.03305402033364123,0.0199921599372795,1.4444429428617762,0.015240121920975368,-10.994826303243455,1.2331599306389223,-0.20930232558139528,-0.274765496982928,-0.20908114437149178,-0.008389600273201861,-0.20342926072721007,-0.1891316685584563,-0.2579825258141382,-0.274765496982928,-0.20908114437149178,-0.008389600273201861,Asset Management,Financial Services,TPVG
2015Q2,2015,Q2,2015-08-11,2015-06-30,7048000.0,8797000.0,6295000.0,0.43,11606000.0,1.3193134022962374,308302000.0,241991000.0,100048000.0,61000000.0,66311000.0,0.0,24048000.0,223355592.88,283350592.88,14.604687699728041,1.6401311475409837,0.39571588896601384,0.5041509808216008,0.01729438365234305,14.604687699728041,0.0291250501051692,25.38997304535637,7.922658657775255,0.9229913214954275,1.2362372304199774,0.0,0.03900954476963174,0.0285337104527379,1.0164754098360655,0.022860701519938242,9.367370947827546,1.3193134022962374,0.5925925925925924,0.4494603195116888,0.35839151083551296,0.006121186748668844,0.18331973898858075,1.5732018985031033,0.2730030333670374,0.4494603195116888,0.35839151083551296,0.006121186748668844,Asset Management,Financial Services,TPVG
2015Q1,2015,Q1,2015-05-06,2015-03-31,2739000.0,3933000.0,4945000.0,0.27,9808000.0,2.493770658530384,367464000.0,237873000.0,115750000.0,123573000.0,129591000.0,0.0,17347000.0,145125329.01999998,375305329.02,23.12751366467152,0.936693290605553,0.6531252041016263,1.0089417462259274,0.010347937631964978,23.12751366467152,0.011514547678803395,36.89939715738621,13.246196515151514,0.610095845346046,0.0,0.0,0.0,0.010703089282215401,0.8448042857258463,0.00745379139180981,102.12901408866993,2.493770658530384,-0.43749999999999994,0.0,0.0,0.0,-0.08250701590271281,-0.4274665551839465,-0.15643125213237802,0.0,0.0,0.0,Asset Management,Financial Services,TPVG
2014Q4,2014,Q4,2015-03-18,2014-12-31,4784000.0,5764000.0,5862000.0,0.48,10690000.0,1.8546148507980569,326329000.0,144979000.0,68358000.0,167998000.0,181350000.0,0.0,12808000.0,146944833.75,376038833.75,14.651336117490418,0.4068977011631091,0.7231965286566624,1.6278219604218542,0.015386674856094431,14.651336117490418,0.03299788245194132,25.493552003816795,7.678973335597826,1.013559437918595,,0.0,,0.017663155894817806,0.33870046071977045,0.01466005166565031,0.0,1.8546148507980569,0.02127659574468087,0.0,0.0,0.0,0.9017968333036827,0.023753477423496684,7.1835443037974684,0.0,0.0,0.0,Asset Management,Financial Services,TPVG
2014Q3,2014,Q3,2014-10-27,2014-09-30,4673000.0,5621000.0,-948000.0,0.47,5621000.0,1.0,311034000.0,144796000.0,0.0,50000000.0,166238000.0,0.0,6946000.0,144238160.04,245695160.04,14.666504061153718,0.0,0.3504440029064347,0.7527832260559684,-0.0037352834560040347,14.666504061153718,0.032272990966601287,25.660587091264897,7.716571797560453,0.9961474076631951,,0.0,,0.018071979269147425,0.15086,0.015024080968640085,0.0,1.0,0.6206896551724138,0.0,0.0,0.0,0.02404809619238477,0.6169550173010381,-1.332165381920112,0.0,0.0,0.0,Asset Management,Financial Services,TPVG
2014Q2,2014,Q2,2014-08-11,2014-06-30,2890000.0,3849000.0,2854000.0,0.29,5489000.0,1.4260846973239802,277360000.0,142951000.0,71642000.0,128497000.0,134409000.0,0.0,3423000.0,161309191.67999998,291261191.67999995,14.515833571623537,0.557538308287353,0.4939428901067205,0.9583703506796035,0.01019464120506803,14.515833571623537,0.020216717616525944,41.90937689789555,13.954082325259515,1.1284229678701092,1.1955017301038062,0.0,0.021418494284280578,0.01387727141620998,0.5217553717207406,0.010419671185462937,-0.8204150752470513,1.4260846973239802,0.0,0.0,0.0,0.0,0.0,0.0,0.0,0.0,0.0,0.0,Asset Management,Financial Services,TPVG
2014Q1,2014,Q1,2014-05-14,2014-03-31,,,,,,,217994000.0,143516000.0,74345000.0,69999000.0,74478000.0,0.0,569000.0,0.0,-31152000.0,0.0,1.0620866012371606,0.18349128875106654,0.2787145684104908,,0.0,,0.0,0.0,0.0,0.0,0.0,,,1.0164716638809126,,0.0,0.0,0.0,0.0,0.0,0.0,0.0,0.0,0.0,0.0,0.0,0.0,Asset Management,Financial Services,TPVG
