Quarters,Year,Quarter,FillingDate,Date,NetIncome,Revenue,OperatingIncome,EPSDiluted,GrossProfit,GrossProfitRatio,TotalAssets,CommonStockEquity,CurrentAssets,CurrentLiability,TotalLiability,Inventory,RetainedEarnings,MarketCap,EnterpriseValue,bookValuePerShare,currentRatio,debtToAssets,debtToEquity,roic,shareholdersEquityPerShare,roe,priceToSalesRatio,peRatio,pbRatio,payoutRatio,inventoryTurnover,dividendYield,assetTurnover,quickRatio,returnOnAssets,priceToFreeCashFlowsRatio,grossProfitMargin,epsdilutedGrowth,fiveYNetIncomeGrowthPerShare,fiveYRevenueGrowthPerShare,fiveYShareholdersEquityGrowthPerShare,grossProfitGrowth,netIncomeGrowth,operatingIncomeGrowth,threeYNetIncomeGrowthPerShare,threeYRevenueGrowthPerShare,threeYShareholdersEquityGrowthPerShare,Industry,Sector,Symbol
2023Q1,2023,Q1,2023-05-12,2023-03-31,17754000.0,2465000.0,-5133000.0,0.81,-1105000.0,-0.4482758621,942886000.0,906001000.0,423084000.0,26083000.0,29652000.0,0.0,32880000.0,811791500.0000001,410015500.0000001,41.23809740555303,16.220680136487367,0.0,0.0,-0.005208890018168274,41.23809740555303,0.019596004860921785,329.3271805273834,11.431107074462094,0.8960161191875065,0.0,0.0,0.0,0.002614313925543491,16.4103822413066,0.018829423705516893,4.421714998474879,-0.4482758620689655,0.3064516129032259,1.8545980840431742,-0.43917473530826207,0.09194835041658377,-0.3574938574938575,0.2993266978922717,-0.9621559633027523,1.247217177041074,-0.4237021123605057,0.1287697582954185,Capital Markets,Financial Services,AC
2022Q4,2022,Q4,2023-03-16,2022-12-31,13664000.0,7538000.0,-2616000.0,0.62,-814000.0,-0.1079862032,927690000.0,890196000.0,433179000.0,24427000.0,27301000.0,0.0,15126000.0,923696020.0,519233020.0,40.467133375761435,17.733614443034348,0.0,0.0,-0.0024432300128337434,40.467133375761435,0.0153494286651479,122.53860705757495,16.900176009953164,1.0376321843728797,0.16093384074941453,0.0,0.0023806533235901568,0.008125559184641421,25.348180292299503,0.01472905819832056,-23.09586487973196,-0.10798620323693288,1.8493150684931507,-0.06863275257474506,-0.2992545443865243,0.04417577665141214,0.20894071914480078,1.8537865533616595,-1.1512051326512918,0.2672601222436727,-0.5378694725352757,0.015118188798199204,Capital Markets,Financial Services,AC
2022Q3,2022,Q3,2022-11-14,2022-09-30,-16004000.0,2562000.0,17301000.0,-0.73,-1029000.0,-0.4016393443,986761000.0,879255000.0,454694000.0,94547000.0,97728000.0,0.0,3661000.0,809087600.0,387154600.0,39.94797819173103,4.809184849863031,0.0,0.0,0.01505444479704393,39.94797819173103,-0.018201773091992654,315.8031225604996,-12.638834041489627,0.9201967574821865,0.0,0.0,0.0,0.002596373387274122,6.223878071223836,-0.01621871962917059,-13.523108808290155,-0.4016393442622951,0.4671532846715329,-12.41235293431467,-0.4712020970235259,0.060333183482066045,-1.2321041214750543,0.4681642961584474,8.824966078697422,-3.7508772497736507,-0.48795106988031123,0.011916985553093114,Capital Markets,Financial Services,AC
2022Q2,2022,Q2,2022-08-05,2022-06-30,-30092000.0,2546000.0,-2211000.0,-1.37,-461000.0,-0.1810683425,1120015000.0,887294000.0,576446000.0,26354000.0,30831000.0,0.0,20159000.0,789549880.0,445291880.0,40.26565619894718,21.87318813083403,0.0,0.0,-0.0019666552054078,40.26565619894718,-0.0339143508239659,310.11385703063627,-6.559466635650671,0.8898402107982247,0.0,0.0,0.0,0.00227318384128784,15.21689307126053,-0.02686749731030388,1105.812156862745,-0.18106834249803613,-1.2459016393442626,-8.073936928273554,-0.4601111465206992,0.08086946148980118,0.6587712805329385,-1.2282117734172529,-1.1779906617291902,-32.04360636554931,-0.4595275427371981,0.027011312750972367,Capital Markets,Financial Services,AC
2022Q1,2022,Q1,2022-05-05,2022-03-31,-13505000.0,2582000.0,12422000.0,-0.61,-1351000.0,-0.5232378002,1284192000.0,920039000.0,707294000.0,152727000.0,160684000.0,0.0,52249000.0,924283139.9999999,575654139.9999999,41.71755690577673,4.631099936487982,0.0,0.0,0.009935113011613135,41.71755690577673,-0.014678725575763637,357.9717815646785,-17.110017400962604,1.0046130001010825,0.0,0.0,0.0,0.0020106027759088986,3.48427586477833,-0.01051634023572799,32.365121507108334,-0.5232378001549187,-2.3260869565217392,-0.11576234981513829,-0.4405834420422636,0.1272995205518447,-2.0799360511590725,-2.3215578823759664,0.026696421191834036,-1.597466241925128,-0.4316314656723539,0.059780726700961725,Capital Markets,Financial Services,AC
2021Q4,2021,Q4,2022-03-17,2021-12-31,10219000.0,13998000.0,12099000.0,0.46,1251000.0,0.08936991,1203336000.0,937102000.0,616040000.0,47349000.0,65534000.0,0.0,68435000.0,948537000.0,568493000.0,42.48161748039349,13.0106232444191,0.0,0.0,0.01028358056295323,42.48161748039349,0.010904896158582523,67.762323189027,23.2052304530776,1.0122025137071524,0.21587239455915452,0.0,0.0023256868208620224,0.011632661201858832,10.600582905657987,0.008492224947977954,-3.7960156396947298,0.08936990998714102,5.571428571428571,2.1559187687361314,-0.03246918731615473,0.20758491925875575,2.7694483734087694,5.799068529607451,72.59171597633136,1.261085862563668,0.6737968366975144,0.1142592315041656,Capital Markets,Financial Services,AC
2021Q3,2021,Q3,2021-11-08,2021-09-30,1503000.0,2112000.0,-169000.0,0.07,-707000.0,-0.3347537878787879,1434233000.0,931985000.0,845409000.0,284059000.0,503045000.0,0.0,61212000.0,826162439.9999999,256386439.99999988,42.20182032240536,2.9761739638596207,0.0,0.0,-0.00016667651663927364,42.20182032240536,0.0016126868994672662,391.1753977272727,137.41890219560878,0.8864546532401272,0.0,0.0,0.0,0.0014725640812894417,2.3598055333575068,0.0010479468817130829,3.2220367380367376,-0.3347537878787879,-0.9477611940298507,-0.5716399881981764,-0.5628271580657114,0.17094004892017972,0.7209944751381215,-0.9494211872391978,0.983767169340121,1.2119409403546573,-0.5290198907759198,0.04971788941471898,Capital Markets,Financial Services,AC
2021Q2,2021,Q2,2021-08-06,2021-06-30,29716000.0,2489000.0,-10411000.0,1.34,-2534000.0,-1.0180795500200883,1207951000.0,932906000.0,567906000.0,54943000.0,275486000.0,0.0,59709000.0,859505480.0,590234480.0,42.17858757573018,10.336275776714048,0.0,0.0,-0.008524924481799824,42.17858757573018,0.03185315562339614,345.3216070711129,7.230999125050477,0.9213205617714968,0.07440436128684884,0.0,0.002572409427802601,0.002060514044029932,7.149773401525217,0.024600335609639794,-72.18488956076257,-1.0180795500200883,0.6144578313253014,31.769257868470838,-0.4365653338816584,0.38851500906932845,-0.6422553467271549,0.6015090272163838,-0.6356637863315004,1.6225023098521512,-0.45845360026262955,0.06748916727473477,Capital Markets,Financial Services,AC
2021Q1,2021,Q1,2021-05-07,2021-03-31,18555000.0,2325000.0,-6365000.0,0.83,-1543000.0,-0.6636559139784947,1171266000.0,913295000.0,563648000.0,43748000.0,255520000.0,0.0,32204000.0,796880920.0,517155920.0,41.09868598685987,12.883971838712627,0.0,0.0,-0.005367172376419067,41.09868598685987,0.020316546132410667,342.7444817204301,10.736741040150903,0.8725339786158908,0.0,0.0,0.0,0.0019850315812121244,8.882097467312791,0.015841832683609017,3.271697924193654,-0.6636559139784947,-0.6375545851528384,12.032134982366774,-0.42410507235468636,0.3422806257594845,-2.577709611451943,-0.6370234159510163,-0.3788994800693241,1.8830261634750047,-0.4770254953240581,0.08825685933797911,Capital Markets,Financial Services,AC
2020Q4,2020,Q4,2021-03-24,2020-12-31,51119000.0,12009000.0,-4616000.0,2.29,978000.0,0.08143892080939295,1174545000.0,898938000.0,595768000.0,48757000.0,273156000.0,0.0,13649000.0,783316480.0,399354480.0,40.30389167862267,12.219127509896015,0.0,0.0,-0.0038160540915044465,40.30389167862267,0.056865990757983306,65.2274527437755,3.830848021283671,0.8713798726942236,0.04362370155910718,0.0,0.002846869760738342,0.010224384761758808,15.693767048834014,0.04352238526408098,-107.59841758241758,0.08143892080939295,7.807692307692308,12.616383683456672,0.4896885115914071,0.33882582422474544,1.904717853839038,7.790885640584695,-0.29954954954954954,2.4365755730935477,0.10106115967129617,0.03996364172430951,Capital Markets,Financial Services,AC
2020Q3,2020,Q3,2020-11-12,2020-09-30,5815000.0,1945000.0,-3552000.0,0.26,-1081000.0,-0.5557840616966581,1100611000.0,852095000.0,576088000.0,29453000.0,246444000.0,0.0,-35241000.0,807650020.0,760319020.0,38.118233873132326,19.559569483584013,0.0,0.0,-0.0027475344905458486,38.118233873132326,0.00682435643912944,415.2442262210797,34.72270077386071,0.9478403464402444,0.0,0.0,0.0,0.0017672002187875643,13.617831799816656,0.005283428931747911,-47.17030837518981,-0.5557840616966581,-0.8343949044585988,1.8797581666974785,-0.526923149561056,0.5439616680325027,-1.6957605985037407,-0.8349746005619093,0.14265025343953658,3.082828769439357,-0.6047289563361825,0.011766554928644386,Capital Markets,Financial Services,AC
2020Q2,2020,Q2,2020-08-07,2020-06-30,35237000.0,3137000.0,-4143000.0,1.57,-401000.0,-0.12782913611730953,926624000.0,851784000.0,413969000.0,16926000.0,73937000.0,0.0,-41056000.0,821048820.0,756476820.0,38.06345517919385,24.45758005435425,0.0,0.0,-0.0037550955606358207,38.06345517919385,0.041368469001530905,261.73057698438,5.825189573459715,0.9639166971908371,0.06351278485682663,0.0,0.002725781884687442,0.0033854076734468348,24.45758005435425,0.038027290465172496,-2.9158219927268596,-0.12782913611730953,1.4801223241590213,45.96255564283844,-0.2212093226482359,0.4861752862042806,-1.403420523138833,1.4803626201349602,-2.7835616438356166,7.156813842017068,-0.34495373496558507,0.021754770335822054,Capital Markets,Financial Services,AC
2020Q1,2020,Q1,2020-05-12,2020-03-31,-73355000.0,4369000.0,-1095000.0,-3.27,994000.0,0.22751201647974365,904090000.0,819852000.0,377935000.0,19956000.0,83287000.0,0.0,-74056000.0,686694600.0,344756600.0,36.533666057662316,18.938414511926236,0.0,0.0,-0.0010213627749020304,36.533666057662316,-0.08947346594263354,157.17431906614786,-2.3403128621089224,0.8375836126520396,-0.030645491104900825,0.0,0.003273653236824638,0.004832483491687774,18.938414511926236,-0.0811368337223064,44.208755552694264,0.22751201647974365,-7.673469387755102,-35.39840038967311,0.03588865730094765,0.468929497742284,0.2776349614395887,-7.65532571221194,0.3641114982578397,-4.955963120612362,-0.06973584284694326,-0.012780534492396672,Capital Markets,Financial Services,AC
2019Q4,2019,Q4,2020-03-16,2019-12-31,11022000.0,16674000.0,-1722000.0,0.49,778000.0,0.04665946983327336,1010906000.0,896432000.0,386689000.0,46667000.0,113471000.0,0.0,-701000.0,881490400.0000001,549202400.0000001,39.86445501845511,8.286133670473783,0.0,0.0,-0.00139590601390493,39.86445501845511,0.01229541114105699,52.86616288832914,19.993884957358013,0.9833321434308459,0.0,0.0,0.0,0.01649411517984857,8.286133670473783,0.01090309089074553,3900.4000000000005,0.04665946983327336,0.8846153846153845,4.2437260425659975,1.4238139710439974,0.7163694460081389,1.5096774193548388,0.8521256931608133,0.42771684945164506,2.339120751350483,0.13055817201014008,0.1331893075157344,Capital Markets,Financial Services,AC
2019Q3,2019,Q3,2019-11-12,2019-09-30,5951000.0,5118000.0,-3009000.0,0.26,310000.0,0.0605705353653771,993125000.0,888797000.0,376661000.0,29154000.0,104328000.0,0.0,-11723000.0,801273260.0000001,475741260.0000001,39.477525095496134,12.919702270700418,0.0,0.0,-0.0026492549750453884,39.477525095496134,0.006695567154254571,156.55983978116453,33.661286338430514,0.901525612710214,0.0,0.0,0.0,0.0051534298300818125,12.919702270700418,0.005992196349905601,-91.59502286236855,0.0605705353653771,7.5,2.7536384621231713,0.16555840002584246,0.0,1.4062909567496724,7.385193133047211,0.04506505871152015,0.6636615070843743,0.0391652593195971,0.09535121502865898,Capital Markets,Financial Services,AC
2019Q2,2019,Q2,2019-08-09,2019-06-30,-932000.0,4821000.0,-3151000.0,-0.04,-763000.0,-0.15826591993362374,1004160000.0,884188000.0,387612000.0,24294000.0,119972000.0,0.0,-17674000.0,869154080.0,553348080.0,39.20663355799929,15.955050629785132,0.0,0.0,0.0043334856388007985,39.20663355799929,-0.0010540744728496654,180.2850197054553,-233.14218884120172,0.9829969192072274,-2.4184549356223175,0.0,0.0025933261453481298,0.004801027724665392,15.955050629785132,-0.0009281389420012747,-29.33853434599156,-0.15826591993362374,-1.0392156862745099,-1.2583356930842438,0.1786610448743805,0.0,0.540084388185654,-1.0402643971140968,0.5999238191975622,-2.0079824240459994,0.07032726800040816,0.2906785712684168,Capital Markets,Financial Services,AC
2019Q1,2019,Q1,2019-05-09,2019-03-31,23147000.0,4652000.0,-7876000.0,1.02,-1659000.0,-0.3566208082545142,994696000.0,889004000.0,424919000.0,37793000.0,105692000.0,0.0,-16742000.0,904263360.0,525361360.0,39.36432872830322,11.243325483555155,0.01720927801056805,0.019255256444290464,-0.0069473895271395195,39.36432872830322,0.026037003208084553,194.38163370593293,9.766528707823909,1.017164557189844,0.09759364064457597,0.0,0.002498166021014055,0.004676805777845693,11.243325483555155,0.02327042634131433,-71.17381818181818,-0.3566208082545142,1.576271186440678,59.95656846351819,0.3242444055852686,0.0,-10.216666666666667,1.5741535408656828,-2.4468271334792124,14.996744218807088,0.13381521423651557,0.2856366214462996,Capital Markets,Financial Services,AC
2018Q4,2018,Q4,2019-03-08,2018-12-31,-40315000.0,8614000.0,-2285000.0,-1.77,180000.0,0.020896215463199443,954433000.0,866248000.0,439896000.0,28811000.0,88185000.0,0.0,-39889000.0,800460829.9999999,400381829.9999999,38.12543461995511,15.268335010933324,0.0,0.0,-0.002237456975721795,38.12543461995511,-0.046539789990857124,92.92556651961921,-4.963790338583654,0.9240550396653151,0.0,0.0,0.0,0.009025253737035497,15.268335010933324,-0.04223973814819898,11.061741912303248,0.020896215463199443,-4.53125,-19.98236542441724,0.23927712358066416,0.6414956900120141,1.145044319097502,-4.463477435966933,0.34695627322092026,-11.541475649236697,0.048935553127616035,0.26646123495964047,Capital Markets,Financial Services,AC
2018Q3,2018,Q3,2018-11-07,2018-09-30,-7379000.0,4666000.0,-3499000.0,-0.32,-1241000.0,-0.2659665666523789,1020989000.0,923825000.0,369021000.0,23692000.0,97164000.0,0.0,426000.0,955926400.0,629392400.0,40.203011445232605,15.575763970960661,0.021893477794569776,0.024196141044028903,-0.0033053482244115038,40.203011445232605,-0.007987443509322654,204.8706386626661,-32.38671906762434,1.034748356019809,-0.0012196774630708767,0.0,9.414950774452927e-06,0.00457007861984801,15.575763970960661,-0.00722730607283722,17.013907626590726,-0.2659665666523789,-1.627450980392157,-1.130439270500366,0.04111817509267356,0.0,-0.15549348230912477,-1.6240696887686061,-0.015380150899593732,-0.08601348965489523,0.10403018385842418,0.6284046322162522,Capital Markets,Financial Services,AC
2018Q2,2018,Q2,2018-08-08,2018-06-30,11824000.0,4796000.0,-3446000.0,0.51,-1074000.0,-0.22393661384487074,998928000.0,911936000.0,297782000.0,22353000.0,86992000.0,0.0,7805000.0,875886000.0000001,615448000.0000001,39.511958405545926,13.321791258444057,0.01334630724136274,0.01461944697873535,-0.002947880741764753,39.511958405545926,0.012965822162958805,182.6284403669725,18.51924052774019,0.9604687171029547,0.19502706359945873,0.0,0.0026327627111290735,0.004801146829401118,13.321791258444057,0.011836688930533532,-39.489900811541936,-0.22393661384487074,1.536842105263158,2.2024487029790802,0.1457245829437153,0.0,0.337446020974707,1.53191776508165,0.1891764705882353,14.27927270515978,0.15443866743693438,0.5427316257918736,Capital Markets,Financial Services,AC
2018Q1,2018,Q1,2018-05-09,2018-03-31,-22229000.0,4703000.0,-4250000.0,-0.95,-1621000.0,-0.34467361258770995,955343000.0,887794000.0,306468000.0,11734000.0,67549000.0,0.0,-1717000.0,880374600.0000001,601613600.0000001,37.765611706653054,26.117947843872507,0.0054545854211524025,0.005869604885818107,-0.003658114754917125,37.765611706653054,-0.025038466130656436,187.1942589836275,-9.901194385712358,0.9916428811188182,-0.10657249538890638,0.0,0.002690899987346295,0.004922839231563951,26.117947843872507,-0.023268082772365528,-29.956941608819932,-0.34467361258770995,-2.417910447761194,-57.23813472392578,0.28614105818877156,0.0,-3.544740973312402,-2.406898734177215,-0.2181140728002293,-10.950730756183097,0.0644678166565538,0.5184630239031007,Capital Markets,Financial Services,AC
2017Q4,2017,Q4,2018-03-09,2017-12-31,15800000.0,11585000.0,-3489000.0,0.67,637000.0,0.05498489425981873,1006915000.0,918147000.0,349598000.0,36807000.0,88768000.0,0.0,13800000.0,807863100.0,520151100.0,38.75509687222996,9.498138940962317,0.0,0.0,-0.002720465224415362,38.75509687222996,0.017208573354811376,69.73354337505396,12.782643987341773,0.8798842668984378,0.14968354430379746,0.0,0.0029274762023417085,0.01150543988320762,9.498138940962317,0.015691493323666844,15.565763005780347,0.05498489425981873,10.166666666666668,6.1348492488703394,0.598466918253947,0.6686058825534374,1.5120578778135048,9.401579986833443,0.42915575916230364,6.1348492488703394,0.598466918253947,0.6686058825534374,Capital Markets,Financial Services,AC
2017Q3,2017,Q3,2017-11-07,2017-09-30,1519000.0,5248000.0,-6112000.0,0.06,-1244000.0,-0.23704268292682926,979519000.0,898208000.0,262662000.0,30133000.0,81311000.0,0.0,364000.0,851123700.0000001,617421700.0000001,37.67492974287991,8.716755716324295,0.0,0.0,-0.006479008362046589,37.67492974287991,0.0016911450354483593,162.1805830792683,140.07960829493086,0.9475797365420928,0.0065832784726793945,0.0,1.1749173475018966e-05,0.005357731703009334,8.716755716324295,0.0015507611388855143,-6.994655742016076,-0.23704268292682926,-0.6842105263157895,1.4227037296820486,0.12864088220826614,0.0,0.06184012066365008,-0.6694952132288947,0.0528436386176972,1.4227037296820486,0.12864088220826614,0.0,Capital Markets,Financial Services,AC
2017Q2,2017,Q2,2017-08-04,2017-06-30,4596000.0,5095000.0,-6453000.0,0.19,-1326000.0,-0.2602551521099117,926837000.0,886920000.0,336010000.0,26731000.0,39917000.0,0.0,-1155000.0,809472000.0,499044000.0,37.253024193548384,12.570049754966144,0.0,0.0,-0.0077983264093080176,37.253024193548384,0.005181978081450413,158.87576054955838,44.03133159268929,0.9126775808415641,0.0,0.0,0.0,0.005497190983959423,12.570049754966144,0.004958800738425419,48.82219541616405,-0.2602551521099117,1.3454545454545452,0.20673156108142865,0.17993514238689828,0.0,0.26169265033407574,1.3514298822449915,-0.48961218836565096,0.20673156108142865,0.17993514238689828,0.0,Capital Markets,Financial Services,AC
2017Q1,2017,Q1,2017-05-03,2017-03-31,-13078000.0,4987000.0,-4332000.0,-0.55,-1796000.0,-0.3601363545217566,917633000.0,881831000.0,322545000.0,24233000.0,35802000.0,0.0,-5751000.0,861418350.0,561267350.0,37.00663057618868,13.310155572978996,0.0,0.0,-0.002982421036492799,37.00663057618868,-0.014830506072025138,172.73277521556045,-16.466935884691846,0.9768519705022845,0.0,0.0,0.0,0.00543463454343948,13.310155572978996,-0.014251885012853722,-59.74603620474407,-0.3601363545217566,-4.666666666666667,-33.64090411957711,0.3454354205063537,0.0,-1.5138769670958512,-4.585961063888127,-33.81818181818182,-33.64090411957711,0.3454354205063537,0.0,Capital Markets,Financial Services,AC
2016Q4,2016,Q4,2017-03-14,2016-12-31,3647000.0,16295000.0,132000.0,0.15,3495000.0,0.2144829702362688,952603000.0,874022000.0,337988000.0,64367000.0,78581000.0,0.0,7327000.0,816158250.0,512065250.0,35.178989736365466,5.250951574564606,0.0,0.0,0.00011581528951238821,35.178989736365466,0.004172663845990147,50.086422215403495,55.9472340279682,0.9337960028466104,0.0,0.0,0.0,0.01710576179163828,5.250951574564606,0.0038284573951583188,-15.619655706958586,0.2144829702362688,-0.06250000000000006,0.570391259568918,1.1439091159143449,0.5146361112168427,4.625518672199171,-0.07880777974235918,1.029352901934623,0.570391259568918,1.1439091159143449,0.5146361112168427,Capital Markets,Financial Services,AC
2016Q3,2016,Q3,2016-11-04,2016-09-30,3959000.0,5451000.0,-4497000.0,0.16,-964000.0,-0.1768482847184003,924811000.0,898069000.0,432059000.0,18528000.0,26742000.0,0.0,6102000.0,883592280.0,485389280.0,36.04097439601894,23.319246545768568,0.0,0.0,-0.0034569664624680054,36.04097439601894,0.00440834724280651,162.09728123280132,55.7964309168982,0.9838801695638086,0.0,0.0,0.0,0.005894177296766582,23.319246545768568,0.004280874686827903,13.291499142573484,-0.1768482847184003,3.0,2.0540836910968054,0.12162949018234351,0.0,-1.020964360587002,2.8851815505397447,-0.3415871121718377,2.0540836910968054,0.12162949018234351,0.0,Capital Markets,Financial Services,AC
2016Q2,2016,Q2,2016-08-05,2016-06-30,1019000.0,4964000.0,-3352000.0,0.04,-477000.0,-0.09609186140209508,802927000.0,754984000.0,223621000.0,37444000.0,47943000.0,0.0,2150000.0,712812720.0,524686720.0,30.376760280035406,5.972145069971157,0.0,0.0,-0.0035773146008712814,30.376760280035406,0.0013496974770326258,143.59643835616438,174.8804514229637,0.9441428162716031,0.0,0.0,0.0,0.0061823802163833074,5.972145069971157,0.0012691066560222785,-92.41705173084402,-0.09609186140209508,-0.3333333333333333,-0.743710121405396,0.1012155628589769,0.0,0.7342618384401114,-0.3603264281230383,0.2575858250276855,-0.743710121405396,0.1012155628589769,0.0,Capital Markets,Financial Services,AC
2016Q1,2016,Q1,2016-05-13,2016-03-31,1593000.0,4517000.0,-4515000.0,0.06,-1795000.0,-0.3973876466681426,812700000.0,761269000.0,231487000.0,35246000.0,48433000.0,0.0,1131000.0,696661260.0,502822260.0,30.61854965209347,6.5677523690631565,0.0,0.0,-0.004155381043677241,30.61854965209347,0.0020925586093746102,154.2309630285588,109.33164783427496,0.9151315238109,0.0,0.0,0.0,0.005558016488249046,6.5677523690631565,0.0019601328903654483,9288.8168,-0.3973876466681426,-0.6470588235294118,2.8105609260072204,0.16795434472713755,0.0,-1.2635561160151325,-0.6197183098591549,0.2325344212136665,2.8105609260072204,0.16795434472713755,0.0,Capital Markets,Financial Services,AC
2015Q4,2015,Q4,2016-03-24,2015-12-31,4189000.0,8995000.0,-5883000.0,0.17,-793000.0,-0.08816008893829906,836748000.0,749196000.0,274613000.0,68709000.0,85199000.0,0.0,2072000.0,759053500.0,564103500.0,30.103909671716156,3.9967544280953007,0.0,0.0,-0.0057035352031505945,30.103909671716156,0.005591327236130465,84.38615897720956,45.30039985676772,1.013157438106984,0.0,0.0,0.0,0.010749951000779207,3.9967544280953007,0.005006286241496843,-6.751162914802594,-0.08816008893829906,1.5749342207612131,0.8007313260541228,0.18146164450762087,0.2961278598190376,-1.038560411311054,1.5555702917771883,-4.442183163737281,0.8007313260541228,0.18146164450762087,0.2961278598190376,Capital Markets,Financial Services,AC
2015Q3,2015,Q3,2015-12-16,2015-09-30,-7540000.0,4690000.0,-1081000.0,-0.295686,-389000.0,-0.08294243070362474,730869000.0,629559000.0,417843000.0,88458000.0,101310000.0,0.0,0.0,703035000.0,346780000.0,24.688588235294116,4.72363155395781,0.0,0.0,-0.0011090597197127418,24.688588235294116,-0.011976637614584177,149.90085287846483,-23.310179045092838,1.116710268616603,0.0,0.0,0.0,0.006417018644928161,4.72363155395781,-0.010316486264980454,48.209216210656244,-0.08294243070362474,-9.818813564377107,-0.9617060844956541,-0.05698395721925132,0.0,0.6137040714995035,-9.818713450292398,0.6882929642445214,-0.9617060844956541,-0.05698395721925132,0.0,Capital Markets,Financial Services,AC
2015Q2,2015,Q2,2015-06-30,2015-06-30,855000.0,4590000.0,-3468000.0,0.033529,-1007000.0,-0.2193899782135076,766623000.0,653098000.0,419352000.0,96476000.0,113525000.0,0.0,0.0,703035000.0,353053000.0,25.611686274509804,4.346697624279614,0.0,0.0,-0.00458274322160498,25.611686274509804,0.0013091450287705674,153.16666666666666,205.5657894736842,1.076461725499083,0.0,0.0,0.0,0.005987297537381477,4.346697624279614,0.0011152809138259615,57.28772816166884,-0.2193899782135076,-0.6431148814782488,-0.7904056845652333,-0.00754833040421796,0.0,0.13413585554600171,-0.6415094339622641,0.10618556701030928,-0.7904056845652333,-0.00754833040421796,0.0,Capital Markets,Financial Services,AC
2015Q1,2015,Q1,2015-03-31,2015-03-31,2385000.0,4717000.0,-3880000.0,0.093949,-1163000.0,-0.24655501377994488,696041000.0,624211000.0,341659000.0,56444000.0,71830000.0,0.0,0.0,691951860.0,371578860.0,24.870945892102956,6.053061441428673,0.0,0.0,-0.004247584756691411,24.870945892102956,0.0038208234074695894,146.6932075471698,72.53164150943397,1.1085223746457529,0.0,0.0,0.0,0.006776899636659335,6.053061441428673,0.00342652228819854,18.10065554044156,-0.24655501377994488,0.02118478260869572,4.651658767772511,0.2082479508196721,0.0,-3.7663934426229506,0.016624040920716114,-0.7229129662522202,4.651658767772511,0.2082479508196721,0.0,Capital Markets,Financial Services,AC
2014Q4,2014,Q4,2014-12-31,2014-12-31,2346000.0,7678000.0,-2252000.0,0.092,-244000.0,-0.03177910914300599,754694000.0,582927000.0,364484000.0,91536000.0,171767000.0,0.0,0.0,691951860.0,406421860.0,23.22603394692804,3.9818650585561963,0.0,0.0,-0.001491215555984712,23.22603394692804,0.004024517649722864,90.12136754363115,73.73741048593351,1.1870300397819968,0.0,0.0,0.0,0.010173659787940543,3.9818650585561963,0.00310854465518475,-28.677187616560985,-0.03177910914300599,1.6103669499565445,0.0,0.0,0.0,-1.4192439862542956,1.620142743854084,-2.0106951871657754,0.0,0.0,0.0,Capital Markets,Financial Services,AC
2014Q3,2014,Q3,2014-09-30,2014-09-30,-3783000.0,4895000.0,-748000.0,-0.150729,582000.0,0.11889683350357508,,,,,,,,691951860.0,,,0.0,0.0,0.0,0.0,,0.0,141.3589090909091,-45.727720063441716,0.0,0.0,0.0,0.0,0.0,0.0,0.0,-23.197286533239463,0.11889683350357508,-1.9420562500000003,0.0,0.0,0.0,1.994871794871795,-1.942216687422167,0.7948436642896325,0.0,0.0,0.0,Capital Markets,Financial Services,AC
2014Q2,2014,Q2,2014-06-30,2014-06-30,4015000.0,4552000.0,-3646000.0,0.16,-585000.0,-0.12851493848857645,,,,,,,,691951860.0,,,0.0,0.0,0.0,0.0,,0.0,152.01051405975394,43.08542092154421,0.0,0.0,0.0,0.0,0.0,0.0,0.0,33.41309865275967,-0.12851493848857645,8.62521807134693,0.0,0.0,0.0,0.42759295499021527,8.514218009478673,-0.11226357535082367,0.0,0.0,0.0,Capital Markets,Financial Services,AC
2014Q1,2014,Q1,2014-03-31,2014-03-31,422000.0,3904000.0,-3278000.0,0.016623,-1022000.0,-0.2617827868852459,,,,,,,,691951860.0,,,0.0,0.0,0.0,0.0,,0.0,177.2417674180328,409.9240876777251,0.0,0.0,0.0,0.0,0.0,0.0,0.0,-27.249708974914345,-0.2617827868852459,0.0,0.0,0.0,0.0,0.0,0.0,0.0,0.0,0.0,0.0,Capital Markets,Financial Services,AC
