Quarters,Year,Quarter,FillingDate,Date,NetIncome,Revenue,OperatingIncome,EPSDiluted,GrossProfit,GrossProfitRatio,TotalAssets,CommonStockEquity,CurrentAssets,CurrentLiability,TotalLiability,Inventory,RetainedEarnings,MarketCap,EnterpriseValue,bookValuePerShare,currentRatio,debtToAssets,debtToEquity,roic,shareholdersEquityPerShare,roe,priceToSalesRatio,peRatio,pbRatio,payoutRatio,inventoryTurnover,dividendYield,assetTurnover,quickRatio,returnOnAssets,priceToFreeCashFlowsRatio,grossProfitMargin,epsdilutedGrowth,fiveYNetIncomeGrowthPerShare,fiveYRevenueGrowthPerShare,fiveYShareholdersEquityGrowthPerShare,grossProfitGrowth,netIncomeGrowth,operatingIncomeGrowth,threeYNetIncomeGrowthPerShare,threeYRevenueGrowthPerShare,threeYShareholdersEquityGrowthPerShare,Industry,Sector,Symbol
2023Q3,2023,Q3,2023-05-03,2023-03-31,10000000.0,245700000.0,10111000.0,0.25,75600000.0,0.3076923077,965432000.0,272328000.0,585483000.0,165308000.0,693104000.0,292833000.0,254275000.0,620460000.0,1100933000.0,6.724148148148148,3.5417705132238004,0.5362480216110508,1.9010568138421315,0.00810348909744507,6.724148148148148,0.03672042536940748,2.525274725274725,15.511500000000002,2.2783555124702564,0.4861,0.5808771552386514,0.007834509879766626,0.25449746849078964,1.3912091368838773,0.010358057325632462,-376.2644026682838,0.3076923076923077,0.38888888888888895,-0.4990292712066906,0.16897198766921312,0.4588043846805657,-0.023066485753052916,0.3869625520110957,-0.36184044433223933,-0.2601553977254543,0.16457292353732975,0.3925039759665473,Drug Manufacturers—Specialty & Generic,Healthcare,PAHC
2023Q2,2023,Q2,2023-02-08,2022-12-31,7210000.0,244646000.0,15844000.0,0.18,77385000.0,0.3163141846,961833000.0,268370000.0,581689000.0,167569000.0,693463000.0,288984000.0,249094000.0,543158640.0,986478640.0,6.6257653565079995,3.4713401643502078,0.5320487028413456,1.906852479785371,0.011566439561057311,6.6257653565079995,0.026865894101427135,2.220181977224234,18.8335173370319,2.023917129336364,0.6740638002773925,0.5787898291946959,0.008947662141579852,0.2543539263052942,1.374072770023095,0.00749610379348598,-44.13053623659408,0.31631418457689886,0.7999999999999998,0.01726304591723348,0.17898767002476906,0.581838744195042,0.12730530548029018,0.8698132780082988,0.15784858228588133,-0.3945603123861142,0.1417303596462787,0.23284369400535665,Drug Manufacturers—Specialty & Generic,Healthcare,PAHC
2023Q1,2023,Q1,2022-11-09,2022-09-30,3856000.0,232521000.0,13684000.0,0.1,68646000.0,0.2952249474,948378000.0,262756000.0,570080000.0,172499000.0,685622000.0,280842000.0,246744000.0,538298160.0,965137160.0,6.487161761801303,3.304830752642044,0.5305047143649473,1.9147764465892312,0.012148025763612035,6.487161761801303,0.01467521198374157,2.3150518017727433,34.90003630705394,2.0486617241851754,1.2603734439834025,0.5835131497425599,0.009028453673332267,0.24517755578471875,1.3275903048713327,0.00406588933948278,-15.891189703017064,0.29522494742410366,-0.4444444444444444,-0.7607168553646655,0.18558420534769657,0.5289758926885454,-0.12552866242038216,-0.48586666666666667,-0.055950327699206624,0.5313081416694383,0.2240879474284983,0.26966260226184563,Drug Manufacturers—Specialty & Generic,Healthcare,PAHC
2022Q4,2022,Q4,2022-08-24,2022-06-30,7500000.0,255300000.0,14495000.0,0.18,78500000.0,0.3074813944,931699000.0,262442000.0,566232000.0,190832000.0,669257000.0,259158000.0,247748000.0,774765000.0,1171001000.0,6.480049382716049,2.9671753165087615,0.50497424597429,1.7927161048917475,0.011378725214344463,6.480049382716049,0.02857774289176275,3.0347238542890715,25.8255,2.9521379962048755,0.6481333333333333,0.6822093086071045,0.006274160551909289,0.2740155350601428,1.3508478661859646,0.008049810078147555,-75.10323768902676,0.30748139443791617,-0.5909090909090909,-0.5207198354551718,0.2876916745318214,0.7062125169995352,0.09597073688325468,-0.5760076883939171,-0.24481608836094612,-0.14792092706203136,0.2521887553155487,0.2149248894752678,Drug Manufacturers—Specialty & Generic,Healthcare,PAHC
2022Q3,2022,Q3,2022-05-04,2022-03-31,17689000.0,239619000.0,19194000.0,0.44,71626000.0,0.2989161961,916181000.0,266945000.0,546477000.0,187102000.0,649236000.0,249911000.0,245122000.0,808054800.0,1192990800.0,6.590583646059648,2.920743765432759,0.49737333561818026,1.7070332840098148,0.01659015145170477,6.590583646059648,0.0662645863380097,3.3722484444054937,11.420300751879699,3.027046020715878,0.2747470179207417,0.6722113072253723,0.006014443574866457,0.2615411146924025,1.3330108710756698,0.0193073202784166,-208.1006438320886,0.2989161961280199,0.023255813953488393,-0.27015304828659376,0.23116592267559738,0.8679095697119223,0.01349898120896536,0.01282565130260521,-0.2752878988106475,0.1894351954650148,0.16290883500126108,0.24713471340378856,Drug Manufacturers—Specialty & Generic,Healthcare,PAHC
2022Q2,2022,Q2,2022-02-09,2021-12-31,17465000.0,232712000.0,26485000.0,0.43,70672000.0,0.3036886796,848958000.0,239294000.0,508610000.0,166628000.0,609664000.0,230784000.0,232293000.0,827091680.0000001,1198443680.0,5.907910329843966,3.0523681494106634,0.5120830476890494,1.8167484349795648,0.027753225004064012,5.907910329843966,0.07298553244126472,3.5541428031214553,11.83927397652448,3.456382859578594,0.2783280847409104,0.7021283971159179,0.00587722028590591,0.27411485609417663,1.4282113450320475,0.02057227801610916,66.52925353925355,0.3036886795695968,1.6875,0.26658024630874794,0.18180914836261056,1.0675823751208169,0.09267447973035653,1.6729415365779001,0.8125513276758828,0.18069065434596496,0.063209678396983,0.16253041968818885,Drug Manufacturers—Specialty & Generic,Healthcare,PAHC
2022Q1,2022,Q1,2021-11-02,2021-09-30,6534000.0,214665000.0,14612000.0,0.16,64678000.0,0.30129737032119813,836044000.0,233305000.0,498630000.0,152586000.0,602739000.0,221313000.0,219689000.0,872456160.0,1270101160.0,5.760048390282441,3.267862058118045,0.5248766811316151,1.8808855361008123,0.01410052848111662,5.760048390282441,0.028006257902745333,4.064268325064636,33.38139577594123,3.739551917018495,0.743801652892562,0.6777143683380552,0.0055704804697579305,0.2567628019577917,1.5585899099524203,0.007815378137992737,-240.4785446527012,0.30129737032119813,-0.6190476190476191,-0.4779341275537978,0.11101495191766743,1.2194061848747548,-0.0737526493670161,-0.6183634133520238,-0.23728990500052197,-0.6008200226248206,0.06892987197107071,0.21072074158875692,Drug Manufacturers—Specialty & Generic,Healthcare,PAHC
2021Q4,2021,Q4,2021-08-25,2021-06-30,17121000.0,220278000.0,19158000.0,0.42,69828000.0,0.31699942799553293,841325000.0,238529000.0,498909000.0,164116000.0,602796000.0,216312000.0,218015000.0,1169640000.0,1546134000.0,5.889604938271605,3.0399778205659413,0.5071833120375598,1.7889061707381493,0.029065037166449655,5.889604938271605,0.07177743586733688,5.309835753003023,17.079025757841247,4.90355470404018,0.28392033175632264,0.6955231332519693,0.0041559796176601355,0.26182272011410573,1.4627702356869532,0.020350043086797612,-290.66600397614314,0.31699942799553293,0.4,0.09434856670073485,0.13280581027182006,1.5646599753304735,0.009585773151160269,0.4078611956253598,-0.048380687462745875,-0.22978200407559787,0.034960797254811014,0.28329789575973313,Drug Manufacturers—Specialty & Generic,Healthcare,PAHC
2021Q3,2021,Q3,2021-05-06,2021-03-31,12161000.0,211729000.0,20132000.0,0.3,69165000.0,0.3266675797835913,805017000.0,215921000.0,471718000.0,168891000.0,589096000.0,206258000.0,205755000.0,987785200.0,1352266200.0,5.333621520144258,2.7930321923607533,0.5137580945495561,1.9154412956590605,0.020770639147669065,5.333621520144258,0.056321525002199876,4.665327848334427,20.306413946221525,4.574752803108544,0.399638187649042,0.6911925840452249,0.00492009801321178,0.26301183701710645,1.3539205759928001,0.015106513278601569,108.10826310605232,0.3266675797835913,-0.06250000000000006,-0.36359736262149744,0.12195348869219254,1.7015097430766326,0.013183915622940013,-0.04999609405515194,0.01216691804927099,-0.39051366294334616,0.007770470920292017,0.15712954093016238,Drug Manufacturers—Specialty & Generic,Healthcare,PAHC
2021Q2,2021,Q2,2021-02-03,2020-12-31,12801000.0,206149000.0,19890000.0,0.32,68265000.0,0.3311439783845665,803651000.0,213322000.0,477167000.0,166903000.0,590329000.0,213331000.0,198454000.0,785616680.0000001,1162051680.0,5.273199189202551,2.8589480117193817,0.511377451157281,1.9265195338502359,0.02446123573730895,5.273199189202551,0.0600078754183816,3.8109167640881116,15.34287711897508,3.6827738348599772,0.3792672447465042,0.6463383193253677,0.006179858604835121,0.25651557703530514,1.3274776367111436,0.01592855605231624,40.09271140597092,0.3311439783845665,0.06666666666666674,-0.5893536888687969,0.04065854050480843,2.8739832641768497,0.06466102091423759,0.04056251016094944,0.26784803671596125,0.8083327399544185,-0.00530755227359278,0.25892637824027154,Drug Manufacturers—Specialty & Generic,Healthcare,PAHC
2021Q1,2021,Q1,2020-11-04,2020-09-30,12302000.0,195194000.0,15688000.0,0.3,64119000.0,0.32848858059161656,789554000.0,192412000.0,464282000.0,160952000.0,597142000.0,205846000.0,190508000.0,703899600.0,1094179600.0,4.756315815494141,2.884599135145882,0.5335277891062549,2.189307319709789,0.018366461486747938,4.756315815494141,0.06393572126478599,3.6061538776806663,14.304576491627378,3.6582936615179924,0.39456998861973663,0.6367624340526413,0.006895869808705674,0.2472205827593806,1.350874794969929,0.015580948231533245,-123.0163579168123,0.32848858059161656,1.1428571428571426,-0.36608447356651214,0.008028184298041939,7.226435618940669,0.05869823657618387,1.1804324707550513,-0.13416855234836358,-0.23565883626577092,-0.003509572797162844,0.12102834597491055,Drug Manufacturers—Specialty & Generic,Healthcare,PAHC
2020Q4,2020,Q4,2020-08-26,2020-06-30,5642000.0,185883000.0,18119000.0,0.14,60564000.0,0.325817853165701,784100000.0,188204000.0,451837000.0,157238000.0,595896000.0,196659000.0,183060000.0,1063935000.0,1438314000.0,4.647012345679013,2.8735865376054135,0.5238132891212856,2.1823234362712802,0.01002280270556491,4.647012345679013,0.029978108860598075,5.723681025160988,47.14352180077986,5.653094514463029,0.8605104572846508,0.6372400958003448,0.004563248694704094,0.237065425328402,1.3855747338429643,0.007195510776686647,-171.63010162929504,0.325817853165701,-0.5757575757575757,0.09596567359604856,-0.029896203378290413,5.131396200124341,-0.12921453322022688,-0.5821050292570921,-0.1501008490079272,-0.6394535082184104,-0.06243638254211306,0.22356947649149359,Drug Manufacturers—Specialty & Generic,Healthcare,PAHC
2020Q3,2020,Q3,2020-05-07,2020-03-31,13501000.0,210739000.0,21319000.0,0.33,69551000.0,0.33003383331988856,776050000.0,195345000.0,438155000.0,161232000.0,580705000.0,177287000.0,182273000.0,977773180.0000001,1340841180.0,4.828817916646067,2.717543663788826,0.502307840989627,1.9955258644961478,0.025366979075292236,4.828817916646067,0.06911361949371625,4.6397353124006475,18.10556958743797,5.005365788732755,0.35952892378342344,0.7963810093238647,0.004964341525505946,0.27155337929257134,1.4470080381065793,0.017397074930738998,51.2030362379556,0.33003383331988856,0.13793103448275876,-0.3299830730730024,0.08351789656267196,7.159549422131088,0.0064685112294512615,0.13511013956616783,0.0872048549135601,-0.44226114846753695,0.08411834629296301,0.3685882284935867,Drug Manufacturers—Specialty & Generic,Healthcare,PAHC
2020Q2,2020,Q2,2020-02-03,2019-12-31,11894000.0,214012000.0,19609000.0,0.29,69104000.0,0.32289778143281683,788318000.0,217415000.0,445487000.0,147059000.0,570903000.0,193509000.0,173626000.0,1004472819.9999999,1375488820.0,5.374375834280912,3.0293079648304424,0.5038525062221083,1.8269024676310281,0.02161243948808367,5.374375834280912,0.05470643699836718,4.6935350354185745,21.11301538590886,4.62007138421912,0.40818900285858417,0.7488437230309701,0.0048333811560973845,0.2714792761296837,1.51382098341482,0.01508781988994289,42.470627880427884,0.32289778143281683,3.833333333333333,-0.25648408897218455,0.0922395031394101,7.039379463812981,0.19841145968818827,3.729224652087475,0.9324923622745639,-0.136368451215766,0.08818601138995802,0.8808621207573284,Drug Manufacturers—Specialty & Generic,Healthcare,PAHC
2020Q1,2020,Q1,2019-11-04,2019-09-30,2515000.0,189720000.0,10147000.0,0.06,57663000.0,0.3039373814041746,795239000.0,206694000.0,455512000.0,141973000.0,588545000.0,203873000.0,166587000.0,862883819.9999999,1224927820.0,5.109358777871162,3.208441041606503,0.5242914394289012,2.017170309733229,0.011068929760152673,5.109358777871162,0.012167745556232885,4.548196394686906,85.77373956262426,4.174692153618392,1.9300198807157058,0.6477414861212618,0.005625322769408286,0.2385697884535341,1.5801384770343656,0.0031625712521644437,-76.73488839484214,0.3039373814041746,-0.7272727272727273,-0.8819203756035083,-0.02681082848611371,8.197318670022593,-0.11699309373229408,-0.7142694842081345,-0.16133564757417967,-0.7988034137252702,-0.0168761699933878,0.9686887512060186,Drug Manufacturers—Specialty & Generic,Healthcare,PAHC
2019Q4,2019,Q4,2019-08-27,2019-06-30,8802000.0,203883000.0,12099000.0,0.22,65303000.0,0.32029644452946054,726671000.0,216015000.0,466162000.0,154227000.0,510656000.0,198322000.0,168926000.0,1280610000.0,1549212000.0,5.333703703703704,3.0225706264143115,0.44886200219906947,1.5099645857926534,0.021324190582995107,5.333703703703704,0.04074717033539337,6.2811023969629645,36.37269938650307,5.928338309839594,0.5514655760054533,0.6987626183681084,0.0037903811464848783,0.28057126264843374,1.5600057058751062,0.012112771804571808,268.92272154556906,0.32029644452946054,-0.4054054054054054,1.4607338548161584,0.02504472928423666,12.167900093637767,0.006643852509557282,-0.4072328102902552,-0.46388691953208083,-0.43738939991239606,0.0484925730924082,1.3225898090840622,Drug Manufacturers—Specialty & Generic,Healthcare,PAHC
2019Q3,2019,Q3,2019-05-06,2019-03-31,14849000.0,205736000.0,22568000.0,0.37,64872000.0,0.3153167165688066,706420000.0,213719000.0,451724000.0,132536000.0,492701000.0,189878000.0,164978000.0,1341461140.0,1634812140.0,5.28458038672667,3.408311703989859,0.4660499419608731,1.540466687566384,0.031627516199027685,5.28458038672667,0.06947908234644556,6.520303398530155,22.585041753653446,6.2767519031999965,0.32695804431274833,0.7418658296379781,0.0036191879550085213,0.2912375074318394,1.7945614776362648,0.021020073044364544,167.74554708015506,0.3153167165688066,0.027777777777777804,1.2359511794086644,0.13893510106981968,3.6039641810666003,-0.054950177728570596,0.006848386221860591,-0.12207266785964366,-0.22214266169453584,0.0913017772998861,1.6766701290847588,Drug Manufacturers—Specialty & Generic,Healthcare,PAHC
2019Q2,2019,Q2,2019-02-06,2018-12-31,14748000.0,218223000.0,25706000.0,0.36,68644000.0,0.31455896032957115,697292000.0,205224000.0,441090000.0,135829000.0,492068000.0,193099000.0,154984000.0,1298717279.9999998,1591657279.9999998,5.081940420473962,3.2473919413380057,0.46505050968604256,1.580107589755584,0.035667095768320105,5.081940420473962,0.07186294000701672,5.951330886295211,22.015142392188768,6.328291427903169,0.3285869270409547,0.7746233797171399,0.003731374083203082,0.3129578426254711,1.651974173409213,0.02115039323554551,139.8274418604651,0.31455896032957115,-0.10000000000000009,3.832041026459229,-0.04719202894881227,3.4364963689522092,0.04314261834207127,-0.09599117322545053,0.12484137749967182,-0.5260636184988409,0.10354598081403243,2.733474013037851,Drug Manufacturers—Specialty & Generic,Healthcare,PAHC
2019Q1,2019,Q1,2018-11-06,2018-09-30,16314000.0,200153000.0,22853000.0,0.4,65805000.0,0.3287734882814647,678475000.0,192057000.0,419793000.0,128731000.0,486418000.0,185794000.0,145082000.0,1749592460.0000002,2048062460.0000002,4.757536723723649,3.2610093916772183,0.4780279302848299,1.688717412018307,0.031798517356483647,4.757536723723649,0.08494353238882207,8.741275224453295,26.811212149074418,9.10975627027393,0.24745617261248007,0.7231019300946209,0.0023073944888857144,0.2950042374442684,1.6365521902261304,0.02404510114595232,-366.86778360243244,0.3287734882814647,-0.27272727272727276,1.106580028740262,-0.06912861401589165,3.30740531100597,-0.025241078967248812,-0.26244405262444054,-0.12470795511126431,-0.1575781881190966,0.03581404097436301,7.228547279170202,Drug Manufacturers—Specialty & Generic,Healthcare,PAHC
2018Q4,2018,Q4,2018-08-27,2018-06-30,22119000.0,211786000.0,26109000.0,0.55,67509000.0,0.3187604468661762,671679000.0,184954000.0,415461000.0,143221000.0,486725000.0,178170000.0,131560000.0,1855815000.0,2139028000.0,4.589429280397022,2.900838564177041,0.4650748348541491,1.6889659050358468,0.04935602216096062,4.589429280397022,0.11959189852612001,8.76268969620277,20.97534924725349,10.033927354909869,0.1824675618246756,0.8097715664814503,0.00217478574103561,0.3153083541394029,1.500548103979165,0.0329309089609769,405.19978165938863,0.3187604468661762,0.12244897959183684,1.7959749196629895,-0.025194914004431652,3.02768918480856,-0.02258610954263128,0.11486895161290323,-0.01445719462479239,3.3179671681547185,0.1107741294173129,5.05541951631161,Drug Manufacturers—Specialty & Generic,Healthcare,PAHC
2018Q3,2018,Q3,2018-05-07,2018-03-31,19840000.0,208908000.0,26492000.0,0.49,69069000.0,0.3306192199437073,670844000.0,185545000.0,407426000.0,128544000.0,485299000.0,184478000.0,113477000.0,1598083800.0,1876906800.0,4.609355591990858,3.1695450585013694,0.46117428194930565,1.6673906599477215,0.043545606734087264,4.609355591990858,0.10692823843272521,7.649701303923258,20.137144657258066,8.612917621062277,0.20307459677419354,0.7580253471958716,0.002521144385544738,0.31141070055035147,1.5760906771222305,0.02957468502364186,85.74330936795793,0.3306192199437073,1.8823529411764701,2.59134995172996,-0.0283722726791155,0.0,0.032128394028601744,1.8213879408418658,0.1066922884117303,-0.010504250390969755,0.07944041244388969,6.788710489035899,Drug Manufacturers—Specialty & Generic,Healthcare,PAHC
2018Q2,2018,Q2,2018-02-05,2017-12-31,7032000.0,205876000.0,23938000.0,0.17,66919000.0,0.3250451728224757,663130000.0,168325000.0,396447000.0,127236000.0,494805000.0,173613000.0,97666000.0,1346231000.0,1622414000.0,4.188647787786792,3.115839856644346,0.477082924916683,1.8795069062824892,0.01637339854491534,4.188647787786792,0.04177632556067132,6.539038061745905,47.86088594994312,7.997807812267934,0.5715301478953356,0.8003836118263034,0.0029853717526932603,0.31046099558156015,1.5673787292904524,0.010604255575829776,47.34082357492,0.3250451728224757,-0.5641025641025641,-0.5585411131537448,-0.04946606495004215,0.0,0.05580448707835032,-0.5575132141958218,0.06928127931388753,-0.5574851138893532,0.05772353048699197,5.265681828852669,Drug Manufacturers—Specialty & Generic,Healthcare,PAHC
2018Q1,2018,Q1,2017-11-06,2017-09-30,15892000.0,193412000.0,22387000.0,0.39,63382000.0,0.32770458916716644,671111000.0,169475000.0,394555000.0,121107000.0,501636000.0,170928000.0,94653000.0,1479925200.0,1749682200.0,4.242814940917285,3.257904167389168,0.49448451895439055,1.9581295176279687,0.03746104972914426,4.242814940917285,0.09377194276441952,7.651672078257812,23.28097785049081,8.732410089983771,0.2510067958721369,0.7607296639520734,0.002695406497571634,0.2881967364564133,1.6385014904175645,0.023680136370883505,-7589.36,0.32770458916716644,0.026315789473684233,4.717352441566341,0.15899236105130765,0.0,0.004055381300890283,0.03342437248016647,-0.04813129809940899,-0.24434171709344799,0.0047950453833096205,6.637459565094049,Drug Manufacturers—Specialty & Generic,Healthcare,PAHC
2017Q4,2017,Q4,2017-08-30,2017-06-30,15378000.0,194835000.0,23519000.0,0.38,63126000.0,0.3239972284240511,623397000.0,151157000.0,363665000.0,115796000.0,472240000.0,161233000.0,82750000.0,1474590000.0,1731648000.0,3.7979145728643218,3.1405661680887076,0.5023139347799236,2.0716275131155024,0.04523910139337185,3.7979145728643218,0.10173528185925891,7.56840403418277,23.97239563012095,9.755353705088085,0.2592014566263493,0.8168861213275198,0.0027031242582684,0.31253759642731677,1.5711250820408305,0.024668068662505593,182.67963330029733,0.3239972284240511,-0.35593220338983045,0.9682923901998706,-0.09195057356930386,2.6779843056123114,0.04133949191685912,-0.34957492703971577,-0.21535330619870555,1.819106870937843,-0.0032167567039179316,8.376328802239463,Drug Manufacturers—Specialty & Generic,Healthcare,PAHC
2017Q3,2017,Q3,2017-05-08,2017-03-31,23643000.0,189861000.0,29974000.0,0.59,60620000.0,0.31928621465177154,602278000.0,139411000.0,347544000.0,106297000.0,462867000.0,163831000.0,71358000.0,1110287200.0,1370442200.0,3.528320510224742,3.269556055203816,0.5138241808600015,2.2198033153768355,0.05969364016536307,3.528320510224742,0.1695920694923643,5.847895039002218,11.740126041534493,7.964129085940134,0.1674491392801252,0.7888677966929336,0.003565744070543189,0.3152381458396289,1.5281710678570422,0.03925595821198848,34.412571286883214,0.31928621465177154,0.7352941176470587,3.360122283727504,-0.10037685226151158,0.0,-0.04532426218148603,0.7621673995677126,0.324642036415061,2.6439407219371462,0.07579138370623753,2.738571382322897,Drug Manufacturers—Specialty & Generic,Healthcare,PAHC
2017Q2,2017,Q2,2017-02-06,2016-12-31,13417000.0,191598000.0,22628000.0,0.34,63498000.0,0.3314126452259418,592285000.0,112613000.0,339009000.0,103329000.0,479672000.0,158819000.0,51674000.0,1154742300.0,1444055300.0,2.857400218213189,3.280869842928897,0.5546873549051554,2.9173630042712655,0.03565101798146206,2.857400218213189,0.11914255014962749,6.026901637804152,21.516402698069616,10.254076349977357,0.2937318327494969,0.806578557981098,0.00341288268386808,0.3234895362874292,1.580882424101656,0.02265294579467655,53.400957269700335,0.3314126452259418,0.09677419354838718,-0.14113649926039754,-0.09799239077119166,0.0,0.04096788471942163,0.10183132134351647,0.037363040388759,3.504369697840669,-0.1428102770409515,2.369958063315976,Drug Manufacturers—Specialty & Generic,Healthcare,PAHC
2017Q1,2017,Q1,2016-11-09,2016-09-30,12177000.0,187987000.0,21813000.0,0.31,60999000.0,0.32448520376409007,598084000.0,102276000.0,339768000.0,101336000.0,495808000.0,162644000.0,42198000.0,1071109440.0,1376295440.0,2.5953105968331305,3.352885450382885,0.5728309066953806,3.349769251828386,0.033977745366583524,2.5953105968331305,0.11906019007391763,5.697784634043844,21.99042128603104,10.47273495248152,0.32364293339903094,0.7807727306263987,0.003679362586889347,0.3143153804482314,1.5495184337254282,0.020360016318777964,68.90379157285301,0.32448520376409007,-0.1842105263157895,3.4404181892001624,0.1418055074447912,0.0,0.0796092104564521,-0.19993429697766096,0.08554792475365781,0.6107250302943257,-0.10438988267075637,2.258725639464068,Drug Manufacturers—Specialty & Generic,Healthcare,PAHC
2016Q4,2016,Q4,2016-08-29,2016-06-30,15220000.0,189172000.0,20094000.0,0.38,56501000.0,0.298675279639693,610373000.0,90480000.0,342831000.0,108673000.0,519893000.0,167691000.0,33962000.0,735204000.0,1054309000.0,2.296446700507614,3.154702640030182,0.5778597677158066,3.898209549071618,0.03828811759325302,2.296446700507614,0.16821396993810786,3.8864313957668153,12.07628120893561,8.125596816976127,0.25893561103810775,0.7911635090732358,0.005360416972704175,0.3099285191186373,1.4483358331876364,0.024935572182911106,38.92439644218551,0.298675279639693,-0.1739130434782609,0.9678466850559023,-0.10939276633129812,2.0146098465876716,-0.05760987407222083,-0.18070732626365937,-0.050871475131075525,0.9678466850559023,-0.10939276633129812,2.0146098465876716,Drug Manufacturers—Specialty & Generic,Healthcare,PAHC
2016Q3,2016,Q3,2016-05-09,2016-03-31,18577000.0,183461000.0,21171000.0,0.46,59955000.0,0.32679970129891367,589881000.0,77701000.0,332598000.0,99780000.0,512180000.0,168293000.0,22683000.0,1064186240.0,1398376240.0,1.9743114137615612,3.3333132892363198,0.6211676592397449,4.7157050745807645,0.04624602764742534,1.9743114137615612,0.23908315208298478,5.8006128823019605,14.321287613715885,13.695914338296804,0.21209021908811973,0.7338748492212985,0.0037023594667038736,0.31101357731474655,1.4878532772098616,0.031492792614103524,-178.1661208772811,0.32679970129891367,-0.38666666666666666,2.4394557762755484,-0.12725639503758623,0.0,-0.039428992566008715,-0.38441911326131617,-0.06409973033906546,2.4394557762755484,-0.12725639503758623,0.0,Drug Manufacturers—Specialty & Generic,Healthcare,PAHC
2016Q2,2016,Q2,2016-02-09,2015-12-31,30178000.0,191773000.0,22621000.0,0.75,62416000.0,0.3254681315930814,521497000.0,53308000.0,310173000.0,114531000.0,468189000.0,154422000.0,8046000.0,1179981190.0,1459730190.0,1.3611827490233128,2.7082012730177856,0.5850867790226981,5.7237375253245295,0.11831891250419768,1.3611827490233128,0.5661064005402566,6.15301001705141,9.775177198621511,22.135161514219252,0.12979654052621115,0.8376850448770253,0.003319544441212661,0.3677355766188492,1.2218875239018256,0.05786802225132647,-755.9136386931455,0.3254681315930814,0.5957446808510639,0.9440197970580451,-0.09145133614796135,0.0,0.0375,0.6092358555964379,0.03490712782505261,0.9440197970580451,-0.09145133614796135,0.0,Drug Manufacturers—Specialty & Generic,Healthcare,PAHC
2016Q1,2016,Q1,2015-11-09,2015-09-30,18753000.0,187120000.0,21858000.0,0.47,60160000.0,0.3215049166310389,493478000.0,22602000.0,316991000.0,108327000.0,470876000.0,147294000.0,-18215000.0,1236479960.0,1510988960.0,0.5781745625703468,2.926241841830753,0.6207490506162382,13.553048402796213,0.05304694023339994,0.5781745625703468,0.8297053358109902,6.607951902522445,16.483762064736307,54.706661357402005,0.20849997333759931,0.8619495702472606,0.0031622024832493037,0.37918610353450405,1.3434046913511868,0.03800169409781186,-117.89473302822273,0.3215049166310389,2.697572952304286,5.893675318621598,0.14572668798253346,0.0,-0.011306863002892454,2.7739987925135843,0.042694270858178694,5.893675318621598,0.14572668798253346,0.0,Drug Manufacturers—Specialty & Generic,Healthcare,PAHC
2015Q4,2015,Q4,2015-09-10,2015-06-30,4969000.0,184950000.0,20963000.0,0.12711040622122174,60848000.0,0.32899702622330357,493318000.0,29628000.0,313728000.0,111333000.0,463690000.0,149786000.0,-36968000.0,1522242480.0,1782544480.0,0.7579044305740305,2.817924604564684,0.5868790516461998,9.771769947347105,0.020644347250364514,0.7579044305740305,0.16771297421358175,8.230562206001622,76.58696317166431,51.37850951802349,0.7854699134634735,0.828528700946684,0.002563980477013097,0.37491030126612046,1.2603181446651037,0.010072610364916747,102.11595089555243,0.32899702622330357,-0.7405910077117924,-0.3524788839795999,-0.12240926379251456,1.3348552778790193,0.029402808323464726,-0.7441956241956242,-0.03896758813551552,-0.3524788839795999,-0.12240926379251456,1.3348552778790193,Drug Manufacturers—Specialty & Generic,Healthcare,PAHC
2015Q3,2015,Q3,2015-05-11,2015-03-31,19425000.0,187495000.0,21813000.0,0.49,59110000.0,0.315261740313075,472338000.0,23079000.0,300052000.0,105484000.0,449259000.0,136368000.0,-41937000.0,1380919179.9999998,1647338179.9999998,0.5917995794656136,2.84452618406583,0.6080878523430255,12.4452099311062,0.059775015936965534,0.5917995794656136,0.8416742493175614,7.365098695965225,17.772447619047618,59.834446033190346,0.20082368082368082,0.9414598732840549,0.0028249299861270666,0.3969509122704504,1.2888779340942702,0.04112521118351689,87.93423204279163,0.315261740313075,0.25641025641025633,2.6294748644943393,-0.09987831091010722,0.0,0.05393599001515557,0.2609542356377799,0.1023904583817658,2.6294748644943393,-0.09987831091010722,0.0,Drug Manufacturers—Specialty & Generic,Healthcare,PAHC
2015Q2,2015,Q2,2015-02-10,2014-12-31,15405000.0,188688000.0,19787000.0,0.39,56085000.0,0.29723670821673875,467677000.0,26043000.0,306743000.0,101378000.0,441634000.0,144858000.0,-61362000.0,1229093350.0,1496345350.0,0.6685063018199553,3.0257353666475963,0.6156834738505421,11.056368313942325,0.056148627562843105,0.6685063018199553,0.5915217140882387,6.513892510387518,19.946338039597535,47.19476826786469,0.25283998701720223,0.9153999088762789,0.00316900258226928,0.4034579421267242,1.3311862534277654,0.03293940048366715,264.3211505376344,0.29723670821673875,-0.25,-0.5279102600302898,0.23799454166603687,0.0,-0.07034759402609027,-0.24783946096382012,-0.2118303126867158,-0.0023863587362518246,-0.1013398987046099,0.0,Drug Manufacturers—Specialty & Generic,Healthcare,PAHC
2015Q1,2015,Q1,2014-11-12,2014-09-30,20481000.0,187458000.0,25105000.0,0.52,60329000.0,0.3218267558599793,470820000.0,21610000.0,303854000.0,106787000.0,449210000.0,146382000.0,-76767000.0,871749000.0,1140663000.0,0.5555269922879177,2.8454212591420305,0.6131069198419778,13.357843590930125,0.0726224322459315,0.5555269922879177,0.9477556686719112,4.650369682808949,10.640947707631463,40.34007403979639,0.19022508666569016,0.868474265961662,0.004469176334013575,0.3981521600611699,1.2221056870218285,0.04350070090480438,65.12880089652596,0.3218267558599793,2.1063829787234045,1.2698166238217654,0.37179825992489723,0.0,0.11174790380539942,2.1609227978687224,0.9227234433637129,6.566055412739218,0.153461460997924,0.0,Drug Manufacturers—Specialty & Generic,Healthcare,PAHC
2014Q4,2014,Q4,2014-09-18,2014-06-30,-17642000.0,183677000.0,13057000.0,-0.47,54265000.0,0.2954370988202116,472323000.0,15149000.0,299289000.0,112438000.0,457174000.0,143184000.0,-97248000.0,820930000.0,1098500000.0,0.40505347593582886,2.6618136217293085,0.6126972432000982,19.102977094197637,0.046855721716911464,0.40505347593582886,-1.164565317842762,4.469421865557473,-11.633176510599704,54.19037560234999,0.0,0.9038160688345066,0.0,0.3888800672421203,1.1177626780981518,-0.03735155814982544,-35.78596338273758,0.2954370988202116,-3.862171230916321,-2.3262605595597923,0.36989654655405063,0.0,0.026929336512622536,-3.7695447409733123,-0.24621868144556056,-3.4029738487558503,-0.08902017310400216,1.1789596270569713,Drug Manufacturers—Specialty & Generic,Healthcare,PAHC
2014Q3,2014,Q3,2014-05-13,2014-03-31,6370000.0,173267000.0,17322000.0,0.164211,52842000.0,0.30497440366601836,473277000.0,-78725000.0,292647000.0,115337000.0,552002000.0,142804000.0,-79606000.0,659456401.0,1022943401.0,-2.0294366662762897,2.5373210678273233,0.7912195183793,-4.756633852016513,0.04493563587054988,-2.0294366662762897,-0.08091457605589075,3.806012691395361,25.881334419152275,-8.37670880914576,3.924646781789639,0.8432887033976639,0.0379100118856834,0.3661006133828604,1.0290193086346966,0.013459348330892903,-155.166212,0.30497440366601836,1.1868848965893806,2.4480425205409584,0.3434475155938193,0.0,0.03295801079052311,1.7671589921807125,0.01786343871195205,0.1965403985522658,-0.163756875762313,0.0,Drug Manufacturers—Specialty & Generic,Healthcare,PAHC
2014Q2,2014,Q2,2013-12-31,2013-12-31,2302000.0,172742000.0,17018000.0,0.075089,51156000.0,0.29614106586701555,480828000.0,-63528000.0,302531000.0,122630000.0,544356000.0,140445000.0,-85976000.0,517786000.0,851133000.0,-2.0857574364698928,2.4670227513658975,0.756655186470006,-5.726939302354867,0.01828670777947083,-2.0857574364698928,-0.03623599042941695,2.997452848757106,56.232189400521285,-8.150516307769804,0.0,0.8657196767417851,0.0,0.3592594441255501,1.0904917230693958,0.004787574766860499,46.7484651498736,0.29614106586701555,-0.6060243555639504,1.3294925928576542,0.7232067594730883,0.0,0.0332040717401842,-0.6060243025842889,0.03787278160639141,-0.8093265965377289,0.05228467522341141,0.0,Drug Manufacturers—Specialty & Generic,Healthcare,PAHC
2014Q1,2014,Q1,2013-09-30,2013-09-30,5843000.0,162228000.0,16397000.0,0.190593,49512000.0,0.3052000887639618,483200000.0,-62800000.0,304000000.0,111700000.0,546100000.0,141400000.0,-88300000.0,517786000.0,860586000.0,-2.0618556701030926,2.7215756490599823,0.7651076158940397,-5.8869426751592355,0.044507954253946144,-2.0618556701030926,-0.09304140127388535,3.191717829228,22.15411603628273,-8.245000000000001,0.0,0.7971428571428572,0.0,0.33573675496688743,1.1754700089525514,0.012092301324503311,-116.51350135013502,0.3052000887639618,-0.02908820973406915,1.855553115162164,0.5173265243132522,0.0,0.02815848492399701,-0.022746278641913364,0.10010063737001007,1.7567822599669733,0.2748912560855332,0.0,Drug Manufacturers—Specialty & Generic,Healthcare,PAHC
2013Q4,2013,Q4,2013-06-30,2013-06-30,5979000.0,164201000.0,14905000.0,0.1963031059163438,48156000.0,0.2932747060005725,474142000.0,-68938000.0,296386000.0,115404000.0,543080000.0,140032000.0,-94121000.0,517786000.0,856021000.0,-2.2633790793880095,2.5682472011368755,0.7710854554120917,-5.303374046244452,0.06926332492819312,-2.2633790793880095,-0.0867301053120195,3.153366910067539,21.650192339856165,-7.510893846644812,0.0,0.828703439213894,0.0,0.34631186437818207,1.0962011715365152,0.012610146327471518,166.17008985879332,0.2932747060005725,0.43973175732758196,0.20897785865938723,0.45968770696192107,0.0,0.05245213742460005,0.4303827751196172,0.030703270866468433,0.0,0.0,0.0,Drug Manufacturers—Specialty & Generic,Healthcare,PAHC
2013Q3,2013,Q3,2013-03-31,2013-03-31,4180000.0,162685000.0,14461000.0,0.136347,45756000.0,0.28125518640317176,,,,,,,,517786000.0,,,0.0,0.0,0.0,0.0,,0.0,3.1827519439407443,30.96806220095694,0.0,0.0,0.0,0.0,0.0,0.0,0.0,-47.04579320370707,0.28125518640317176,-0.6537737837378018,1.43291388327896,0.5652721919679798,0.0,0.05951002639744361,-0.65377288163671,0.021545634359988696,0.0,0.0,0.0,Drug Manufacturers—Specialty & Generic,Healthcare,PAHC
2013Q2,2013,Q2,2012-12-31,2012-12-31,12073000.0,164159000.0,14156000.0,0.393809,43186000.0,0.2630742146333737,,,,,,,,517786000.0,,,0.0,0.0,0.0,0.0,,0.0,3.154173697451861,10.721982937132445,0.0,0.0,0.0,0.0,0.0,0.0,0.0,-1294.4649999999983,0.2630742146333737,4.658988360396609,1.7463603275705188,0.697400529406899,0.0,0.030692124105011934,3.4714814814814816,0.07242424242424242,-0.526780989710926,0.37760042966357016,0.0,Drug Manufacturers—Specialty & Generic,Healthcare,PAHC
2013Q1,2013,Q1,2012-09-30,2012-09-30,2700000.0,162100000.0,13200000.0,0.06959,41900000.0,0.25848241826033314,,,,,,,,659600000.0,,,0.0,0.0,0.0,0.0,,0.0,4.0690931523750775,61.07407407407407,0.0,1.1111111111111112,0.0,0.004548211036992117,0.0,0.0,0.0,-58.68327402135231,0.25848241826033314,0.0,0.08000000000000015,0.4396092362344584,0.0,0.0,0.0,0.0,-0.7,0.1892883345561263,0.0,Drug Manufacturers—Specialty & Generic,Healthcare,PAHC
2010Q2,2010,Q2,2009-12-31,2009-12-31,32500000.0,151800000.0,14800000.0,0.8376288659793815,40500000.0,0.26679841897233203,,,,,,,,659600000.0,,,0.0,0.0,0.0,0.0,,0.0,4.345191040843215,5.073846153846154,0.0,,0.0,,0.0,0.0,0.0,0.0,0.26679841897233203,2.611111111111111,7.612859468258274,1.551546391752577,0.0,0.12188365650969529,2.611111111111111,0.23333333333333334,21.844423617619494,1.0063441712926249,0.0,Drug Manufacturers—Specialty & Generic,Healthcare,PAHC
2010Q1,2010,Q1,2009-09-30,2009-09-30,9000000.0,136300000.0,12000000.0,0.23195876288659795,36100000.0,0.2648569332355099,,,,,,,,659600000.0,,,0.0,0.0,0.0,0.0,,0.0,4.839325018341893,18.322222222222223,0.0,,0.0,,0.0,0.0,0.0,0.0,0.2648569332355099,-0.3478258979205501,140.17525773195877,1.4254683069768546,0.0,-0.07197943444730077,-0.34782608695652173,1.4819277108433735,1.8538359370058821,1.0111946171401591,0.0,Drug Manufacturers—Specialty & Generic,Healthcare,PAHC
2009Q4,2009,Q4,2009-06-30,2009-06-30,13800000.0,139100000.0,-24900000.0,0.35567,38900000.0,0.2796549245147376,,,,,,,,659600000.0,,,0.0,0.0,0.0,0.0,,0.0,4.741912293314162,11.94927536231884,0.0,,0.0,,0.0,0.0,0.0,0.0,0.2796549245147376,4.1363627272727275,3.2946458264050547,1.3179212584429438,0.0,0.33676975945017185,4.136363636363637,-4.661764705882353,4.04860088365243,1.044706205166399,0.0,Drug Manufacturers—Specialty & Generic,Healthcare,PAHC
2009Q3,2009,Q3,2009-03-31,2009-03-31,-4400000.0,129000000.0,6800000.0,-0.1134020618556701,29100000.0,0.2255813953488372,,,,,,,,659600000.0,,,0.0,0.0,0.0,0.0,,0.0,5.113178294573643,-37.47727272727273,0.0,,0.0,,0.0,0.0,0.0,0.0,0.2255813953488372,0.5056179775280899,-16.010309278350515,1.3195876288659796,0.0,-0.039603960396039604,0.5056179775280899,-0.30612244897959184,-3.8600883652430045,0.977051893780716,0.0,Drug Manufacturers—Specialty & Generic,Healthcare,PAHC
2009Q2,2009,Q2,2008-12-31,2008-12-31,-8900000.0,127700000.0,9800000.0,-0.22938144329896906,30300000.0,0.23727486296006264,,,,,,,,659600000.0,,,0.0,0.0,0.0,0.0,,0.0,5.1652310101801095,-18.52808988764045,0.0,,0.0,,0.0,0.0,0.0,0.0,0.23727486296006264,-0.022988505747126353,-1.6461449107013213,1.1772241102990484,0.0,-0.00980392156862745,-0.022988505747126436,-0.0392156862745098,-5.881443298969073,0.9806843210042498,0.0,Drug Manufacturers—Specialty & Generic,Healthcare,PAHC
2009Q1,2009,Q1,2008-09-30,2008-09-30,-8700000.0,136200000.0,10200000.0,-0.22422680412371135,30600000.0,0.22466960352422907,,,,,,,,659600000.0,,,0.0,0.0,0.0,0.0,,0.0,4.84287812041116,-18.954022988505745,0.0,,0.0,,0.0,0.0,0.0,0.0,0.22466960352422907,-2.380952380952381,-11.34892942109437,1.4778653729533047,0.0,-0.10787172011661808,-2.380952380952381,-0.23880597014925373,-3.8048600883652433,1.2744984524949345,0.0,Drug Manufacturers—Specialty & Generic,Healthcare,PAHC
2008Q4,2008,Q4,2008-06-30,2008-06-30,6300000.0,143300000.0,13400000.0,0.16237113402061856,34300000.0,0.23935799023028612,,,,,,,,659600000.0,,,0.0,0.0,0.0,0.0,,0.0,4.602930914166085,26.174603174603174,0.0,,0.0,,0.0,0.0,0.0,0.0,0.23935799023028612,1.5121951219512195,2.3345572659228924,2.1123305919147457,0.0,0.12828947368421054,1.5121951219512195,7.7,2.522229381443299,1.3277094342891795,0.0,Drug Manufacturers—Specialty & Generic,Healthcare,PAHC
2008Q3,2008,Q3,2008-03-31,2008-03-31,-12300000.0,132400000.0,-2000000.0,-0.3170103092783505,30400000.0,0.229607250755287,,,,,,,,659600000.0,,,0.0,0.0,0.0,0.0,,0.0,4.981873111782478,-13.406504065040652,0.0,,0.0,,0.0,0.0,0.0,0.0,0.229607250755287,-3.1964285714285716,-7.269834155087405,1.269869933938327,0.0,0.044673539518900345,-3.1964285714285716,-1.2083333333333333,-2.396539027982327,1.267356235229647,0.0,Drug Manufacturers—Specialty & Generic,Healthcare,PAHC
2008Q2,2008,Q2,2007-12-31,2007-12-31,5600000.0,123200000.0,9600000.0,0.14432989690721648,29100000.0,0.2362012987012987,,,,,,,,659600000.0,,,0.0,0.0,0.0,0.0,,0.0,5.353896103896104,29.446428571428573,0.0,,0.0,,0.0,0.0,0.0,0.0,0.2362012987012987,1.24,2.1102299762093577,1.1144890556884102,0.0,0.039285714285714285,1.24,0.1566265060240964,2.139446554530656,1.070820259973106,0.0,Drug Manufacturers—Specialty & Generic,Healthcare,PAHC
2008Q1,2008,Q1,2007-09-30,2007-09-30,2500000.0,112600000.0,8300000.0,0.06443298969072164,28000000.0,0.24866785079928952,,,,,,,,659600000.0,,,0.0,0.0,0.0,0.0,,0.0,5.857904085257549,65.96000000000001,0.0,,0.0,,0.0,0.0,0.0,0.0,0.24866785079928952,-0.6376811594202899,20.32989690721649,1.0176559830846603,0.0,-0.06040268456375839,-0.6376811594202898,-0.22429906542056074,39.65979381443298,1.0037251017284947,0.0,Drug Manufacturers—Specialty & Generic,Healthcare,PAHC
2007Q4,2007,Q4,2007-06-30,2007-06-30,6900000.0,122800000.0,10700000.0,0.17783505154639176,29800000.0,0.24267100977198697,,,,,,,,659600000.0,,,0.0,0.0,0.0,0.0,,0.0,5.371335504885994,23.89855072463768,0.0,0.0,0.0,0.0,0.0,0.0,0.0,-42.97068403908795,0.24267100977198697,20.340206185567013,2.4616579579155484,1.6670913934900957,0.0,0.13307984790874525,12.8,0.5285714285714286,2.1473229132025273,1.0463028794880909,0.0,Drug Manufacturers—Specialty & Generic,Healthcare,PAHC
2007Q3,2007,Q3,2007-03-31,2007-03-31,500000.0,108400000.0,7000000.0,0.008333333333333333,26300000.0,0.24261992619926198,,,,,,,,1020000000.0,,,0.0,0.0,0.0,0.0,,0.0,9.409594095940959,510.0,0.0,,0.0,,0.0,0.0,0.0,0.0,0.24261992619926198,-0.7727272727272728,1.2173913043478262,0.2017738359201773,0.0,-0.14332247557003258,-0.7727272727272727,-0.3577981651376147,2.2499999999999996,0.26046511627906976,0.0,Drug Manufacturers—Specialty & Generic,Healthcare,PAHC
2007Q2,2007,Q2,2006-12-31,2006-12-31,2200000.0,117000000.0,10900000.0,0.03666666666666667,30700000.0,0.2623931623931624,,,,,,,,,,,,,,,,,,,,,,,,,,,,,,,,,,,,,,Drug Manufacturers—Specialty & Generic,Healthcare,PAHC
2007Q1,2007,Q1,2006-09-30,2006-09-30,-16300000.0,104800000.0,-7500000.0,-0.27166666666666667,24300000.0,0.2318702290076336,,,,,,,,,,,,,,,,,,,,,,,,,,,,,,,,,,,,,,Drug Manufacturers—Specialty & Generic,Healthcare,PAHC
