Quarters,Year,Quarter,FillingDate,Date,NetIncome,Revenue,OperatingIncome,EPSDiluted,GrossProfit,GrossProfitRatio,TotalAssets,CommonStockEquity,CurrentAssets,CurrentLiability,TotalLiability,Inventory,RetainedEarnings,MarketCap,EnterpriseValue,bookValuePerShare,currentRatio,debtToAssets,debtToEquity,roic,shareholdersEquityPerShare,roe,priceToSalesRatio,peRatio,pbRatio,payoutRatio,inventoryTurnover,dividendYield,assetTurnover,quickRatio,returnOnAssets,priceToFreeCashFlowsRatio,grossProfitMargin,epsdilutedGrowth,fiveYNetIncomeGrowthPerShare,fiveYRevenueGrowthPerShare,fiveYShareholdersEquityGrowthPerShare,grossProfitGrowth,netIncomeGrowth,operatingIncomeGrowth,threeYNetIncomeGrowthPerShare,threeYRevenueGrowthPerShare,threeYShareholdersEquityGrowthPerShare,Industry,Sector,Symbol
2023Q1,2023,Q1,2023-05-12,2023-03-31,7040000.0,21514000.0,12377000.0,1.24,21514000.0,1.0,2443021000.0,175887000.0,63038000.0,88989000.0,2267134000.0,0.0,123416000.0,257157119.99999997,290668120.0,31.229936079545453,0.7083796873770916,0.039520331589454206,0.5489262992716915,0.03734446285936416,31.229936079545453,0.04002569831766987,11.953012921818349,9.132,1.4620587081478449,0.23707386363636362,0.0,0.006490195566041493,0.008806309892546974,5.204216251446808,0.0028816780535247137,40.59948215977265,1.0,-0.015873015873015886,0.8656714794303798,0.5403666872971864,0.3466518895517777,-0.03294826268710388,-0.014833473271760425,0.2062177175713868,0.811594058466211,0.38181284441277996,0.06310751668122079,Banks—Regional,Financial Services,FDBC
2022Q4,2022,Q4,2023-03-20,2022-12-31,7146000.0,22247000.0,10261000.0,1.26,22247000.0,1.0,2378372000.0,162950000.0,491663000.0,30423000.0,2215422000.0,0.0,119754000.0,265246032.08,256714032.08,28.959765919074027,16.160898004799,0.00864414818203376,0.1261675360540043,0.042679375431091626,28.959765919074027,0.04385394292727831,11.922777546635501,9.279528130422614,1.6277755880945075,0.2868737755387629,0.0,0.00772867357873126,0.009353877358125642,16.160898004799,0.0030045762395453698,32.162729729598645,1.0,-0.07352941176470594,1.0158730043684572,0.6403314885051758,0.22411988998722515,126.12571428571428,-0.07062036675770582,-0.02210997808062518,0.788732185367348,0.4558761003450064,0.03617465079297643,Banks—Regional,Financial Services,FDBC
2022Q3,2022,Q3,2022-11-10,2022-09-30,7689000.0,175000.0,10493000.0,1.36,175000.0,1.0,2435768000.0,146487000.0,587761000.0,17685000.0,2289281000.0,0.0,114658000.0,227339243.70000002,100995243.70000002,25.999692590690184,33.235001413627366,0.003160399512597259,0.05255073829076983,0.0551859538999507,25.999692590690184,0.0524892993917549,1299.0813925714288,7.39170385290675,1.5519414262016424,0.2442450253609052,0.0,0.008260782298010258,7.184592292862046e-05,33.235001413627366,0.0031567045794180727,19.364501166950596,1.0,0.007407407407407414,1.2745094141438813,-0.9872838094054723,0.11792290009110133,-0.9475576865448008,0.0032620041753653444,-0.4875714215949602,0.6642750504641314,-0.9888740187169865,-0.07471374296636091,Banks—Regional,Financial Services,FDBC
2022Q2,2022,Q2,2022-08-15,2022-06-30,7664000.0,3337000.0,20477000.0,1.35,3337000.0,1.0,2414940000.0,162619000.0,500562000.0,10713000.0,2252321000.0,0.0,108848000.0,230315357.8,128936357.80000001,28.737090584065253,46.724726967236066,0.0032075331064125817,0.04763281043420511,0.09549803807022039,28.737090584065253,0.047128564312903166,69.01868678453701,7.512896587943633,1.416288120084369,0.24673799582463465,0.0,0.00821048156780798,0.001381814869106479,56.203677774666296,0.0031735778114570135,25.811426403675895,1.0,0.022727272727272745,1.282591534676803,-0.7597325726252089,0.25665443162344853,5.012612612612613,0.018877957989896305,1.1435151261383858,0.7143516731099282,-0.778638505998223,0.0766563230280989,Banks—Regional,Financial Services,FDBC
2022Q1,2022,Q1,2022-05-12,2022-03-31,7522000.0,555000.0,9553000.0,1.32,555000.0,1.0,2420774000.0,175243000.0,843548000.0,14090000.0,2245531000.0,0.0,103074000.0,262570564.56,175739564.56,30.987984139176884,59.86855926188787,0.004367198259730152,0.06032765930736178,0.042159595039864974,30.987984139176884,0.04292325513715241,473.10011632432435,8.72675367455464,1.4983226979679645,0.2512629619781973,0.0,0.007198065035077899,0.00022926551590524353,59.86855926188787,0.0031072706498004358,17.501204063187362,1.0,-0.036496350364963535,1.493947155109853,-0.957130910270373,0.399667746848201,-0.9745143959223034,-0.03390701258669407,-0.03582963262010497,0.7974391601357672,-0.9633886332463365,0.20046211568430486,Banks—Regional,Financial Services,FDBC
2021Q4,2021,Q4,2022-03-23,2021-12-31,7786000.0,21777000.0,9908000.0,1.37,21777000.0,1.0,2419104000.0,211729000.0,843383000.0,10947000.0,2207375000.0,0.0,97442000.0,332879711.0,268516711.0,37.527102395255326,77.04238604183794,0.01344051351244097,0.15356422596810074,0.03359251297437897,37.527102395255326,0.036773422629871204,15.285838774854204,10.688405824556897,1.572197058504031,0.2410737220652453,0.0,0.005638673484669061,0.009002093337037184,79.4386589933315,0.003218547032289641,-44.89274592043156,1.0,0.6117647058823531,1.4939755776252348,0.7155522372923255,0.7066251612752257,0.038929440389294405,0.6023873224943403,0.0,0.8157896476012999,0.4281851666689974,0.502597502154338,Banks—Regional,Financial Services,FDBC
2021Q3,2021,Q3,2021-11-12,2021-09-30,4859000.0,20961000.0,0.0,0.85,20961000.0,1.0,2411799000.0,205569000.0,0.0,0.0,2206230000.0,0.0,91533000.0,284929500.0,144368500.0,36.38389380530973,0.0,0.011122402820467212,0.13049146515281973,0.0,36.38389380530973,0.02363683240177264,13.59331615858022,14.659883720930234,1.386052858164412,0.3513068532619881,0.0,0.005990955657452107,0.008691022759359299,0.0,0.002014678669325263,-10.134069568928723,1.0,-0.24778761061946897,0.5542169336609335,0.6743137009264397,0.6406459921114711,0.24968699695939903,-0.14694522471910113,0.0,0.13197417394341604,0.42309735560015566,0.5225628467740762,Banks—Regional,Financial Services,FDBC
2021Q2,2021,Q2,2021-08-10,2021-06-30,5696000.0,16773000.0,0.0,1.13,16773000.0,1.0,1949233000.0,172185000.0,0.0,0.0,1777048000.0,0.0,88381000.0,270310163.1,107986163.10000002,34.46118485953442,0.0,0.003970792614325738,0.04495165084066556,0.0,34.46118485953442,0.0330806980863606,16.115791039170094,11.864034546172753,1.5698821796323723,0.2654494382022472,0.0,0.0055935743690134305,0.008604923064610541,0.0,0.0029221750298707235,18.259265272899217,1.0,0.0,1.1645567689279857,0.5321040476509371,0.5691588216478974,0.009266502196281366,0.005117346038468326,0.0,0.5405408000884152,0.29105811461568265,0.4507661603077898,Banks—Regional,Financial Services,FDBC
2021Q1,2021,Q1,2021-05-14,2021-03-31,5667000.0,16619000.0,0.0,1.13,16619000.0,1.0,1913092000.0,163582000.0,0.0,0.0,1749510000.0,0.0,84197000.0,305719759.5,90600759.5,32.906911272118805,0.0,0.004094941591935987,0.04789035468450074,0.0,32.906911272118805,0.03464317589954885,18.395797550995848,13.486843104817362,1.8689083120392218,0.2668078348332451,0.0,0.004945705840122512,0.008686984211945897,0.0,0.002962220321866382,12.033368475950564,1.0,0.09708737864077657,1.4782606276154358,0.601762757982742,0.5538958750812037,0.02999690114657577,0.09549584380436883,0.0,0.7014922631373214,0.34809995429776913,0.41896397517559275,Banks—Regional,Financial Services,FDBC
2020Q4,2020,Q4,2021-03-19,2020-12-31,5173000.0,16135000.0,0.0,1.03,16135000.0,1.0,1699510000.0,166670000.0,0.0,0.0,1532840000.0,0.0,80042000.0,320067235.71999997,263656235.71999997,33.514461971934075,0.0,0.007611017293219811,0.07760844783104338,0.0,33.514461971934075,0.03103737925241495,19.83682898791447,15.468163334622076,1.9203650070198597,0.2905470713319157,0.0,0.004695888339270217,0.009493912951380103,0.0,0.0030438185123947492,-41.24046330627496,1.0,0.04040404040404044,1.1085155521612227,0.5644729220324882,0.6202684740500402,0.03715369287137623,0.03938115330520394,0.0,0.6511128964688063,0.34605644198951246,0.4166454113168038,Banks—Regional,Financial Services,FDBC
2020Q3,2020,Q3,2020-11-06,2020-09-30,4977000.0,15557000.0,0.0,0.99,15557000.0,1.0,1711043000.0,161611000.0,0.0,0.0,1549432000.0,0.0,76372000.0,242429670.0,123683670.0,32.47156921840466,0.0,0.00761640706867098,0.0806380753785324,0.0,32.47156921840466,0.030796171052712994,15.583317477662789,12.1775,1.5000814919776502,0.2814948764315853,0.0,0.005778995615511913,0.009092115160168389,0.0,0.002908752147082218,23.887049955660657,1.0,18.799999999999997,0.8987340590979781,0.4895469591032097,0.5724915416596403,0.18331178215562485,18.75,0.0,0.6666666666666667,0.2796996840952822,0.3961976936660481,Banks—Regional,Financial Services,FDBC
2020Q2,2020,Q2,2020-08-10,2020-06-30,252000.0,13147000.0,0.0,0.05,13147000.0,1.0,1801530000.0,157160000.0,0.0,197625000.0,1644370000.0,0.0,72797000.0,242373600.00000003,143422600.00000003,31.182539682539684,0.0,0.09205897209594067,1.0552748791040978,0.0,31.182539682539684,0.0016034614405701197,18.43565832509318,240.45000000000002,1.5422092135403411,5.567460317460317,0.0,0.0057885842352467425,0.007297685855911364,2.937123339658444,0.00013988110106409553,-29.918972966300462,1.0,-0.9275362318840579,-0.8971950280898877,0.29256067836941607,0.5485099680446225,0.2458068795603146,-0.9043280182232346,0.0,-0.9157303481447548,0.06282878304681047,0.36359234302814336,Banks—Regional,Financial Services,FDBC
2020Q1,2020,Q1,2020-05-11,2020-03-31,2634000.0,10553000.0,0.0,0.69,10553000.0,1.0,1062495000.0,112140000.0,0.0,0.0,950355000.0,0.0,73948000.0,194763288.82000002,157587288.82000002,29.376084346612647,0.0,0.020502684718516323,0.19425717852684146,0.0,29.376084346612647,0.02348849652220439,18.455727169525257,18.485505772589217,1.736786952202604,0.40660592255125283,0.0,0.005498982926858547,0.009932282034268396,0.0,0.0024790704897434813,42.165682792812305,1.0,-0.028169014084507067,0.5923078192570629,0.40802108738651477,0.45038473080443814,0.016568731336094787,-0.029476787030213707,0.0,0.2937501031463637,0.2075577956796149,0.32686132805469387,Banks—Regional,Financial Services,FDBC
2019Q4,2019,Q4,2020-03-13,2019-12-31,2714000.0,10381000.0,0.0,0.71,10381000.0,1.0,1009927000.0,106835000.0,0.0,45513000.0,903092000.0,0.0,72385000.0,237799902.35,281817902.35,27.94873035825702,0.0,0.05909437018715214,0.5586277905180886,0.0,27.94873035825702,0.025403659849300323,22.907224963876313,21.90492836680177,2.225861397014087,0.39277818717759766,0.0,0.004482760461486792,0.010278960756569535,4.842923999736339,0.0026873229451237564,99.4978670920502,1.0,-0.1125000000000001,0.5895522490250856,0.33106832608025816,0.41919131828891637,-0.0028815675727595813,-0.11249182472204054,0.0,0.2831324366148032,0.2070601990088207,0.27102822788494313,Banks—Regional,Financial Services,FDBC
2019Q3,2019,Q3,2019-11-06,2019-09-30,3058000.0,10411000.0,0.0,0.8,10411000.0,1.0,1011424000.0,104789000.0,798012000.0,32959000.0,906635000.0,0.0,70721000.0,232146933.0,259168933.0,28.099080033936954,24.212263721593494,0.04519271838516784,0.4362003645420798,0.0,28.099080033936954,0.029182452356640486,22.298235808279703,18.978657047089598,2.215375020278846,0.3237410071942446,0.0,0.004264540509781364,0.010293408105799349,6.907157377347613,0.0030234599930395165,30.282668014609968,1.0,0.012658227848101276,0.8088236122249458,0.4136472829279646,0.4227068247293501,0.028450064210214364,0.018654230512991338,0.0,0.4819278902614292,0.25991757126030907,0.2670618292363849,Banks—Regional,Financial Services,FDBC
2019Q2,2019,Q2,2019-08-07,2019-06-30,3002000.0,10123000.0,0.0,0.79,10123000.0,1.0,997039000.0,101426000.0,784198000.0,36184000.0,895613000.0,0.0,68653000.0,250800000.0,280521000.0,26.69105263157895,21.67250718549635,0.049056255572750916,0.48223335239484943,0.0,26.69105263157895,0.029597933468735828,24.77526424972834,20.886075949367086,2.4727387454893224,0.33011325782811457,0.0,0.003951355661881977,0.010153063220194998,6.353996241432678,0.0030109153202632997,66.96929238985314,1.0,0.08219178082191789,0.7686565642286418,0.3501498338007953,0.39037191859213566,-0.0026600985221674877,0.07137758743754462,0.0,0.4999997977178425,0.21581714305868158,0.21535289243900593,Banks—Regional,Financial Services,FDBC
2019Q1,2019,Q1,2019-05-09,2019-03-31,2802000.0,10150000.0,0.0,0.73,10150000.0,1.0,964220000.0,97742000.0,758899000.0,14641000.0,866478000.0,0.0,66642000.0,224727944.1,241875944.1,25.813379476379946,51.83382282630968,0.03366244218124494,0.3320783286611692,0.0,25.813379476379946,0.02866730781035788,22.14068414778325,20.050673099571735,2.299195270201142,0.3533190578158458,0.0,0.004405326644911891,0.010526643297172844,14.897069872276484,0.0029059758146481093,28.602258381061475,1.0,-0.02666666666666669,0.8196724315930884,0.3901181670772789,0.36214778867645,0.002568154879494271,-0.015806111696522657,0.0,0.6086958210291912,0.28431449560803757,0.21893250808494744,Banks—Regional,Financial Services,FDBC
2018Q4,2018,Q4,2019-03-14,2018-12-31,2847000.0,10124000.0,0.0,0.75,10124000.0,1.0,981102000.0,93557000.0,779461000.0,85322000.0,887545000.0,0.0,64937000.0,240421681.54000002,331342681.54,24.97482016405,9.135521905253041,0.11049411783891991,1.1587160768301676,0.0,24.97482016405,0.030430646557713478,23.74769671473726,21.111844181594662,2.569788273886508,0.34597822269055145,0.0,0.0040969682671324345,0.010319008624995159,2.385855933991233,0.002901838952524814,143.27871367103697,1.0,0.0,-0.00869563992935504,-0.003335798655344809,0.33636950868817966,0.030537459283387622,-0.005588543485853999,0.0,0.5405402987912192,0.3031742307550687,0.20741648160029333,Banks—Regional,Financial Services,FDBC
2018Q3,2018,Q3,2018-11-08,2018-09-30,2863000.0,9824000.0,0.0,0.75,9824000.0,1.0,949854000.0,90052000.0,761990000.0,49037000.0,859802000.0,0.0,63075000.0,258890522.70000002,313919522.70000005,23.896480780677106,15.539082733446174,0.07577269769880424,0.799238217918536,0.0,23.896480780677106,0.031792741971305466,26.3528626526873,22.606577252881596,2.8749003098209926,0.20817324484806146,0.0,0.0023021313943216042,0.010342642132369817,3.9091910190264496,0.003014147437395642,154.56150608955224,1.0,0.02739726027397263,0.7954755919206997,0.3613573204539418,0.37539567926011363,0.010076084721365413,0.034320809248554913,0.0,0.44253405105149113,0.24229554205841067,0.15722814780840702,Banks—Regional,Financial Services,FDBC
2018Q2,2018,Q2,2018-08-08,2018-06-30,2768000.0,9726000.0,0.0,0.73,9726000.0,1.0,922601000.0,88852000.0,741800000.0,26887000.0,833749000.0,0.0,61119000.0,231876136.59,252261136.59,23.753783209434143,27.58954141406628,0.04157485196742687,0.43169540359249087,0.0,23.753783209434143,0.031152928465313104,23.840853032078964,20.942570139992775,2.6096895578039887,0.32803468208092484,0.0,0.003915883770331711,0.010541935246113975,6.899430951761074,0.003000213526757504,65.66868779099406,1.0,0.08955223880597006,0.7290677453144451,0.3438878116218829,0.4018562645388308,0.039435716575825584,0.0949367088607595,0.0,0.5215133973785665,0.2884116978442756,0.179601483812942,Banks—Regional,Financial Services,FDBC
2018Q1,2018,Q1,2018-05-08,2018-03-31,2528000.0,9357000.0,0.0,0.67,9357000.0,1.0,897417000.0,87502000.0,715090000.0,0.0,809915000.0,0.0,59259000.0,185751386.82,168150386.82,23.190801068819713,0.0,0.02084203887379,0.213755114168819,0.0,23.190801068819713,0.02889076821101232,19.85159632574543,18.36940138647152,2.1228244705263877,0.35917721518987344,0.0,0.004888254217342053,0.010426590982787266,0.0,0.0028169736031298715,58.15635154038823,1.0,0.09836065573770501,0.6889153837072335,0.2839626072191209,0.3632105220458885,0.05099404695046614,0.086377309840997,0.0,0.5461539807083855,0.2630899121615205,0.14499888305290326,Banks—Regional,Financial Services,FDBC
2017Q4,2017,Q4,2018-03-15,2017-12-31,2327000.0,8903000.0,0.0,0.61,8903000.0,1.0,863637000.0,87383000.0,689467000.0,13857000.0,776254000.0,0.0,57218000.0,152547786.29999998,165381786.29999998,23.65762222797985,49.75586346250992,0.03318408081172993,0.32796997127587746,0.0,23.65762222797985,0.02662989368641498,17.134425058968883,16.388889804469272,1.7457375725255484,0.41899441340782123,0.0,0.006391439847462408,0.010308729246199503,12.7008732048784,0.0026944190672701608,68.1016903125,1.0,0.016666666666666684,1.363260750643797,0.6085348654760865,0.3986323972596037,-0.01754579563010373,0.04537286612758311,0.0,0.4104476135117363,0.18138960170328217,0.20129578864353567,Banks—Regional,Financial Services,FDBC
2017Q3,2017,Q3,2017-11-08,2017-09-30,2226000.0,9062000.0,0.0,0.6,9062000.0,1.0,878266000.0,86284000.0,709163000.0,19701000.0,791982000.0,0.0,56163000.0,129961296.28999999,124704296.28999999,23.257142857142856,35.99629460433481,0.04170035046329927,0.4244587640814056,0.0,23.257142857142856,0.025798525798525797,14.341348078790553,14.595832916666666,1.5062038882063882,0.2376460017969452,0.0,0.004070442624853262,0.010318058538073887,9.981473021674027,0.002534539649718878,29.78714102452441,1.0,0.022726691632561448,0.48452137240886345,0.20130643729189798,0.3748652263761036,0.0035437430786267998,0.019697663765460376,0.0,0.32352936848559155,0.23686516757683662,0.17755086026304454,Banks—Regional,Financial Services,FDBC
2017Q2,2017,Q2,2017-08-08,2017-06-30,2183000.0,9030000.0,0.0,0.586667,9030000.0,1.0,855468000.0,84136000.0,685021000.0,35125000.0,771332000.0,0.0,54719000.0,108536783.5,146750783.5,22.86793398479512,19.50237722419929,0.06206076673820646,0.6310140724541219,0.0,22.86793398479512,0.025946087287249217,12.019577353266888,12.429773648648649,1.290015968194352,0.353183692166743,0.0,0.007103582537988147,0.010555625692603347,4.867985765124555,0.002551819588809868,62.52118865207373,1.0,0.10000131250082052,0.5478802741323026,0.2003580980120504,0.38905304320505435,0.06247793858100953,0.10252525252525252,0.0,0.3283582690897654,0.24391053586380768,0.19122065688261378,Banks—Regional,Financial Services,FDBC
2017Q1,2017,Q1,2017-05-09,2017-03-31,1980000.0,8499000.0,0.0,0.533333,8499000.0,1.0,852686000.0,82193000.0,681228000.0,19567000.0,770493000.0,0.0,53306000.0,101970001.2375,104553001.2375,22.13952861952862,34.81514795318649,0.037175466701693236,0.38566544596255153,0.0,22.13952861952862,0.02408964267030039,11.99788224938228,12.875000156250001,1.2406166125764968,0.3429292929292929,0.0,0.006658821141117081,0.009967326776797085,9.486533449174631,0.0023220740108316545,22.038037872811756,1.0,-0.03614460008710852,0.43922354813046943,0.09914251474404352,0.3660045263372764,0.03018181818181818,-0.024149827501232134,0.0,0.3114754578754579,0.18719866381076125,0.1682821297778841,Banks—Regional,Financial Services,FDBC
2016Q4,2016,Q4,2017-03-10,2016-12-31,2029000.0,8250000.0,0.0,0.553333,8250000.0,1.0,792944000.0,80631000.0,0.0,0.0,712313000.0,0.0,52095000.0,88249270.689156,62406270.689155996,21.98907132437582,0.0,0.0,0.0,0.0,21.98907132437582,0.02516401880170158,10.696881295655272,10.873493184962543,1.0944831477862857,0.47461803844258255,0.0,0.010912271483715872,0.010404265622793035,0.0,0.0025588187816541898,17.049704538090417,1.0,0.012193895003722467,0.561065581220976,0.1402979532284519,0.39095310247791093,0.012394158792489876,-0.0029484029484029483,0.0,-0.27826069718282087,-0.17028406505590277,0.17660604758085277,Banks—Regional,Financial Services,FDBC
2016Q3,2016,Q3,2016-11-08,2016-09-30,2035000.0,8149000.0,0.0,0.546667,8149000.0,1.0,770423000.0,81559000.0,0.0,0.0,688864000.0,0.0,51029000.0,88485722.982289,57045722.982289,22.17656580411022,0.0,0.0,0.0,0.0,22.17656580411022,0.024951262276388872,10.85847625258179,10.870481938856143,1.0849289837085914,0.35135135135135137,0.0,0.008080399593311928,0.010577306233069366,0.0,0.0026414060847093092,21.66643559801396,1.0,0.037974659509709206,0.38986011881863913,0.09821497940264294,0.41937467506381504,0.01595810996135145,0.05549792531120332,0.0,0.3076887505096463,0.15709738365811451,0.27640354526448063,Banks—Regional,Financial Services,FDBC
2016Q2,2016,Q2,2016-08-03,2016-06-30,1928000.0,8021000.0,0.0,0.526667,8021000.0,1.0,756476000.0,80396000.0,0.0,0.0,676080000.0,0.0,49709000.0,78096187.11898799,50243187.11898799,21.96156589384879,0.0,0.0,0.0,0.0,21.96156589384879,0.023981292601621972,9.736465168805385,10.126580279951764,0.9713939389893527,0.37136929460580914,0.0,0.009168181269965159,0.010603112326101555,0.0,0.0025486598385143747,19.216581476128937,1.0,0.14492826086956517,0.3508747408185506,0.10440899546853395,0.44181961579699824,0.039258875356309925,0.13345091122868902,0.0,0.2305980817925169,0.1324539393964459,0.2960865414965472,Banks—Regional,Financial Services,FDBC
2016Q1,2016,Q1,2016-05-06,2016-03-31,1701000.0,7718000.0,0.0,0.46,7718000.0,1.0,763382000.0,78309000.0,0.0,0.0,685073000.0,0.0,48497000.0,78147388.23405801,37056388.23405801,21.17703753502734,0.0,0.0,0.0,0.0,21.17703753502734,0.02172164119066774,10.125341828719618,11.485506795129043,0.9979362299870769,0.3921222810111699,0.0,0.008535154086049285,0.010110272445512207,0.0,0.002228242216871763,73.79356773754297,1.0,-0.06756693754522806,0.22911825921841236,0.029488215933682695,0.43725591495270194,0.008229915088177662,-0.06589785831960461,0.0,0.15955377188737752,0.0806281538796964,0.24483670520223466,Banks—Regional,Financial Services,FDBC
2015Q4,2015,Q4,2016-03-15,2015-12-31,1821000.0,7655000.0,0.0,0.493333,7655000.0,1.0,729358000.0,76351000.0,0.0,26417000.0,653007000.0,0.0,47463000.0,84897968.0,94909968.0,20.684511553916106,0.0,0.03055975254950244,0.2919280690495213,0.0,20.684511553916106,0.023850375240664825,11.090524885695624,11.655404722679846,1.1119431048709252,0.49807797913234486,0.0,0.010683412352107178,0.010495531686771106,5.288980580686679,0.0024967162902168757,48.81999309948246,1.0,-0.06329236500483222,1.3345465422912695,0.04452321508097894,0.4497072291189351,-0.004033307311995837,-0.05598755832037325,0.0,0.8505959318663667,0.3839668858096461,0.22286287700469468,Banks—Regional,Financial Services,FDBC
2015Q3,2015,Q3,2015-11-06,2015-09-30,1929000.0,7686000.0,0.0,0.526667,7686000.0,1.0,729208000.0,75633000.0,0.0,10572000.0,653575000.0,0.0,46549000.0,85462015.116456,66515015.116456,20.649757635028987,0.0,0.009247018683283781,0.08915420517498976,0.0,20.649757635028987,0.025504739994446867,11.11917969248712,11.075948045160185,1.1299567003352504,0.3431829963711768,0.0,0.007746131414031327,0.010540202521091375,14.625993189557322,0.0026453357615385457,16.17985897698902,1.0,0.08219172452621604,3.7894600140117225,0.003328064857165349,0.3693488030306201,0.04061738424045491,0.08370786516853933,0.0,0.3030799523991856,0.03206646753158957,0.22072749347954923,Banks—Regional,Financial Services,FDBC
2015Q2,2015,Q2,2015-08-06,2015-06-30,1780000.0,7386000.0,0.0,0.486667,7386000.0,1.0,718555000.0,73699000.0,0.0,30943000.0,644856000.0,0.0,45282000.0,81736801.453524,87235801.453524,20.13712557621787,0.0,0.03790384869634197,0.36955725315133175,0.0,20.13712557621787,0.02415229514647417,11.066450237411859,11.479887844596067,1.1090625578844218,0.37191011235955057,0.0,0.008099166938608638,0.010278962640298933,4.710176776653848,0.0024771938125821963,14.601072071011789,1.0,0.15873095238095247,1.144730666523839,-0.02067385982602416,0.3344633679228279,0.03634067630138908,0.13159567705022251,0.0,0.26880372992835616,-0.012986269905765437,0.22317720444907826,Banks—Regional,Financial Services,FDBC
2015Q1,2015,Q1,2015-05-14,2015-03-31,1573000.0,7127000.0,0.0,0.42,7127000.0,1.0,702507000.0,73522000.0,0.0,17243000.0,628985000.0,0.0,44164000.0,87120000.0,91910000.0,20.253994490358128,0.0,0.03384023219697455,0.32334539321563616,0.0,20.253994490358128,0.02139495661162645,12.223937140451802,13.846153846153845,1.1849514431054649,0.3897012078830261,0.0,0.007036271808999082,0.010145094639626366,8.557269616656034,0.002239123595921464,57.6953642384106,1.0,-0.05970219425209384,1.4886716557530406,-0.018111953567029687,0.3945656020688809,-0.04744720662924352,-0.03968253968253968,0.0,0.1693691328560065,-0.057345004181946796,0.24966744440237004,Banks—Regional,Financial Services,FDBC
2014Q4,2014,Q4,2015-03-17,2014-12-31,1638000.0,7482000.0,0.0,0.446667,7482000.0,1.0,676485000.0,72219000.0,0.0,0.0,604266000.0,0.0,43204000.0,80677608.0,64826608.0,19.693419765246386,0.0,0.014782293768524062,0.13846771625195586,0.0,19.693419765246386,0.02268101192207037,10.782893344025661,12.313432234432234,1.1171244132430524,0.37545787545787546,0.0,0.007622932995237044,0.011060112197609703,0.0,0.0024213397192842413,64.95781642512077,1.0,0.0,18.46343510652436,0.04521217337479931,0.3764912087933044,0.053061224489795916,0.004291845493562232,0.0,0.26013717647601753,0.034062825615079714,0.24573807218967833,Banks—Regional,Financial Services,FDBC
2014Q3,2014,Q3,2014-11-06,2014-09-30,1631000.0,7105000.0,0.0,0.446667,7105000.0,1.0,673885000.0,71058000.0,0.0,0.0,602827000.0,0.0,42417000.0,75553674.0,71868674.0,19.75043596159202,0.0,0.023742923495848698,0.22516817247882012,0.0,19.75043596159202,0.022953080582059728,10.633873891625615,11.580881974248927,1.0632676686650342,0.37339055793991416,0.0,0.008060494847676104,0.010543341964875313,0.0,0.002420294263858077,71.95588,1.0,0.0,1.4387097373119766,0.08176126764673748,0.27411209541826,-0.011409489355781273,0.002458512599877074,0.0,0.13868066500188067,-0.02121245781704968,0.26409421877925116,Banks—Regional,Financial Services,FDBC
2014Q2,2014,Q2,2014-08-06,2014-06-30,1627000.0,7187000.0,0.0,0.446667,7187000.0,1.0,650306000.0,69926000.0,0.0,17699000.0,580380000.0,0.0,41394000.0,67629775.156716,82884775.156716,19.197059631789603,0.0,0.04566158085578174,0.4246489145668278,0.0,19.197059631789603,0.023267454165832452,9.410014631517463,10.39179089685249,0.9671620735737207,0.288260602335587,0.0,0.00693481530750625,0.01105172026707427,6.7359737838295946,0.002501899105959348,45.664939336067526,1.0,0.09836057511428264,0.5205745081671621,-0.011617149073543971,0.2135163572555484,0.040990730011587484,0.11744505494505494,0.0,0.14567852173929383,-0.00547379555728947,0.26032439018801806,Banks—Regional,Financial Services,FDBC
2014Q1,2014,Q1,2014-05-07,2014-03-31,1456000.0,6904000.0,0.0,0.406667,6904000.0,1.0,654429000.0,67849000.0,0.0,15814000.0,586580000.0,0.0,40373000.0,65758692.126776,61986692.126776,18.950498390091635,0.0,0.043285062245102215,0.41750062639095636,0.0,18.950498390091635,0.021459417235331398,9.52472365683314,11.29098422506456,0.9691917659328213,0.27129120879120877,0.0,0.00600681046451594,0.010549654737183101,8.621601112937903,0.0022248402806110366,56.93393257729524,1.0,-0.46491184210526315,0.5272694774302823,-0.07560433910987893,0.2916239757781205,-0.2797078768909755,-0.46273062730627307,0.0,0.08661172902656195,-0.04886744875712162,0.28614381768038444,Banks—Regional,Financial Services,FDBC
2013Q4,2013,Q4,2014-03-19,2013-12-31,2710000.0,9585000.0,0.0,0.76,9585000.0,1.0,623825000.0,66060000.0,0.0,5925000.0,557765000.0,0.0,39519000.0,62447837.713044,67729837.713044,18.688558816764708,0.0,0.02965575281529275,0.2800484408113836,0.0,18.688558816764708,0.04102331214047835,6.5151630373546165,5.760870637734687,0.9453199774908265,0.18671586715867158,0.0,0.008102762537994291,0.015364885985653028,18.992742616033755,0.004344167034023965,17.75599593774353,1.0,0.7961043442092177,2.946525573459581,0.2893737313567961,0.18274254707071308,0.4072823373953898,0.8006644518272426,0.0,1.5199033223098433,0.3657516097021454,0.3098176743433336,Banks—Regional,Financial Services,FDBC
2013Q3,2013,Q3,2013-11-08,2013-09-30,1505000.0,6811000.0,0.0,0.423138,6811000.0,1.0,640294000.0,61796000.0,0.0,17668000.0,578498000.0,0.0,37644000.0,64021608.0,58333608.0,17.37425901579979,0.0,0.04716114784770746,0.4886562237037996,0.0,17.37425901579979,0.02435432714091527,9.399736896197329,10.634818604651162,1.0360154055278659,0.24119601328903653,0.0,0.005669960679525575,0.010637300989857785,7.968021281412724,0.0023504827469881025,9.6665571493281,1.0,-0.008271087288213066,0.813450152300741,0.06266674445913908,0.09021010506356547,-0.004239766081871345,-0.005287508261731659,0.0,2.8479827781844933,-0.08442114096941947,0.15214043706116387,Banks—Regional,Financial Services,FDBC
2013Q2,2013,Q2,2013-08-13,2013-06-30,1513000.0,6840000.0,0.0,0.426667,6840000.0,1.0,615175000.0,59903000.0,0.0,11136000.0,555272000.0,0.0,36732000.0,57742297.619675994,66062297.619675994,16.944521211130326,0.0,0.03834030966798065,0.3937365407408644,0.0,16.944521211130326,0.02525749962439277,8.441856377145614,9.54102736610641,0.963929980463015,0.23793787177792466,0.0,0.006234597770444938,0.011118787336936643,10.200969827586206,0.0024594627545007517,50.474036380835656,1.0,0.07552986609663633,0.08807530217634946,-0.04616521681094741,-0.022373050183070328,0.007809046706939738,0.08536585365853659,0.0,0.8872808493060159,-0.06110075253822815,0.12289327280898342,Banks—Regional,Financial Services,FDBC
2013Q1,2013,Q1,2013-05-13,2013-03-31,1394000.0,6787000.0,0.0,0.396704,6787000.0,1.0,608171000.0,59779000.0,0.0,17926000.0,548392000.0,0.0,35807000.0,53880596.162016,62743596.162016,17.0118999918041,0.0,0.04865901202129006,0.49504006423660485,0.0,17.0118999918041,0.023319225815085564,7.938794189187564,9.662947661767575,0.9013298342564445,0.2632711621233859,0.0,0.0068113574485414215,0.011159690284475911,6.8024099073970765,0.0022921184995667336,5.017749689142857,1.0,0.4881191193627556,0.1339043028113777,0.028983875432024138,-0.05770441775333859,0.2996936039831482,0.5005382131324004,0.0,1.2783080930747828,-0.034073983659391065,0.17133489720754766,Banks—Regional,Financial Services,FDBC
2012Q4,2012,Q4,2013-03-26,2012-12-31,929000.0,5222000.0,0.0,0.26658080985470917,5222000.0,1.0,601525000.0,58946000.0,0.0,11919000.0,542579000.0,0.0,34999000.0,47626585.161624,49836585.161624,16.914824992137444,0.0,0.03999168779352479,0.4081023309469684,0.0,16.914824992137444,0.01576018729006209,9.12037249360858,12.81662679268676,0.8079697547182846,0.39720129171151775,0.0,0.007747773617356227,0.008681268442708117,10.426378051849987,0.0015444079630938033,-10.921023884802569,1.0,-0.34042568651707034,-0.32572017012296367,-0.21266130862412552,-0.04607741912243607,-0.2580278488206877,-0.3359542530378842,0.0,10.616219492182294,-0.2323431591685114,0.1822785568732414,Banks—Regional,Financial Services,FDBC
2012Q3,2012,Q3,2012-11-09,2012-09-30,1399000.0,7038000.0,0.0,0.404171,7038000.0,1.0,615447000.0,58553000.0,0.0,14069000.0,556894000.0,0.0,34647000.0,48228964.246197,32675964.246197,16.915943767408013,0.0,0.04885717210417794,0.5135347462982255,0.0,16.915943767408013,0.02389288337062149,6.852651924722506,8.618471094745711,0.823680498799327,0.2687634024303074,0.0,0.007796145031865344,0.011435590716991064,3.3842490582130926,0.002273144559970233,145.2679645969789,1.0,0.0636078947368421,0.06690040332691218,0.10314540831328771,-0.02394140249277194,0.0018505338078291815,0.06226271829916477,0.0,1.3911329485481332,0.11378145496518521,0.09125735762910081,Banks—Regional,Financial Services,FDBC
2012Q2,2012,Q2,2012-08-10,2012-06-30,1317000.0,7025000.0,0.0,0.38,7025000.0,1.0,595736000.0,56563000.0,0.0,11103000.0,539173000.0,0.0,33821000.0,46405828.291924,47720828.291924,16.46296669278404,0.0,0.04046423247881612,0.42617965808037056,0.0,16.46296669278404,0.02328377207715291,6.605811856501637,8.80900309262035,0.8204272809420292,0.2847380410022779,0.0,0.008080881514300246,0.011792136113983375,2.245699360533189,0.002210710784642862,8.772368297150095,1.0,0.017858051658974635,0.023400421747562513,0.11921294662841433,-0.024306706323915704,-0.005661712668082095,0.0477326968973747,0.0,0.3049250355123448,0.024244218263426345,0.04068434196890074,Banks—Regional,Financial Services,FDBC
2012Q1,2012,Q1,2012-05-15,2012-03-31,1257000.0,7065000.0,0.0,0.373333,7065000.0,1.0,639280000.0,54977000.0,0.0,17238000.0,584303000.0,0.0,33072000.0,59361225.0,26918225.0,16.20750751016341,0.0,0.05199286697534727,0.6045800971315277,0.0,16.20750751016341,0.022864106808301653,8.40215498938429,11.806130668257758,1.0797465303672444,0.2967382657120127,0.0,0.006283563049785445,0.011051495432361407,3.9287040259890937,0.0019662745588787385,45.52241180981595,1.0,0.05324799148167474,0.0967089194826685,0.1666608508135457,-0.04825221424871525,0.05561830993491474,0.04545352472535013,0.0,0.39170627093610866,-0.0015477713581321956,0.10466779589693861,Banks—Regional,Financial Services,FDBC
2011Q4,2011,Q4,2012-03-20,2011-12-31,1202349.0,6692760.0,0.0,0.3544587818058,6692760.0,1.0,606742000.0,53624000.0,0.0,9507000.0,553118000.0,0.0,32380000.0,46923633.86931,25265633.86931,15.80863602461034,0.0,0.05028002017331914,0.5689057138594659,0.0,15.80863602461034,0.022421844696404594,7.011103620824592,9.756658397293547,0.8750491173599508,0.31097626396329187,0.0,0.00796830870007592,0.011030652237689165,5.706006100767855,0.001981647883284823,9.29955954761305,1.0,-0.09883284187749314,-0.02622416898730243,0.10227457297214121,-0.05330026530983724,-0.004886238791558789,-0.09401363558272223,0.0,0.8246271330324638,-0.06181193434911612,0.0004809156652944188,Banks—Regional,Financial Services,FDBC
2011Q3,2011,Q3,2011-11-10,2011-09-30,1327116.0,6725623.0,0.0,0.393333,6725623.0,1.0,621694132.0,52082330.0,0.0,18004896.0,569611802.0,0.0,31737258.0,37890147.911148,769070.9111479968,15.624180277214796,0.0,0.06273968820410226,0.7489084301719988,0.0,15.624180277214796,0.025481118068258465,5.633700835022718,7.137685762048683,0.7275048545475596,0.2788995084077051,0.0,0.009768555162887082,0.01081821856410895,4.3708917285609425,0.0021346767352148663,18.80521953787085,1.0,0.0,0.1862011318027429,0.136137096408635,-0.05916684671927715,0.0256304564967099,0.029849842858805726,0.0,0.7062352762444636,0.11964317804423205,-0.019604853014773604,Banks—Regional,Financial Services,FDBC
2011Q2,2011,Q2,2011-08-12,2011-06-30,1288650.0,6557550.0,0.0,0.393333,6557550.0,1.0,588683907.0,50346182.0,0.0,8006876.0,538337725.0,0.0,30964505.0,42969225.0,25299645.0,15.231840136749033,0.0,0.04927411069859601,0.5761484753699894,0.0,15.231840136749033,0.025595784006024528,6.5526339867785985,8.336093004306834,0.8534753439694792,0.28547860163737243,0.0,0.008561522810802382,0.01113933967282717,6.117703958447714,0.0021890355497691566,12.365063131447567,1.0,0.05357147640310383,0.2734280171134935,0.1370189745453387,-0.04766765640510064,-0.01334572327940166,0.050342941677500336,0.0,-0.008802711868989626,-0.02194389742583998,-0.1211874783922739,Banks—Regional,Financial Services,FDBC
2011Q1,2011,Q1,2011-05-11,2011-03-31,1226885.0,6646249.0,0.0,0.373333,6646249.0,1.0,596296512.0,48302631.0,0.0,11131104.0,547993881.0,0.0,30225700.0,40759350.107255995,25447187.107255995,14.734354066460213,0.0,0.0538844406321129,0.6652040134211322,0.0,14.734354066460213,0.025399962167692275,6.1326847831394815,8.305454485802663,0.8438329188995108,0.2983849342032872,0.0,0.008981595610250654,0.011145879384248353,4.466262016777491,0.0020575082619299304,9.868413432891296,1.0,1.2531701154539057,0.11117445070382534,0.15907410671682454,-0.07772239458625935,0.02112588200553532,1.2537933456883874,0.0,0.06972864606237872,0.08009876020932809,-0.18385854897027354,Banks—Regional,Financial Services,FDBC
2010Q4,2010,Q4,2011-03-29,2010-12-31,-4834189.0,6508746.0,0.0,-1.474632972895146,6508746.0,1.0,561673152.0,46774015.0,0.0,8548400.0,514899137.0,0.0,29544522.0,44256132.0,50837187.0,14.268061259849821,0.0,0.05260781985890613,0.6317268252468812,0.0,14.268061259849821,-0.10335202141616451,6.799486721405321,-2.288705096139187,0.9461691924458484,-0.07964438295647935,0.0,0.008699720978778715,0.011588138006639135,2.947423377474147,-0.00860676530965824,10.330254371484699,1.0,-14.824640918889123,-4.95458900737877,0.12491794111698801,-0.10529850725512026,-0.03588916366157189,-14.619620615141022,0.0,-4.729883147390561,0.043203885800119385,-0.19534338502220475,Banks—Regional,Financial Services,FDBC
2010Q3,2010,Q3,2010-11-09,2010-09-30,354943.0,6751035.0,0.0,0.106667,6751035.0,1.0,596598598.0,48675473.0,0.0,21804259.0,547923125.0,0.0,34919228.0,39271811.07594,45504895.07594,15.079983704171855,0.0,0.09018502420282255,1.1053669473330028,0.0,15.079983704171855,0.007292029807291241,5.817154121692451,27.660646269922214,0.8068090283568483,1.0289173191188445,0.0,0.009299469262922412,0.011315874731572868,2.2841637039809517,0.0005949444085016103,12.6229730329995,1.0,-0.5294109861603145,-0.7413729131562135,0.13891045172698613,-0.051265131894082265,0.03329342626140428,-0.5063187439844667,0.0,-0.7097258307377734,0.13474288680808355,-0.1298772361087612,Banks—Regional,Financial Services,FDBC
2010Q2,2010,Q2,2010-08-10,2010-06-30,718972.0,6533512.0,0.0,0.226667,6533512.0,1.0,579270283.0,47843140.0,0.0,15577694.0,531427143.0,0.0,35101386.0,29591406.943164,40440225.943164,15.090054969109051,0.0,0.08213384217398219,0.9944517437609656,0.0,15.090054969109051,0.015027692580378295,4.5291731220764575,10.289485175766233,0.6185088801270987,0.597241617197888,0.0,0.014510969377858427,0.011278866173081417,2.4957679230314835,0.0012411684512391946,8.195120145484575,1.0,0.3076967455706647,-0.39278524272634063,0.1510959108074192,-0.04564716711515135,0.023486172192244296,0.293394257753472,0.0,-0.394565344455046,0.12799863079854704,-0.10567361829040228,Banks—Regional,Financial Services,FDBC
2010Q1,2010,Q1,2010-05-11,2010-03-31,555880.0,6383586.0,0.0,0.173333,6383586.0,1.0,595288575.0,46365857.0,0.0,26370222.0,548922718.0,0.0,34914492.0,31924680.0,61012248.0,14.523515036016022,0.0,0.0980536574215287,1.2589052759231862,0.0,14.523515036016022,0.011988994401634806,5.001057399399021,14.357721090882924,0.6885385511153175,0.4914729797798086,0.0,0.00855764255115478,0.010723515061581687,1.193474328733372,0.0009337992082243473,12.754714297528817,1.0,6.552959923618693,-0.48100255727322594,0.20945466678783584,-0.045378311578518044,0.024366220552776416,6.587355317754969,0.0,-0.48468189638185094,0.1200448803098914,-0.1471407143766072,Banks—Regional,Financial Services,FDBC
2009Q4,2009,Q4,2010-03-08,2009-12-31,73264.0,6231742.0,0.0,0.022949016246991357,6231742.0,1.0,556017271.0,45674547.0,0.0,16533107.0,510342724.0,0.0,34886265.0,32988834.935844,73193987.935844,14.30697097042163,0.0,0.0872870493981472,1.0625854045142473,0.0,14.30697097042163,0.0016040443707082633,5.293677905125726,112.56836555417394,0.7222586123480107,4.317318191744922,0.0,0.009588213727921627,0.011207820916771487,0.6398560778684853,0.0001317656911416336,-23.11915294700348,1.0,1.0222087325644216,-0.9306288847713021,0.14750016130409618,-0.06245610270443956,0.09864270050221968,1.022818842114443,0.0,-0.9369540310075278,0.09051653680128242,-0.14322743588804537,Banks—Regional,Financial Services,FDBC
2009Q3,2009,Q3,2009-11-12,2009-09-30,-3210680.0,5672219.0,0.0,-1.033333,5672219.0,1.0,565999434.0,48164347.0,0.0,5238457.0,517835087.0,0.0,35336330.0,39356727.70237,64526003.70237,15.501333071568114,0.0,0.06579239264751632,0.7731539887792935,0.0,15.501333071568114,-0.06666092659784217,6.938506376846522,-3.0645165278360036,0.8171340452798,-0.09744726973725192,0.0,0.007949644654556973,0.010021598360820975,2.7894691127559126,-0.005672585177885531,45.44578061854587,1.0,-4.522730139466068,-4.833304867754161,0.06631147069732128,0.019640049242130114,-0.0849544704991484,-4.519891947951714,0.0,-4.078810837122163,0.02798729205363906,-0.0665642731320308,Banks—Regional,Financial Services,FDBC
2009Q2,2009,Q2,2009-08-12,2009-06-30,912153.0,6198838.0,0.0,0.293333,6198838.0,1.0,560454208.0,49122549.0,0.0,8880343.0,511331659.0,0.0,39067674.0,38504678.4,78353448.4,15.819366189018735,0.0,0.09078412165298615,1.0357838515261086,0.0,15.819366189018735,0.01856892646185767,6.211596173347327,10.553240081433707,0.7838493560258853,0.34213339209540505,0.0,0.008104937191216743,0.011060382653064138,1.4954162243507936,0.0016275245809199098,249.24541800174774,1.0,0.09999737500328133,-0.038375280866206084,0.16582987293940876,0.0978487114064297,-0.0409778784836627,0.10556227562183507,0.0,-0.040534271519169066,0.14408618489684746,-0.01093407351178095,Banks—Regional,Financial Services,FDBC
2009Q1,2009,Q1,2009-05-11,2009-03-31,825058.0,6463707.0,0.0,0.266667,6463707.0,1.0,566785573.0,45461748.0,0.0,10741814.0,521323825.0,0.0,38362084.0,47511436.300476,90720518.300476,14.671838511417517,0.0,0.09305426339777353,1.1601360774777072,0.0,14.671838511417517,0.018148400277085693,7.350493501712871,14.396392829496834,1.0450859984634995,0.38031508087916244,0.0,0.0066043467517073635,0.011404148778501107,1.1088798409654086,0.0014556792538542615,4.267733220435635,1.0,0.3727064151310761,0.28304505637215416,0.2873345923978457,-0.025745356888860142,-0.008096259536994438,0.3706648503173074,0.0,-0.2094288473826056,0.19259875272410554,-0.08163547392084193,Banks—Regional,Financial Services,FDBC
2008Q4,2008,Q4,2009-03-12,2008-12-31,601940.0,6516466.0,0.0,0.1942636801726731,6516466.0,1.0,575718997.0,48960651.0,0.0,41446414.0,526758346.0,0.0,38126250.0,54741442.798096,132099999.798096,15.801037058361077,0.0,0.15655155461198025,1.8408600000028594,0.0,15.801037058361077,0.012294362670953865,8.4004800758718,22.73542329721235,1.1180701579743293,0.7333787420673157,0.0,0.008064274111813406,0.011318830946966302,0.3670833380180973,0.001045544793791128,36.17632938102438,1.0,-0.1674401813173744,1.6868482421857918,0.38617442318567885,0.08302884773550927,0.13852774220375674,-0.1877913684111103,0.0,-0.4790344253353248,0.19155404790716002,-0.009170819667365188,Banks—Regional,Financial Services,FDBC
2008Q3,2008,Q3,2008-11-10,2008-09-30,741115.0,5723590.0,0.0,0.233333,5723590.0,1.0,569543412.0,50617989.0,0.0,21422225.0,518925423.0,0.0,38044530.0,61936036.5,127718712.5,15.936615277278843,0.0,0.13898497170220978,1.563830894190601,0.0,15.936615277278843,0.014641336304371949,10.821186790109005,20.892856203153357,1.2235973361170076,0.6963089399081114,0.0,0.008331902219800584,0.01004943588040309,0.7427440426939779,0.001301244091995572,-113.3713882751766,1.0,-0.40678000574576756,0.023818187588691808,0.2413114335167131,0.05738889086654588,-0.0781536562506996,-0.384428371372138,0.0,-0.45121591851625714,-0.018730625224442046,0.0026285763797659427,Banks—Regional,Financial Services,FDBC
2008Q2,2008,Q2,2008-08-07,2008-06-30,1203946.0,6208833.0,0.0,0.393333,6208833.0,1.0,598563896.0,53052083.0,0.0,34992366.0,545511813.0,0.0,37819460.0,59687160.0,135606612.0,17.332297574553724,0.0,0.15363425461264374,1.733389393965926,0.0,17.332297574553724,0.022693661246062667,9.613265488055484,12.39406916921523,1.125067228745759,0.4309121837690395,0.0,0.008691902915132835,0.010372882563568452,0.534841885227195,0.0020113909443011243,29.055719634257297,1.0,0.13461333210256524,0.28160066675944756,0.3007539997874514,0.14195851565027234,0.06272360329988919,0.10560569063508142,0.0,0.053221942016696035,0.13307157954544693,0.09616083735546269,Banks—Regional,Financial Services,FDBC
2008Q1,2008,Q1,2008-05-09,2008-03-31,1088947.0,5842378.0,0.0,0.346667,5842378.0,1.0,593876533.0,56192954.0,0.0,19345197.0,537683579.0,0.0,37134309.0,62250980.0,121146469.0,18.053676905969994,0.0,0.12186782770215977,1.2879629535048114,0.0,18.053676905969994,0.019378710718785136,10.655075724302673,14.291554134406908,1.1078075731701167,0.47641896253904,0.0,0.008333925024152231,0.009837698032092472,0.8410177471958543,0.0018336252394064543,2.1601669336845437,1.0,-0.12315306600133602,0.18501248015920907,0.17797409637588593,0.18770237761614245,-0.013754549822092291,-0.11508444081829013,0.0,0.04280058830169272,0.13533725467217816,0.1866570515095227,Banks—Regional,Financial Services,FDBC
2007Q4,2007,Q4,2008-03-13,2007-12-31,1230566.0,5923858.0,0.0,0.3953563461972808,5923858.0,1.0,587412555.0,55191294.0,0.0,43804223.0,532221261.0,0.0,36564157.0,59138431.0,151094646.0,17.73186349837384,0.0,0.1742642885799402,1.8547314908036039,0.0,17.73186349837384,0.022296378845547634,9.983093956674857,12.014477687503149,1.071517384607797,0.42113303959316284,0.0,0.008763032620868822,0.010084663580266854,0.29470930234283577,0.00209489223464078,76.29239442434094,1.0,0.04041143736126518,0.27884985769917453,0.1522482941346239,0.1744599162902606,0.03363079721296865,0.04469226315494575,0.0,0.19509744353613231,0.11881501357564055,0.16197904119241915,Banks—Regional,Financial Services,FDBC
2007Q3,2007,Q3,2007-11-13,2007-09-30,1177922.0,5731116.0,0.0,0.38,5731116.0,1.0,589101139.0,53888483.0,0.0,33238224.0,535212656.0,0.0,35851823.0,60114927.187475994,138241188.18747598,17.330869079592063,0.0,0.15531691749114068,1.697902184405525,0.0,17.330869079592063,0.02185851102915627,10.489218362963861,12.758681641797164,1.1155431335388675,0.28716587346191,0.0,0.0056268719904641416,0.009728577353845518,0.48893572051262424,0.0019995242277065094,66.14685928574289,1.0,0.017858051658974635,0.2164299606133725,0.1476506505513971,0.18376575558498626,0.014057084012336176,0.016560329256178948,0.0,0.4053156517077274,0.07659238059580065,0.13998248538611258,Banks—Regional,Financial Services,FDBC
2007Q2,2007,Q2,2007-08-10,2007-06-30,1158733.0,5651670.0,0.0,0.373333,5651670.0,1.0,573492468.0,52199015.0,0.0,33836574.0,521293453.0,0.0,35170129.0,66203553.599999994,149709625.6,16.87309608407486,0.0,0.1669186786948351,1.8338776124415375,0.0,16.87309608407486,0.022198369068841626,11.713980752591711,14.283608389508196,1.2682912426604216,0.26920610701516223,0.0,0.004711801452301497,0.009854828642666673,0.43642766551956474,0.002020485123441935,124.74219809580515,1.0,0.09803823529411765,0.014604242596782066,0.0607910823395214,0.18579604944047223,0.02425164280382243,0.1095244797965435,0.0,0.22615561230904227,0.06690555218659493,0.170976546847829,Banks—Regional,Financial Services,FDBC
2007Q1,2007,Q1,2007-05-03,2007-03-31,1044351.0,5517853.0,0.0,0.34,5517853.0,1.0,564625942.0,52633439.0,0.0,35593877.0,511992503.0,0.0,34465335.0,74178600.0,153682458.0,17.029204325775897,0.0,0.1663749201236666,1.7847892477631948,0.0,17.029204325775897,0.019841967765017215,13.443380967198655,17.757104651597018,1.4093435923881015,0.30254100393450095,0.0,0.004259436009846506,0.009772581437641419,0.4790191863617442,0.0018496333985305975,-536.4997396285368,1.0,-0.06594560626315481,-0.05763756654487625,0.061976028063635676,0.26895587030646356,-0.002639695166180234,-0.07173420700836225,0.0,0.6281638811590959,0.10172728594697769,0.13079089372232736,Banks—Regional,Financial Services,FDBC
