Quarters,Year,Quarter,FillingDate,Date,NetIncome,Revenue,OperatingIncome,EPSDiluted,GrossProfit,GrossProfitRatio,TotalAssets,CommonStockEquity,CurrentAssets,CurrentLiability,TotalLiability,Inventory,RetainedEarnings,MarketCap,EnterpriseValue,bookValuePerShare,currentRatio,debtToAssets,debtToEquity,roic,shareholdersEquityPerShare,roe,priceToSalesRatio,peRatio,pbRatio,payoutRatio,inventoryTurnover,dividendYield,assetTurnover,quickRatio,returnOnAssets,priceToFreeCashFlowsRatio,grossProfitMargin,epsdilutedGrowth,fiveYNetIncomeGrowthPerShare,fiveYRevenueGrowthPerShare,fiveYShareholdersEquityGrowthPerShare,grossProfitGrowth,netIncomeGrowth,operatingIncomeGrowth,threeYNetIncomeGrowthPerShare,threeYRevenueGrowthPerShare,threeYShareholdersEquityGrowthPerShare,Industry,Sector,Symbol
2023Q4,2023,Q4,2023-06-26,2023-03-31,-323000.0,1871000.0,545000.0,0.0,344000.0,0.183858899,31371000.0,25459000.0,31095000.0,4648000.0,5912000.0,3813000.0,-24971000.0,0.0,-25066000.0,0.0,6.689974182444062,0.006439067928978993,0.007934325778703013,-0.06131929400691725,0.0,-0.012687065477827095,0.0,0.0,0.0,0.0,0.4004720692368214,,0.05964106977782028,5.739672977624785,-0.010296133371585222,0.0,0.18385889898450028,1.0,1.0,-1.0,-1.0,-0.3975481611208406,-52.833333333333336,2.1449579831932772,1.0,-1.0,-1.0,Consumer Electronics,Technology,MSN
2023Q3,2023,Q3,2023-02-14,2022-12-31,-6000.0,1932000.0,-476000.0,-0.0003,571000.0,0.2955486542,31993000.0,25348000.0,31655000.0,5344000.0,6645000.0,2345000.0,-25082000.0,11156998.6,-15892001.4,1.204581095851352,5.923465568862276,0.007657925171131185,0.009665456840776392,-0.0004586509175106051,1.204581095851352,-0.00023670506548840146,5.7748439958592135,-464.87494166666664,0.4401530140445005,0.0,0.5803837953091684,0.0,0.0603882099209202,5.316616766467066,-0.00018754102459913105,-23.292272651356992,0.29554865424430643,0.9784172661870504,0.9940833606011812,-0.4733380819175198,-0.4048370059355021,-0.4238143289606458,0.9794520547945206,-0.6301369863013698,0.9939271255060729,-0.07736389684813755,-0.2934749282269977,Consumer Electronics,Technology,MSN
2023Q2,2023,Q2,2022-11-14,2022-09-30,-292000.0,2300000.0,-292000.0,-0.0139,991000.0,0.4308695652,32348000.0,25589000.0,31957000.0,5424000.0,6759000.0,2559000.0,-24841000.0,12099724.999999998,-15372275.000000002,1.216033835479732,5.891777286135693,0.009305057499690862,0.011762866856852554,-0.021277578013502118,1.216033835479732,-0.011411153229903475,5.260749999999999,-10.35935359589041,0.4728486849818281,0.0,0.5115279406017976,0.0,0.07110176827006306,5.326880530973451,-0.009026833189068877,4.2232897033158805,0.4308695652173913,0.7406716417910447,0.6507874425486321,-0.22993712396124075,-0.3789210745810527,4.082051282051282,0.7409050576752441,0.7409050576752441,0.6666666666666667,0.6027874564459932,-0.30587277905872773,Consumer Electronics,Technology,MSN
2023Q1,2023,Q1,2022-08-15,2022-06-30,-1127000.0,1074000.0,-1127000.0,-0.0536,195000.0,0.1815642458,28895000.0,25742000.0,28451000.0,1382000.0,3153000.0,2433000.0,-24688000.0,13972552.0,-10577448.0,1.2233046618828114,20.586830680173662,0.012389686797023706,0.013907233315204723,-0.04457333368988378,1.2233046618828114,-0.04378059202859141,13.009824953445065,-3.0995013309671697,0.5427920130525989,0.0,0.36128236744759556,0.0,0.03716906039107112,18.429088277858177,-0.03900328776604949,-20.916994011976048,0.18156424581005587,-0.23218390804597713,-0.6284337528239395,-0.5397704796495546,-0.408975960878921,-0.2777777777777778,-0.23169398907103825,-0.1951219512195122,-0.14184397163120577,-0.33415995040297586,-0.3179301025410032,Consumer Electronics,Technology,MSN
2022Q4,2022,Q4,2022-06-23,2022-03-31,-915000.0,1721000.0,-943000.0,-0.0435,270000.0,0.1568855317,30010000.0,26819000.0,29513000.0,1375000.0,3191000.0,2112000.0,-23611000.0,16152606.799999999,-9008393.200000001,1.2744855771515469,21.464,0.013828723758747084,0.015474104179872479,-0.03370096770789206,1.2744855771515469,-0.03411760319176703,9.385593724578733,-4.413280546448087,0.6022822178306424,0.0,0.6870265151515151,0.0,0.05734755081639453,19.541818181818183,-0.03048983672109297,19.414190865384615,0.1568855316676351,0.21762589928057555,-0.4782374902598341,-0.39431263598936694,-0.3941564775361777,-0.6390374331550802,0.21861656703672075,0.18496110630942092,-0.9762419006479484,0.08103015075376878,-0.30750361495558765,Consumer Electronics,Technology,MSN
2022Q3,2022,Q3,2022-02-14,2021-12-31,-1171000.0,2574000.0,-1157000.0,-0.0556,748000.0,0.2905982906,31157000.0,27734000.0,30607000.0,1564000.0,3423000.0,2574000.0,-22696000.0,17046934.3,-7225065.699999999,1.3179679703464335,19.569693094629155,0.01514908367301088,0.017018821662940796,-0.0405871366127369,1.3179679703464335,-0.04222254272733828,6.622740598290599,-3.6393967335610595,0.6146583363380688,0.0,0.7094017094017094,0.0,0.0826138588439195,17.495524296675192,-0.03758384953621979,-13.328330179827992,0.2905982905982906,-0.8533333333333333,-4.369806870795175,-0.32743304139471124,-0.3810882091788545,0.47244094488188976,-0.8528481012658228,-0.3532163742690059,-1.2760961958621588,0.0415815235470228,-0.2724916328795912,Consumer Electronics,Technology,MSN
2022Q2,2022,Q2,2021-11-15,2021-09-30,-632000.0,1859000.0,-855000.0,-0.03,508000.0,0.27326519634211943,32031000.0,28898000.0,31428000.0,1216000.0,3133000.0,2899000.0,-21532000.0,23728086.799999997,-1771913.200000003,1.373283277099273,25.845394736842106,0.016390371827292312,0.018167347221260986,-0.02854948577534393,1.373283277099273,-0.021870025607308465,12.763898224852069,-9.386110284810126,0.8210978891272752,0.0,0.46602276647119695,0.0,0.05803752614654553,22.623355263157894,-0.019730885704473792,-9.669147025264872,0.27326519634211943,0.25000000000000006,-5.9382750183966735,-0.6024642005181958,-0.3502524318078988,0.14672686230248308,0.3092896174863388,0.07166123778501629,-0.13093437726751583,-0.23460052096030368,-0.26057023807624885,Consumer Electronics,Technology,MSN
2022Q1,2022,Q1,2021-08-16,2021-06-30,-915000.0,2052000.0,-921000.0,-0.04,443000.0,0.2158869395711501,32817000.0,29530000.0,32567000.0,1392000.0,3287000.0,1977000.0,-20900000.0,24830740.0,20789740.0,1.4033170175355225,23.395833333333332,0.011487948319468567,0.012766677954622418,-0.030990919494916214,1.4033170175355225,-0.030985438537080936,12.100750487329435,-6.78435519125683,0.8408648831696579,0.0,0.813859382903389,0.0,0.06252856751074139,21.24137931034483,-0.027881890483590823,-13.711065709552733,0.2158869395711501,0.11397894736842101,-20.845876432912505,-0.6012102127015542,-0.33412636970514326,0.39747634069400634,0.03684210526315789,0.05344295991778006,-0.15739899533448326,-0.025069324938651667,-0.2538705256564473,Consumer Electronics,Technology,MSN
2021Q4,2021,Q4,2021-07-29,2021-03-31,-950000.0,1547000.0,-973000.0,-0.04514565413676757,317000.0,0.20491273432449902,33902000.0,30445000.0,33592000.0,1536000.0,3457000.0,1961000.0,-19985000.0,26935040.0,22132040.0,1.4467994107304092,21.869791666666668,0.013037578903899475,0.014517983248480868,-0.031261044176706825,1.4467994107304092,-0.031203810149449826,17.41114414996768,-7.088168421052632,0.8847114468714075,0.0,0.6272310045894951,0.0,0.04563152616364816,20.169921875,-0.028021945607928735,-119.71128888888889,0.20491273432449902,-0.12864135341918922,-2.9131041429089586,-0.7550665964125352,-0.3141417436114624,-0.4525043177892919,-0.005291005291005291,0.00815494393476045,0.7274758738408841,-0.5906220715224076,-0.252361951721547,Consumer Electronics,Technology,MSN
2021Q3,2021,Q3,2021-02-16,2020-12-31,-945000.0,2333000.0,-981000.0,-0.04,579000.0,0.24817831118731248,35119000.0,31395000.0,34747000.0,1780000.0,3724000.0,1876000.0,-19035000.0,21148214.999999996,-8860785.000000004,1.4919450648671768,19.52078651685393,0.014351205899940203,0.016053511705685617,-0.03079263264727556,1.4919450648671768,-0.030100334448160536,9.06481568795542,-5.594765873015873,0.6736172957477304,0.0,0.9349680170575693,0.0,0.0664312765169851,17.96516853932584,-0.026908511062387883,-21.190596192384767,0.24817831118731248,0.20000000000000004,-17.459928371775543,-0.671380436075343,-0.29658742836059115,0.1049618320610687,0.011506276150627616,0.05673076923076923,0.06812929468605078,-0.3640257479883922,-0.2628553653678826,Consumer Electronics,Technology,MSN
2021Q2,2021,Q2,2020-11-16,2020-09-30,-956000.0,2271000.0,-1040000.0,-0.05,524000.0,0.2307353588727433,35901000.0,32340000.0,35470000.0,1593000.0,3561000.0,2077000.0,-18090000.0,14307135.7,8361135.699999999,1.5368531102979612,22.2661644695543,0.01573772318319824,0.017470624613481756,-0.031230483696188558,1.5368531102979612,-0.02956091527520099,6.299927653016292,-3.7414057792887028,0.4423975170068027,0.0,0.8411169956668272,0.0,0.0632572908832623,20.32015065913371,-0.02662878471351773,-8.037716685393258,0.2307353588727433,0.0,-0.7359678672711075,-0.6726019849485366,-0.2762445992399853,0.8985507246376812,0.15022222222222223,0.1340549542048293,-0.1433123456284513,-0.2396466123982512,-0.21506536214589253,Consumer Electronics,Technology,MSN
2021Q1,2021,Q1,2020-08-14,2020-06-30,-1125000.0,1294000.0,-1201000.0,-0.05,276000.0,0.2132921174652241,37045000.0,33296000.0,36557000.0,1542000.0,3749000.0,2127000.0,-17134000.0,14098810.0,8630810.0,1.5822838948819085,23.70752269779507,0.016871372654879202,0.018771023546371935,-0.03515927081370282,1.5822838948819085,-0.033787842383469484,10.895525502318392,-3.1330688888888893,0.4234385511773186,0.0,0.4786083685942642,0.0,0.0349304899446619,21.9189364461738,-0.03036847077878256,-10.92931007751938,0.2132921174652241,0.27736950549450545,-12.986966475178924,-0.9144983240451613,-0.26392149954309607,2.38,0.22733516483516483,-0.03892733564013841,-0.625543897007038,-0.4454962762258135,-0.23553972470765883,Consumer Electronics,Technology,MSN
2020Q4,2020,Q4,2020-06-26,2020-03-31,-1456000.0,1151000.0,-1156000.0,-0.06919165518224588,-200000.0,-0.1737619461337967,37901000.0,34421000.0,37356000.0,1209000.0,3480000.0,1918000.0,-16009000.0,14730099.999999998,8934099.999999998,1.6357458537280807,30.898263027295286,0.012664573494103057,0.0139449754510328,-0.04673059680561793,1.6357458537280807,-0.04229975886813283,12.797654213727192,-2.5292067307692307,0.42793933935678796,0.0,0.7043795620437956,0.0,0.030368591857734623,28.834574028122415,-0.038415872932112606,-173.29529411764705,-0.1737619461337967,-0.38383310364491746,-0.13150669384830052,-0.8878773079484771,-0.2374688990748337,-17.181818181818183,-0.47368421052631576,0.0060189165950128975,-1.3522555036265773,-0.5949179802578509,-0.22242664205498985,Consumer Electronics,Technology,MSN
2020Q3,2020,Q3,2020-02-14,2019-12-31,-988000.0,2094000.0,-1163000.0,-0.05,-11000.0,-0.0052531041069723014,39453000.0,35877000.0,38416000.0,1243000.0,3576000.0,2587000.0,-14553000.0,17255260.0,11294260.0,1.7049375089103265,30.90587288817377,0.013611132233290245,0.014967806672798728,-0.03160205792201626,1.7049375089103265,-0.02753853443710455,8.24033428844317,-4.36620951417004,0.48095604426234073,0.0,0.8136838036335524,0.0,0.05307581172534408,28.418342719227674,-0.02504245558005728,-39.576284403669725,-0.0052531041069723014,-0.25000000000000006,-1.4463187318149,-0.8820979748379001,-0.22726816992036022,0.9043478260869565,-0.1278538812785388,-0.06893382352941177,-3.8431846185701386,-0.45285345325583737,-0.19936906615380987,Consumer Electronics,Technology,MSN
2020Q2,2020,Q2,2019-11-14,2019-09-30,-876000.0,1435000.0,-1088000.0,-0.04,-115000.0,-0.08013937282229965,40330000.0,36865000.0,39196000.0,1073000.0,3465000.0,2621000.0,-13565000.0,20790484.0,16298484.0,1.7518889892125646,36.52935694315005,0.014678899082568808,0.016058592160585923,-0.028924899744871342,1.7518889892125646,-0.023762376237623763,14.488142160278745,-5.933357305936073,0.5639626746236268,0.0,0.5913773368943152,0.0,0.035581453012645675,33.15097856477167,-0.02172080337217952,-21.977255813953487,-0.08013937282229965,0.20000000000000004,-25.02970209934875,-0.8701414302321616,-0.16623544816530336,0.14814814814814814,0.11246200607902736,0.10746513535684987,-7.8448242343599475,-0.6931340116964019,-0.17112104293024394,Consumer Electronics,Technology,MSN
2020Q1,2020,Q1,2019-08-14,2019-06-30,-987000.0,1613000.0,-1219000.0,-0.05,-135000.0,-0.08369497830130192,41642000.0,37741000.0,40430000.0,1254000.0,3901000.0,3355000.0,-12689000.0,22029916.7,15417916.7,1.7935180345007842,32.240829346092504,0.015561212237644685,0.01716965634190933,-0.03138578069466395,1.7935180345007842,-0.026151930261519303,13.657728890266583,-5.580019427558257,0.5837131157097055,0.0,0.5210134128166916,0.0,0.038734931079198884,29.271929824561404,-0.023702031602708805,-49.616929504504505,-0.08369497830130192,-1.2724622030237582,-2.954691852167528,-0.9198402580748359,-0.35933133713404686,0.18181818181818182,-1.1317494600431965,-0.07876106194690266,-22.56489621779742,-0.6865263514072159,-0.14897606904984123,Consumer Electronics,Technology,MSN
2019Q4,2019,Q4,2019-06-26,2019-03-31,-463000.0,1592000.0,-1130000.0,-0.022002566174024615,-165000.0,-0.10364321608040201,41861000.0,38728000.0,41253000.0,960000.0,3133000.0,3520000.0,-11702000.0,27987190.0,20070190.0,1.8404219930618257,42.971875,0.0,0.0,-0.015213228876469939,1.8404219930618257,-0.011955174550712662,17.579893216080404,-15.111873650107993,0.7226603491014254,0.0,0.49914772727272727,0.0,0.038030625164234014,38.432291666666664,-0.01106041422804042,83.04804154302671,-0.10364321608040201,-0.10012830870123074,-1.6343566634445141,-0.8532034313293811,-0.3368927637949569,-1.901639344262295,0.12476370510396975,-0.47327249022164275,-0.9071233875440504,-0.7479418367735979,-0.12754414342534795,Consumer Electronics,Technology,MSN
2019Q3,2019,Q3,2019-02-14,2018-12-31,-529000.0,2541000.0,-767000.0,-0.02,183000.0,0.07201889020070838,42710000.0,39198000.0,42097000.0,891000.0,3512000.0,4618000.0,-11239000.0,31157280.0,9229280.0,1.8116189859962102,47.24691358024691,0.0,0.0,-0.019641584160908186,1.8116189859962102,-0.013495586509515791,12.261818181818182,-14.72461247637051,0.794869125975815,0.0,0.5106106539627544,0.0,0.059494263638492154,41.38159371492705,-0.012385858112854132,-59.68827586206896,0.07201889020070838,0.3333333333333333,0.519697616156678,-0.8472414340867493,-0.3390101390578266,0.20394736842105263,0.11092436974789915,0.00904392764857881,-9.049963516479208,-0.6519080728446772,-0.14586964374333666,Consumer Electronics,Technology,MSN
2019Q2,2019,Q2,2018-11-14,2018-09-30,-595000.0,2586000.0,-774000.0,-0.03,152000.0,0.05877803557617943,45199000.0,41611000.0,44582000.0,967000.0,3588000.0,3190000.0,-10710000.0,33383450.0,10024450.0,1.8572193706761884,46.10341261633919,0.0,0.0,-0.019348787042425743,1.8572193706761884,-0.014299103602412823,12.90930007733952,-14.026659663865546,0.8022746389175939,0.0,0.7630094043887148,0.0,0.05721365516936215,40.92450879007239,-0.013164008053275516,-20.48064417177914,0.05877803557617943,0.25000000000000006,-2.8569067103486194,-0.8292418670374442,-0.33472812159754695,1.9230769230769231,0.3,0.20777891504605936,-0.014760286782062627,-0.6498532212604997,-0.12537343945485968,Consumer Electronics,Technology,MSN
2019Q1,2019,Q1,2018-08-14,2018-06-30,-850000.0,2263000.0,-977000.0,-0.04,52000.0,0.022978347326557666,46547000.0,42553000.0,45893000.0,1123000.0,3994000.0,3843000.0,-10115000.0,33032500.0,9775500.0,1.8807955801104972,40.86642920747997,0.0,0.0,-0.02433374416519039,1.8807955801104972,-0.019975089887904494,14.596774193548388,-9.715441176470588,0.7762672432025944,0.0,0.5753317720530835,0.0,0.04861752637119471,36.83081032947462,-0.018261112424001545,-88.08666666666667,0.022978347326557666,0.758537886872999,-1.7445205396526884,-0.8899237563682034,-0.32281374799737506,-0.880184331797235,0.7732123799359658,-0.343878954607978,-9.423542304004384,-0.8609266319182528,-0.12505385743243552,Consumer Electronics,Technology,MSN
2018Q4,2018,Q4,2018-06-28,2018-03-31,-3748000.0,4063000.0,-727000.0,-0.16565745856353592,434000.0,0.10681762244646813,47757000.0,43783000.0,47064000.0,1103000.0,3974000.0,3164000.0,-9265000.0,33032500.0,7936500.0,1.9351602209944752,42.66908431550317,0.0,0.0,-0.10372351521519008,1.9351602209944752,-0.08560400155311422,8.130076298301747,-2.2033417822838848,0.7544594934106845,0.0,1.1469658659924147,0.0,0.08507653328307892,39.023572076155936,-0.07848064158133886,-107.59771986970684,0.10681762244646813,-2.313149171270718,-2.034629879020074,-0.7883208030157258,-0.29034621327665067,1.2842105263157895,-2.2006831767719897,0.2132034632034632,-1.709033665357884,-0.6318845184896068,-0.09789173518711795,Consumer Electronics,Technology,MSN
2018Q3,2018,Q3,2018-02-14,2017-12-31,-1171000.0,4236000.0,-924000.0,-0.05,190000.0,0.04485363550519358,50562000.0,49180000.0,49805000.0,1382000.0,1382000.0,3071000.0,-5517000.0,35474110.1,14655110.100000001,2.023951602946623,36.0383502170767,0.0,0.0,-0.02774387726687409,2.023951602946623,-0.023810492069947134,8.374435812086874,-7.573465008539709,0.7213117141114275,0.0,1.3174861608596549,0.0,0.08377833155334045,32.349493487698986,-0.023159685139037222,-33.52940463137996,0.04485363550519358,-0.25000000000000006,-1.7722560684280673,-0.8081640696990786,-0.2715793294428129,-0.23076923076923078,-0.1238003838771593,0.21160409556313994,-1.4581042480198734,-0.7934525711573537,-0.08268085019893608,Consumer Electronics,Technology,MSN
2018Q2,2018,Q2,2017-11-14,2017-09-30,-1042000.0,3722000.0,-1172000.0,-0.04,247000.0,0.06636217087587319,52490000.0,51343000.0,51556000.0,1147000.0,1147000.0,3417000.0,-4346000.0,35138820.0,13211820.0,1.9579376882889066,44.9485614646905,0.0,0.0,-0.022826870264690415,1.9579376882889066,-0.020294879535671852,9.44084363245567,-8.430619001919386,0.6843935882204001,0.0,1.0169739537606086,0.0,0.07090874452276624,40.92676547515257,-0.01985140026671747,-45.223706563706564,0.06636217087587319,-0.3333333333333334,-1.5536931953449475,-0.8890757201076362,-0.27915796602961,0.07391304347826087,-0.1707865168539326,-0.10670443814919736,-23.937035134821553,-0.7297159839641041,-0.06817209923203162,Consumer Electronics,Technology,MSN
2018Q1,2018,Q1,2017-08-14,2017-06-30,-890000.0,3001000.0,-1059000.0,-0.03,230000.0,0.07664111962679107,57243000.0,56011000.0,56310000.0,1232000.0,1232000.0,4416000.0,-3304000.0,37617496.099999994,-11807503.900000006,2.069805254794723,45.70616883116883,0.0,0.0,-0.01762013650833919,2.069805254794723,-0.015889735944725144,12.534987037654114,-10.566712387640449,0.6716090785738514,0.0,0.6274909420289855,0.0,0.05242562409377566,41.532467532467535,-0.015547752563632234,-12.464379092113981,0.07664111962679107,-0.01988693467336675,-1.2323618014239435,-0.9346101598635476,-0.21729204852625558,-0.22818791946308725,-0.11809045226130653,-0.1498371335504886,-2.370613390887777,-0.884028372411891,-0.26063784167558707,Consumer Electronics,Technology,MSN
2017Q4,2017,Q4,2017-06-26,2017-03-31,-796000.0,3654000.0,-921000.0,-0.029415025313181332,298000.0,0.0815544608648057,57848000.0,56927000.0,56938000.0,921000.0,921000.0,838000.0,-2414000.0,36802960.0,9331960.0,2.1036547060345145,61.82193268186754,0.0,0.0,-0.01566688237811032,2.1036547060345145,-0.013982820102938852,10.071964969896005,-11.558718592964825,0.6464939308236866,0.0,4.004773269689737,0.0,0.06316553727008713,58.47557003257329,-0.013760199142580556,48.810291777188326,0.0815544608648057,-2.470751265659066,-1.3377188475440582,-0.8637969604925229,-0.15946756738267487,-0.810553083280356,-2.7767857142857144,-3.616477272727273,-1.848065501324771,-0.7379976433562363,-0.2420495607490719,Consumer Electronics,Technology,MSN
2017Q3,2017,Q3,2017-02-14,2016-12-31,448000.0,4934000.0,352000.0,0.02,1573000.0,0.3188082691528172,59009000.0,57771000.0,57843000.0,1238000.0,1238000.0,2666000.0,-1618000.0,28485450.0,-13088550.0,2.1294924250801723,46.72294022617125,0.0,0.0,0.00672333511802545,2.1294924250801723,0.0077547558463589,5.7732975273611675,15.895898437500001,0.49307524536532177,0.0,1.2606901725431359,0.0,0.0836143639105899,42.623586429725364,0.00759206222779576,-124.93618421052632,0.3188082691528172,1.0,-0.8587144390747924,-0.8864426164691789,-0.11845200359458805,0.0038289725590299937,1.715151515151515,0.0764525993883792,1.3244145645864107,-0.7634280159276162,-0.22303038728801486,Consumer Electronics,Technology,MSN
2017Q2,2017,Q2,2016-11-09,2016-09-30,165000.0,6029000.0,327000.0,0.01,1567000.0,0.2599104329076132,59887000.0,57341000.0,58411000.0,2546000.0,2546000.0,3888000.0,-2066000.0,27675313.0,-11349687.0,2.1135643199410246,22.942262372348782,0.0,0.0,0.002450389991454631,2.1135643199410246,0.0028775221917999336,4.590365400563941,41.932292424242426,0.4826444080152073,0.0,1.147633744855967,0.0,0.10067293402574849,20.898271798900236,0.002755188939168768,-34.89951197982346,0.2599104329076132,6.025125628140704,-0.9064095292115711,-0.8543015949734171,-0.08055800529142962,0.020182291666666668,4.055555555555555,4.892857142857143,-0.5747422680412371,-0.6712291416730287,-0.24290316617814048,Consumer Electronics,Technology,MSN
2017Q1,2017,Q1,2016-08-15,2016-06-30,-54000.0,6634000.0,-84000.0,-0.00199,1536000.0,0.23153451914380463,61487000.0,57176000.0,59946000.0,4311000.0,4311000.0,3833000.0,-2231000.0,15599749.999999998,-27128250.0,2.1074824917065977,13.9053583855254,0.0,0.0,-0.0024040601905440297,2.1074824917065977,-0.0009444522177137261,2.351484775399457,-72.22106481481481,0.2728373793199944,0.0,1.330028698147665,0.0,0.10789272529152504,12.657156112270934,-0.0008782344235366826,7.320389488503049,0.23153451914380463,0.8275121405750798,-1.0161821995804614,-0.8712444685971586,-0.05654835569196243,0.12609970674486803,0.8274760383386581,0.8638573743922204,-1.039444850255661,-0.730894045107902,-0.2411944260119443,Consumer Electronics,Technology,MSN
2016Q4,2016,Q4,2016-06-29,2016-03-31,-313000.0,8143000.0,-617000.0,-0.011537043862882419,1364000.0,0.16750583323099594,59888000.0,57230000.0,58326000.0,2658000.0,2658000.0,2056000.0,-2177000.0,22789200.0,-7306800.0,2.109472908219683,21.943566591422123,0.0,0.0,-0.006025841841192182,2.109472908219683,-0.005469159531714136,2.798624585533587,-18.20223642172524,0.39820373929757125,0.0,3.297178988326848,0.0,0.1359704782260219,20.44507148231753,-0.005226422655623831,9.025425742574257,0.16750583323099594,-3.7419004779623593,-1.118920972644377,-0.802109407275997,-0.014821573049181613,-0.18028846153846154,-3.742424242424242,-11.34,0.7886563133018231,-0.6462026416405977,-0.22642300050012854,Consumer Electronics,Technology,MSN
2016Q3,2016,Q3,2016-02-16,2015-12-31,-66000.0,9153000.0,-50000.0,-0.002433,1664000.0,0.18179831749153283,60760000.0,57543000.0,59946000.0,2724000.0,3217000.0,4674000.0,-1864000.0,26855987.0,-756013.0,2.1210099520825656,22.006607929515418,0.0,0.0,-0.008192631100717227,2.1210099520825656,-0.001146968354100412,2.934118540369278,-101.72722348484848,0.4667116243504857,0.0,1.602267864783911,0.0,0.15064186965108625,19.11123348017621,-0.0010862409479921,-39.72779142011834,0.18179831749153283,0.9188999999999999,-1.015774378585086,-0.7743955041778611,0.05332235035694678,0.19112383679312814,0.9070422535211268,0.9412455934195064,-1.038984051978736,-0.6287417863227063,-0.2366480061553156,Consumer Electronics,Technology,MSN
2016Q2,2016,Q2,2015-11-17,2015-09-30,-710000.0,8943000.0,-851000.0,-0.03,1397000.0,0.15621156211562115,62313000.0,57609000.0,60971000.0,4139000.0,4704000.0,4586000.0,-1798000.0,33098600.0,-5217400.0,2.1234426833763362,14.730852863010389,0.0,0.0,-0.012916401694555971,2.1234426833763362,-0.012324463191515214,3.7010622833501063,-11.65443661971831,0.5745387005502612,0.0,1.6454426515481901,0.0,0.14351740407298638,12.78328098574535,-0.011394091120632934,5.873753327417924,0.15621156211562115,-7.726457399103138,-1.2202916537387525,-0.8279067082323057,0.14199341870515017,-0.4427602712405265,-6.867768595041323,-8.530973451327434,-1.3646635850025681,-0.7423880167074751,-0.21822499660740938,Consumer Electronics,Technology,MSN
2016Q1,2016,Q1,2015-07-14,2015-06-30,121000.0,19512000.0,113000.0,0.00446,2507000.0,0.1284850348503485,62258000.0,58319000.0,60996000.0,3414000.0,3939000.0,4520000.0,-1088000.0,31470799.999999996,3800799.9999999963,2.1496129745669,17.866432337434095,0.0,0.0,0.001542446670354791,2.1496129745669,0.0020747955211852056,1.6128946289462893,65.02231404958678,0.539632023868722,0.0,3.7621681415929205,0.0,0.3134055061196955,15.682776801405975,0.0019435253300780623,-43.83119777158774,0.1284850348503485,1.0743333333333334,-0.9794182684129954,-0.7094482912664731,0.23494409622225976,-0.0312982998454405,1.0729355033152501,-0.508695652173913,-0.9684895833333333,-0.5759274955988786,-0.18711233151666365,Consumer Electronics,Technology,MSN
2015Q4,2015,Q4,2015-07-14,2015-03-31,-1659000.0,13235000.0,230000.0,-0.06,2588000.0,0.19554212315829242,62163000.0,58198000.0,60926000.0,3484000.0,3965000.0,4519000.0,-1209000.0,35811600.0,-7673400.0,2.145152967194987,17.48737083811711,0.0,0.0,-0.022300717255870357,2.145152967194987,-0.028506134231416888,2.705825462788062,-5.396564195298373,0.6153407333585347,0.0,2.35605222394335,0.0,0.21290799993565304,14.719288174512055,-0.02668790116307128,8.440160263964176,0.19554212315829242,-1.5454545454545454,-1.4640559440559442,-0.7432539913480378,0.40772096173383,-0.5420279596531588,-1.5812894183601962,-0.9377368706009745,-1.7020736352094794,-0.5079193932183224,-0.14288659793814434,Consumer Electronics,Technology,MSN
2015Q3,2015,Q3,2015-02-17,2014-12-31,2854000.0,22898000.0,3694000.0,0.11,5651000.0,0.24679011267359593,63625000.0,59859000.0,62292000.0,3350000.0,3766000.0,4440000.0,450000.0,28486500.0,4275500.0,2.206376704754884,18.594626865671643,0.0,0.0,0.04714270899211291,2.206376704754884,0.04767871163901836,1.2440606166477421,2.49531359495445,0.4758933493710219,0.0,3.8844594594594595,0.0,0.35988998035363456,15.526865671641792,0.044856581532416506,-11.335654596100278,0.24679011267359593,62.51039260969977,-0.1637855259302666,-0.5233356925767101,-0.11464280431888765,1.2952883834281073,59.723404255319146,122.13333333333334,-0.0999684642068748,-0.47301558076914224,-0.08662414550781246,Consumer Electronics,Technology,MSN
2015Q2,2015,Q2,2014-11-14,2014-09-30,47000.0,14247000.0,30000.0,0.001732,2462000.0,0.1728083105215133,61420000.0,57005000.0,59163000.0,4415000.0,4415000.0,5679000.0,-2404000.0,53717400.0,26960400.0,2.101179506081828,13.400453001132503,0.0,0.0,0.00033425232969132627,2.101179506081828,0.0008244890799052715,3.7704358812381553,285.7308510638298,0.9423278659766687,0.0,2.0751892938897694,0.0,0.23196027352653859,11.061834654586637,0.0007652230543796809,4.038598601608902,0.1728083105215133,-0.9134,-0.9854082583048743,-0.7248232703673658,-0.11198865937626569,-0.30333899264289754,-0.9278033794162827,-0.9620733249051833,-0.9733408961996598,-0.6557032382793622,-0.08594564258799017,Consumer Electronics,Technology,MSN
2015Q1,2015,Q1,2014-08-14,2014-06-30,651000.0,25943000.0,791000.0,0.02,3534000.0,0.13622171684076628,80651000.0,75949000.0,78463000.0,4702000.0,4702000.0,8930000.0,-2451000.0,48291400.0,417400.0,2.799447106524143,16.687154402381964,0.0,0.0,0.007920665035550787,2.799447106524143,0.008571541429116907,1.8614423929383648,18.545084485407067,0.6358398398925594,0.0,2.5094064949608064,0.0,0.32166991109843646,13.990004253509145,0.00807181560055052,-4.566562647754137,0.13622171684076628,-0.5,-0.4113924050632912,-0.5333908883253295,0.24571906573940439,-0.01146853146853147,-0.30818278427205104,0.14804063860667635,-0.8049145939466587,-0.4964870739849391,0.253221787700279,Consumer Electronics,Technology,MSN
2014Q4,2014,Q4,2014-06-25,2014-03-31,941000.0,13982000.0,689000.0,0.04,3575000.0,0.2556858818480904,79249000.0,75298000.0,77224000.0,3951000.0,3951000.0,5438000.0,-3102000.0,56430400.0,30102400.0,2.7754515296719497,19.54543153631992,0.0,0.0,0.010817137161277184,2.7754515296719497,0.012497011872825307,4.035931912458875,14.992136025504783,0.7494276076389812,0.0,1.9137550570062523,0.0,0.17643124834382767,16.89217919514047,0.011873966863935192,21.246385542168674,0.2556858818480904,1.7999999999999998,1.3785197103781173,-0.6682563409020809,0.25916387959866216,-0.26606446314925064,1.6813902968863144,-0.3590697674418605,-0.6424772036474163,-0.6602104546890568,0.296207674166394,Consumer Electronics,Technology,MSN
2014Q3,2014,Q3,2014-02-14,2013-12-31,-1381000.0,20857000.0,1075000.0,-0.05,4871000.0,0.23354269549791437,80598000.0,74357000.0,77790000.0,6019000.0,6241000.0,5683000.0,-4043000.0,51547000.0,32907000.0,2.740766678953188,12.92407376640638,0.0007196208342638775,0.0007800207108947376,0.007051434650792859,2.740766678953188,-0.01857256209906263,2.471448434578319,-9.331462708182476,0.6932366824912248,0.0,2.812950906211508,0.0,0.258778133452443,11.287090878883536,-0.017134420208938187,-4.516912022432527,0.23354269549791437,-6.0,0.3389181426519866,-0.6538084883894634,0.1938762403262578,0.8020717721050684,-4.559278350515464,4.193236714975845,-1.3300669216061185,-0.4859135835941929,0.3611019586307888,Consumer Electronics,Technology,MSN
2014Q2,2014,Q2,2013-11-14,2013-09-30,388000.0,18338000.0,207000.0,0.01,2703000.0,0.14739884393063585,86134000.0,75738000.0,84530000.0,10178000.0,10396000.0,7299000.0,-2662000.0,51004400.0,-1045600.0,2.791669738297088,8.305168009432109,0.0006733694011656256,0.0007657978821727534,0.0032281205164992823,2.791669738297088,0.005122923763500488,2.781350201766823,32.86365979381443,0.67343209485331,0.0,2.1420742567474997,0.0,0.21290082894095247,7.147081941442327,0.004504609097452806,8.47249169435216,0.14739884393063585,-0.7999999999999999,-0.43522561863173215,-0.6671506879151994,0.1758185459456943,-0.26308615049073064,-0.716581446311176,-0.8442437923250564,-0.8796152652807943,-0.6471154216218297,0.5013677992308608,Consumer Electronics,Technology,MSN
2014Q1,2014,Q1,2013-07-16,2013-06-30,1369000.0,24652000.0,1329000.0,0.05,3668000.0,0.14879117312996917,91039000.0,75350000.0,89422000.0,15472000.0,15689000.0,6064000.0,-3050000.0,49078170.0,33157170.0,2.7773682270549207,5.7796018614270945,0.0006810268126846736,0.0008228268082282681,0.015546355975553594,2.7773682270549207,0.018168546781685467,1.99083928281681,8.96241234477721,0.6513360318513604,0.0,3.4604221635883907,0.0,0.27078504816617055,4.942088934850052,0.01503751139621481,-9.11217415521723,0.14879117312996917,1.9159351789331531,2.473627556512379,-0.4281339890507563,0.18274000125572917,0.16666666666666666,1.924375422012154,0.7791164658634538,-0.7671372682428985,-0.6329089419998511,0.5955869896662713,Consumer Electronics,Technology,MSN
2013Q4,2013,Q4,2013-07-16,2013-03-31,-1481000.0,23016000.0,747000.0,-0.054589015849612975,3144000.0,0.13660062565172054,84284000.0,73981000.0,82582000.0,10079000.0,10303000.0,3454000.0,-4419000.0,45307100.0,23968100.0,2.726907482491707,8.193471574560968,0.0008661193109012387,0.0009867398386072099,-0.01742184772809315,2.726907482491707,-0.020018653438044903,1.9685045185957595,-7.64805874409183,0.6124153498871331,0.0,5.753329473074696,0.0,0.2730767405438755,7.490822502232365,-0.017571543828010062,5.460660479691454,0.13660062565172054,-1.909816930826883,0.7969285616344439,-0.37610799381963084,0.14487998885776646,-0.2460431654676259,-1.8747784997046664,-0.6248116524359618,-1.4142657342657343,-0.5535121922830704,0.7894876880654057,Consumer Electronics,Technology,MSN
2013Q3,2013,Q3,2013-02-14,2012-12-31,1693000.0,24654000.0,1991000.0,0.06,4170000.0,0.16914091019712826,88880000.0,75382000.0,86886000.0,13268000.0,13498000.0,12928000.0,-3363000.0,46934900.0,23729900.0,2.778547733136749,6.548537835393428,0.0009338433843384339,0.0011010586081557931,0.021016251274624566,2.778547733136749,0.022458942453105517,1.9037438143911738,6.930729474305966,0.6226274176859197,0.0,1.5844678217821782,0.0,0.2773852385238524,4.98138378052457,0.019048154815481548,8.013471060269763,0.16914091019712826,-0.14285714285714296,0.5197486535008975,-0.6747021335550014,0.04799110246072582,-0.2570817744521646,-0.13045711350796096,-0.08036951501154735,-0.5039554644008204,-0.48678129813897325,0.11495340925898553,Consumer Electronics,Technology,MSN
2013Q2,2013,Q2,2012-11-19,2012-09-30,1947000.0,34715000.0,2165000.0,0.07,5613000.0,0.16168803111047098,93998000.0,73690000.0,91620000.0,20064000.0,20308000.0,12620000.0,-5055000.0,55768428.0,28396428.0,2.716181349060081,4.5663875598086126,0.0012340688099746803,0.0015741620301262043,0.02558809727565349,2.716181349060081,0.02642149545392862,1.6064648710931875,7.160815100154084,0.7567977744605782,0.0,2.3060221870047544,0.0,0.3693163684333709,3.5425139553429026,0.020713206663971574,4.336917956295202,0.16168803111047098,-0.5,1.5928745432399514,-0.4000380214994297,0.04099564898005313,-0.1791459491079263,-0.49296875,-0.5104025327905924,-0.39552933871468493,-0.3294897052574651,0.14792659750132414,Consumer Electronics,Technology,MSN
2013Q1,2013,Q1,2012-07-13,2012-06-30,3840000.0,46011000.0,4422000.0,0.14,6838000.0,0.14861663515246354,92512000.0,71743000.0,88967000.0,20511000.0,20769000.0,9868000.0,-7002000.0,55616499.99999999,16055499.999999993,2.6444157758938442,4.337526205450734,0.00137279488066413,0.0017702075463808316,0.053057846947811765,2.6444157758938442,0.053524385654349554,1.2087652952554822,3.620865885416666,0.7752184882148782,0.0,3.969700040535063,0.0,0.4973516949152542,3.233435717419921,0.041508128675198895,-10.270821791320405,0.14861663515246354,0.5555555555555558,7.687782805429866,-0.1267271484968114,-0.03490812236003125,0.7610095287149111,0.6250528988573847,1.3825431034482758,2.4719710669077757,-0.17244914476879072,0.17673205616060883,Consumer Electronics,Technology,MSN
2012Q4,2012,Q4,2012-07-13,2012-03-31,2363000.0,26896000.0,1856000.0,0.09,3883000.0,0.14437091017251635,78684000.0,67900000.0,74949000.0,10535000.0,10784000.0,11269000.0,-10418000.0,54531299.99999999,9707299.999999993,2.502764467379285,7.114285714285714,0.0017284327182146306,0.0020029455081001474,0.03417914799893538,2.502764467379285,0.03480117820324006,2.0274873587150504,5.769286923402454,0.8031119293078055,0.0,2.042151033809566,0.0,0.3418229881551523,5.532795443758899,0.030031518478979207,20.93332053742802,0.14437091017251635,-0.25,1.5112505408913888,-0.33146081380030323,-0.08102913909077376,-0.42846629378863704,-0.25480920845159255,-0.5841362312345956,1.9505229283990346,-0.3618525636462856,0.13545150501672246,Consumer Electronics,Technology,MSN
2012Q3,2012,Q3,2012-02-14,2011-12-31,3171000.0,43451000.0,4463000.0,0.12,6794000.0,0.15636003774366528,83218000.0,65536000.0,80394000.0,17412000.0,17682000.0,18785000.0,-12782000.0,43136700.0,1286700.0,2.415628455584224,4.617160578911096,0.0017784613905645413,0.00225830078125,0.04470092377410668,2.415628455584224,0.0483856201171875,0.9927665646360267,3.4008751182592243,0.6582138061523438,0.0,1.9513973915357998,0.0,0.5221346343339182,3.233689409602573,0.03810473695594703,5.990376336619914,0.15636003774366528,1.0,-0.14285713003146774,-0.5142306529480162,-0.1656730789893986,0.5529142857142857,0.7986386840612593,1.6361488481984643,2.5179511728099566,-0.27878566567629925,0.05224623486721672,Consumer Electronics,Technology,MSN
2012Q2,2012,Q2,2011-11-14,2011-09-30,1763000.0,41380000.0,1693000.0,0.06,4375000.0,0.10572740454325762,85068000.0,62365000.0,78359000.0,22424000.0,22703000.0,25312000.0,-15953000.0,41506187.0,9729187.0,2.2987467747880577,3.4944256154120583,0.0018926035642074575,0.0025815762046019403,0.028212934813916464,2.2987467747880577,0.028269061172131803,1.0030494683421942,5.885732699943279,0.665536550950052,0.0,1.461954804045512,0.0,0.4864343819062397,2.1951034605779522,0.02072459679315371,4.595459145261294,0.10572740454325762,-0.5,-0.5374458782595619,-0.5852998171115937,-0.1660436462171575,-0.26210153482880755,-0.47168115073419237,-0.560602128211783,1.566229985443959,-0.2489200275892112,-0.03179482402620573,Consumer Electronics,Technology,MSN
2012Q1,2012,Q1,2011-07-14,2011-06-30,3337000.0,51524000.0,3853000.0,0.12,5929000.0,0.11507258753202391,85441000.0,60603000.0,78747000.0,24544000.0,24838000.0,20549000.0,-17715000.0,54802600.0,33439600.0,2.23380022115739,3.2084012385919167,0.0020247890357088516,0.002854644159530056,0.044897051473271665,2.23380022115739,0.055063280695675135,1.0636324819501592,4.105678753371292,0.904288566572612,0.0,2.2188427660713415,0.0,0.6030360131552768,2.1760919165580184,0.039056190821736635,-2.877230009975324,0.11507258753202391,0.23693009118541036,4.729784812463482,-0.0720078877565985,-0.14657044669577268,0.2550804403048264,0.26785714285714285,0.2033104309806371,4.592034445640473,0.19523058365036652,-0.048737992088905745,Consumer Electronics,Technology,MSN
2011Q4,2011,Q4,2011-07-14,2011-03-31,2632000.0,41149000.0,3202000.0,0.09701437523037228,4724000.0,0.11480230382269314,76716000.0,58091000.0,68752000.0,18317000.0,18625000.0,8515000.0,-21055000.0,65654600.0,29260600.0,2.141208993733874,3.753453076377136,0.03469941081391105,0.045824654421511075,0.027655528119442836,2.141208993733874,0.04530822330481486,1.5955333057911492,6.236189209726444,1.1302026131414504,0.0,4.277745155607751,0.0,0.5363809374837062,3.0639842769012393,0.034308358100005217,3.223260837547253,0.11480230382269314,-0.3532374984641848,1.917437850677806,-0.0013523019939871647,-0.1739459565903029,-0.3696290365625834,-0.37093690248565964,-0.3572862304295464,1.3608940079528313,0.11542110541866572,-0.10102291895572496,Consumer Electronics,Technology,MSN
2011Q3,2011,Q3,2011-02-14,2010-12-31,4184000.0,40571000.0,4982000.0,0.15,7494000.0,0.18471321880160707,69931000.0,54630000.0,56583000.0,15092000.0,15301000.0,24240000.0,-23688000.0,53717400.0,37543400.0,2.013638039071139,3.749204876755897,0.0365074144513878,0.046732564524986274,0.06118260498703253,2.013638039071139,0.07658795533589603,1.3240344088141776,3.2096916826003827,0.9832948929159802,0.0,1.3645627062706271,0.0,0.5801575839041341,1.8549562682215743,0.0598304042556234,3.684573701899993,0.18471321880160707,0.25,1.990217867773246,-0.4713598192741524,-0.21167071920571778,0.23378333882120514,0.29816940738442443,0.5019596020500452,2.7558348294434465,-0.46468484872474897,-0.24051160850827188,Consumer Electronics,Technology,MSN
2011Q2,2011,Q2,2010-11-15,2010-09-30,3223000.0,51966000.0,3317000.0,0.12,6074000.0,0.11688411653773621,82025000.0,50446000.0,65543000.0,31347000.0,31579000.0,34991000.0,-27872000.0,61091333.99999999,64202333.99999999,1.8594176188720972,2.0908858901968292,0.0697226455348979,0.11336875074336915,0.05731537499752378,1.8594176188720972,0.06389010030527693,1.1756020090058883,4.738701054917778,1.2110243428616738,0.0,1.3115372524363407,0.0,0.6335385553185005,0.7809359747344243,0.03929289850655288,-12.351664779619894,0.11688411653773621,-0.4545454545454546,-0.7691624617105379,-0.3321525526056542,-0.2560679275903781,-0.3693936877076412,-0.451777513182514,-0.5519989195029714,1.98142509135201,-0.10189761847153574,-0.28736509012827033,Consumer Electronics,Technology,MSN
2011Q1,2011,Q1,2010-07-14,2010-06-30,5879000.0,67155000.0,7404000.0,0.22,9632000.0,0.14342937979301615,96010000.0,47224000.0,79720000.0,48530000.0,48786000.0,29055000.0,-31094000.0,46093870.0,44557870.0,1.740656100258017,1.6426952400576962,0.06018123112175815,0.12235304082669829,0.1107707333183176,1.740656100258017,0.12449178383872607,0.686380314198496,1.9601067358394284,0.9760687362358124,0.0,1.9797969368439168,0.0,0.6994583897510676,0.9094374613641046,0.06123320487449224,-8.932920542635658,0.14342937979301615,0.6695384615384616,13.188195879722354,0.7403411072486685,-0.11964434516126875,0.10865561694290976,0.6444755244755245,0.702851885924563,12.300904977375568,0.2745786516853932,-0.36473943339880005,Consumer Electronics,Technology,MSN
2010Q4,2010,Q4,2010-07-14,2010-03-31,3575000.0,51549000.0,4348000.0,0.13177294507924806,8688000.0,0.16853867194319969,69256000.0,41342000.0,51510000.0,27594000.0,27914000.0,10952000.0,-36976000.0,58872100.0,49681100.0,1.5238481385919647,1.8667101543813873,0.08461360748527204,0.14174447293309467,0.07653037386018897,1.5238481385919647,0.08647380387983165,1.142060951715843,4.11693006993007,1.4240264138164578,0.0,3.9135317750182614,0.0,0.7443254014092642,1.320504457490759,0.05162007623888183,9.916136095671215,0.16853867194319969,0.01363803907113885,2.1463395990275287,-0.26208725529252114,-0.22754320426429742,-0.005949656750572082,0.04746557280984471,-0.06192017259978425,1.7734746862829942,0.2813253461261217,-0.4404699067494959,Consumer Electronics,Technology,MSN
2010Q3,2010,Q3,2010-02-11,2009-12-31,3413000.0,48038000.0,4635000.0,0.13,8740000.0,0.1819392980557059,96855000.0,67610000.0,78421000.0,29107000.0,29245000.0,16748000.0,-29178000.0,64520566.0,31423566.0,2.4920751935127163,2.6942316281306904,0.05932579629342832,0.08498742789528177,0.04653656841610748,2.4920751935127163,0.05048069812157965,1.343115158832591,4.726088924699678,0.9543050732140217,0.0,2.3464294244088846,0.0,0.4959785245986268,1.889442402171299,0.03523824273398379,6.531082700678207,0.1819392980557059,0.08333333333333341,0.7281314517082716,-0.4931273863710833,0.26160812092151503,0.08262108262108261,0.05960881713753493,0.38234416940053684,-0.07744288388438963,-0.4629493476862857,-0.13926936142689883,Consumer Electronics,Technology,MSN
2010Q2,2010,Q2,2009-11-12,2009-09-30,3221000.0,51774000.0,3353000.0,0.12,8073000.0,0.15592768571097462,94042000.0,64194000.0,77573000.0,29702000.0,29848000.0,22255000.0,-32592000.0,34726400.0,11508400.0,2.3661629192775524,2.6117096491818734,0.06145126645541354,0.09002398978097642,0.04586788506345762,2.3661629192775524,0.05017602891235941,0.6707304824815544,2.6953120149022043,0.5409602143502509,0.0,1.963648618288025,0.0,0.5505412475277004,1.6560500976365229,0.03425065396312286,6.361311595530317,0.15592768571097462,1.9999999999999996,2.250342637423006,-0.3784245188147153,0.24246038325884356,0.34639759839893264,1.9122965641952985,1.3463960811756472,-0.15491388194784386,-0.4811337054406876,-0.14158591878881127,Consumer Electronics,Technology,MSN
2010Q1,2010,Q1,2009-07-14,2009-06-30,1106000.0,55599000.0,1429000.0,0.04,5996000.0,0.10784366625299016,95267000.0,60968000.0,79277000.0,34156000.0,34299000.0,17913000.0,-35813000.0,15735399.999999998,-2004600.0000000019,2.2472539624032435,2.3210270523480503,0.061710770781067945,0.09642763416874425,0.01724732444463924,2.2472539624032435,0.018140663954861566,0.2830158815806039,3.556826401446654,0.2580927699776932,0.0,2.7691062356947467,0.0,0.5836123736445988,1.5149607682398407,0.011609476523875005,14.074597495527726,0.10784366625299016,1.4365245374094933,-0.3985503265798305,-0.2516889822954307,0.2209897990083931,5.6108048511576625,1.4448913917940467,1.6588289534347627,0.8990536417694369,0.0013864111602529424,-0.14143040763902562,Consumer Electronics,Technology,MSN
2009Q4,2009,Q4,2009-07-14,2009-03-31,-2486000.0,42147000.0,-2169000.0,-0.09163287873203096,907000.0,0.021519918380904928,86044000.0,59800000.0,70931000.0,26098000.0,26244000.0,20691000.0,-36976000.0,13565000.0,-3076000.0,2.204201990416513,2.717871101233811,0.06830226395797499,0.09827759197324415,-0.023468549778132692,2.204201990416513,-0.04157190635451505,0.32184971646855054,-1.364139179404666,0.22683946488294315,0.0,1.9931371127543376,0.0,0.48983078424991866,1.5385470150969422,-0.02889219469108828,2.320786997433704,0.021519918380904928,-0.14541098415038703,0.40815339300655235,-0.2393078982114826,0.24328346616944296,-0.7994693787309308,-0.19004308281474389,0.09284818067754078,-3.7556042920915753,0.02286822347710571,-0.14964397590160466,Consumer Electronics,Technology,MSN
2009Q3,2009,Q3,2009-02-13,2008-12-31,-2089000.0,60247000.0,-2391000.0,-0.08,4523000.0,0.07507427755738875,87556000.0,62282000.0,71885000.0,25112000.0,25274000.0,30363000.0,-34490000.0,18177100.0,8248100.0,2.2956874308883157,2.862575661038547,0.06569509799442642,0.0923541312096593,-0.027140931002368775,2.2956874308883157,-0.033540990976526124,0.30170962869520473,-2.175335088559119,0.29185157830512826,0.0,1.8352600204195897,0.0,0.6880967609301476,1.351505256451099,-0.0238590159440815,2.6809882005899706,0.07507427755738875,-3.666666666666667,-1.7442385276405463,-0.20914244528464432,0.197112496325708,-0.2633550488599348,-4.04075691411936,-3.2793136320305054,-2.492964896218526,-0.21498151467328533,-0.10124978461597131,Consumer Electronics,Technology,MSN
2009Q2,2009,Q2,2008-11-14,2008-09-30,687000.0,55094000.0,1049000.0,0.03,6140000.0,0.11144589247467963,106527000.0,64413000.0,89765000.0,41939000.0,42114000.0,44993000.0,-32401000.0,23060500.0,20937500.0,2.3742351640250643,2.1403705381625695,0.040487388173890186,0.06695853321534473,0.007342802220262418,2.3742351640250643,0.010665548879884496,0.4185664500671579,8.391739446870451,0.3580100290314067,0.0,1.088035916698153,0.0,0.5171834370629043,0.8252938792055128,0.006449069250049283,-1.396505783322231,0.11144589247467963,2.0,0.02479982982896837,-0.3201674026453593,0.2816359048189359,0.20699823078435228,1.7395048439181917,2.1786516853932585,-0.9507957217484143,-0.29195267546580284,-0.050095219043710656,Consumer Electronics,Technology,MSN
2009Q1,2009,Q1,2008-07-11,2008-06-30,-929000.0,43108000.0,-890000.0,-0.03,5087000.0,0.1180059385728867,94988000.0,63708000.0,75701000.0,31053000.0,31241000.0,26593000.0,-33088000.0,32284700.0,15921700.0,2.3482491706597863,2.4377998905097735,0.0021686949930517538,0.0032335028567840774,-0.02872023343868323,2.3482491706597863,-0.014582156087147611,0.7489259534193189,-8.688024757804088,0.5067605324292083,0.0,1.4297371488737638,0.0,0.45382574641007284,1.2770424757672367,-0.00978018275992757,72.87742663656884,0.1180059385728867,0.888399835458659,-1.1096480118613254,-0.24368142210982854,0.26591944436858395,4.596259625962596,0.8726175784999315,0.8534255599472991,-3.2420197265286728,0.11715619762155625,0.18765242373509006,Consumer Electronics,Technology,MSN
2008Q4,2008,Q4,2008-07-11,2008-03-31,-7293000.0,36891000.0,-6072000.0,-0.26881680796166607,909000.0,0.02464015613564284,87929000.0,64619000.0,67275000.0,22978000.0,23177000.0,24854000.0,-32159000.0,31199499.999999996,16979499.999999996,2.3818282344268336,2.9278005048307074,0.0025475099227786056,0.0034664727092650767,-0.08756713125921317,2.3818282344268336,-0.11286154227084913,0.8457211786072483,-1.069501576854518,0.48282238969962393,0.0,1.447734771063008,0.0,0.41955441321975684,1.4737575071807816,-0.08294191904832308,3.920027641663525,0.02464015613564284,-7.720420199041651,-1.7668971495397543,-0.3120266690530471,0.27447358110439857,-0.8765951669834374,-7.546678635547576,-2.532286212914485,-7.418532782016159,-0.4719133433237579,0.20737713907516228,Consumer Electronics,Technology,MSN
2008Q3,2008,Q3,2008-02-14,2007-12-31,1114000.0,75789000.0,-1719000.0,0.04,7366000.0,0.0971908852208104,98926000.0,71930000.0,90751000.0,26810000.0,26996000.0,33110000.0,-24866000.0,35269000.0,15083000.0,2.651308514559528,3.38496829541216,0.002112690293754928,0.0029056026692617825,0.020738673775627606,2.651308514559528,0.015487279299318783,0.46535776959717107,7.914946140035906,0.4903239260392048,0.0,2.0665357897916037,0.0,0.7661181084851303,1.810443864229765,0.011260942522693732,1.8946548482406662,0.0971908852208104,1.3333333333333335,-0.6601711597179603,-0.16957543719813406,0.7462332772878233,0.49685023369233894,1.3392204628501827,-13.325,-0.4359395144438867,-0.20031290823260808,0.34221967368561723,Consumer Electronics,Technology,MSN
2008Q2,2008,Q2,2007-11-14,2007-09-30,-3284000.0,57862000.0,-120000.0,-0.12,4921000.0,0.08504718122429228,121660000.0,70788000.0,114443000.0,50676000.0,50872000.0,61362000.0,-25980000.0,61856399.99999999,60285399.99999999,2.609214891264283,2.2583274133712212,0.04796153213874733,0.08242922529242244,0.0076992563559307135,2.609214891264283,-0.046392043849239985,1.0690332169645016,-4.708922046285018,0.8738260722156297,0.0,0.8627652292950034,0.0,0.4756041426927503,0.8000631462625306,-0.02699325990465231,-2.7887110590144717,0.08504718122429228,-6.999999999999999,-1.5480459476277104,-0.5116423407986125,0.8662081081240516,-0.3385752688172043,-8.429864253393665,-1.2040816326530612,-4.313916554267976,-0.30533471448327454,0.3700857651825252,Consumer Electronics,Technology,MSN
2008Q1,2008,Q1,2007-08-14,2007-06-30,442000.0,52688000.0,588000.0,0.02,7440000.0,0.14120862435469178,117399000.0,74338000.0,109466000.0,42380000.0,43061000.0,45102000.0,-22696000.0,80033500.0,58281500.0,2.7400663472171027,2.5829636621047665,0.012035877648020853,0.01900777529661815,0.004178958592314705,2.7400663472171027,0.005945815060937878,1.519008123291831,45.26781674208146,1.076616266243375,0.0,1.0032371070019068,0.0,0.4487942827451682,1.24079754601227,0.00376493837255854,3.3631760305920912,0.14120862435469178,1.1173950670705322,-0.8196618342760699,-0.32445810373471096,1.5448226832621637,1.3425692695214106,1.0956295975768067,-0.9901267735706489,-0.7596376531177985,-0.2908683447396832,0.4887472063818057,Consumer Electronics,Technology,MSN
2007Q4,2007,Q4,2007-06-29,2007-03-31,-4622000.0,40231000.0,59555000.0,-0.17036490969406562,3176000.0,0.07894409783500286,99408000.0,73887000.0,92028000.0,24845000.0,25521000.0,32463000.0,-23017000.0,86816000.0,88873000.0,2.7234426833763363,3.704085329040048,0.03931273136970868,0.0528915776794294,0.7472682006896391,2.7234426833763363,-0.06255498260857796,2.157937908577962,-4.69580268282129,1.1749834206287981,0.0,1.1414533468872254,0.0,0.40470585868340575,0.9161601931978265,-0.04649525189119588,382.44933920704847,0.07894409783500286,-2.2168922121004684,-1.601177421024936,-0.26176071905119,1.308262704931861,-0.7527827508367713,-2.250879566982409,8.873176392572944,-0.10036806819135766,-0.27388891387159603,0.5361619642953451,Consumer Electronics,Technology,MSN
2007Q3,2007,Q3,2007-03-16,2006-12-31,3695000.0,89339000.0,6032000.0,0.14,12847000.0,0.14380057981396702,117618000.0,78454000.0,109279000.0,38479000.0,39164000.0,40516000.0,-18395000.0,,,,,,,,,,,,,,,,,,,,,,,,,,,,,,,Consumer Electronics,Technology,MSN
2007Q2,2007,Q2,2006-09-30,2006-09-30,3804000.0,99588000.0,5914000.0,0.14,11484000.0,0.11531509820460296,166140000.0,74636000.0,157317000.0,90849000.0,91504000.0,51135000.0,-22090000.0,,,,,,,,,,,,,,,,,,,,,,,,,,,,,,,Consumer Electronics,Technology,MSN
2007Q1,2007,Q1,2006-06-30,2006-06-30,581000.0,55389000.0,490000.0,0.02,5950000.0,0.10742205130982686,108173000.0,70841000.0,97778000.0,36645000.0,37332000.0,41128000.0,-25894000.0,,,,,,,,,,,,,,,,,,,,,,,,,,,,,,,Consumer Electronics,Technology,MSN
