Quarters,Year,Quarter,FillingDate,Date,NetIncome,Revenue,OperatingIncome,EPSDiluted,GrossProfit,GrossProfitRatio,TotalAssets,CommonStockEquity,CurrentAssets,CurrentLiability,TotalLiability,Inventory,RetainedEarnings,MarketCap,EnterpriseValue,bookValuePerShare,currentRatio,debtToAssets,debtToEquity,roic,shareholdersEquityPerShare,roe,priceToSalesRatio,peRatio,pbRatio,payoutRatio,inventoryTurnover,dividendYield,assetTurnover,quickRatio,returnOnAssets,priceToFreeCashFlowsRatio,grossProfitMargin,epsdilutedGrowth,fiveYNetIncomeGrowthPerShare,fiveYRevenueGrowthPerShare,fiveYShareholdersEquityGrowthPerShare,grossProfitGrowth,netIncomeGrowth,operatingIncomeGrowth,threeYNetIncomeGrowthPerShare,threeYRevenueGrowthPerShare,threeYShareholdersEquityGrowthPerShare,Industry,Sector,Symbol
2023Q1,2023,Q1,2023-05-08,2023-03-31,-26402000.0,2528000.0,-30718000.0,-0.39,659000.0,0.2606803797,229705000.0,176810000.0,184361000.0,18258000.0,52895000.0,-33602000.0,-710475000.0,541000774.02,496881774.02,2.643975699648667,10.097546281082264,0.002625106114364076,0.0034104405859397093,-0.1617849332427218,2.643975699648667,-0.14932413325038177,214.0034707357595,-5.1227253050905235,3.0597860642497596,0.0,-0.05562168918516755,0.0,0.01100541999521125,9.392540256325994,-0.11493872575694913,-20.10706808964543,0.26068037974683544,0.21999999999999997,0.5966107355625745,0.04435116589355368,-0.5926531231638416,-0.8943740984132073,0.20693280466192063,-0.3976068064971109,-0.0542375296393397,0.11819949012692212,0.8915017607830406,Diagnostics & Research,Healthcare,ACRS
2022Q4,2022,Q4,2023-02-23,2022-12-31,-33291000.0,7753000.0,-21979000.0,-0.5,6239000.0,0.8047207533,254596000.0,197621000.0,231550000.0,21938000.0,56975000.0,-12242000.0,-682315000.0,1050297885.0,1005704885.0,2.9634742623517707,10.554745190992797,0.0026866093732815914,0.0034611706245793717,-0.13305960544974968,2.9634742623517707,-0.16845881763577758,135.46986779311234,-7.887250946201676,5.314707875175209,0.0,-0.12367260251592876,0.0,0.03045216735533944,9.939602516181967,-0.13076010620748166,-54.6460918314256,0.8047207532568038,-0.5625,0.3287075861712331,2.5889631771076154,-0.5942954637851378,-0.4220472440944882,-0.568111163447951,-0.17698404198350648,-0.11168504024207952,3.396260434627025,0.7551292887525092,Diagnostics & Research,Healthcare,ACRS
2022Q3,2022,Q3,2022-11-08,2022-09-30,-21230000.0,19018000.0,-18674000.0,-0.32,10795000.0,0.5676201493,267632000.0,219838000.0,256573000.0,19789000.0,47794000.0,0.0,-654680000.0,1049469804.38,988582804.38,3.2971411903024954,12.965435342867249,0.0028621390566150534,0.00348438395545811,-0.08975985605277394,3.2971411903024954,-0.09657111145479853,55.182974254916395,-12.358334955016486,4.773832569346519,0.0,0.0,0.0,0.07106026185209541,12.56551619586639,-0.07932534226101512,-131.72709983431656,0.5676201493322116,-0.28,0.49531384454369987,11.024321671231013,-0.6107720363578664,22.467391304347824,-0.2735452909418116,0.23448388948101992,0.7619122523027824,11.002527189851248,0.5993459301004171,Diagnostics & Research,Healthcare,ACRS
2022Q2,2022,Q2,2022-08-03,2022-06-30,-16670000.0,1528000.0,-24394000.0,-0.25,460000.0,0.3010471204,277976000.0,235752000.0,259354000.0,16217000.0,42224000.0,0.0,-634728000.0,921220832.7600001,853697832.7600001,3.5725396158701606,15.992723685021891,0.0026656977580798344,0.0031431334622823983,-0.08348538074764482,3.5725396158701606,-0.07070989853744614,602.8932151570681,-13.815549381523695,3.907584380026469,0.0,0.0,0.0,0.005496877428267189,15.369057162237159,-0.05996920597461652,-46.40443445295185,0.3010471204188482,0.10714285714285723,0.547228052649,0.0,-0.43494166016460295,0.5436241610738255,0.04584740426993303,-0.21320933008405032,0.7909497395833878,-0.8370471100164876,0.07451640834682376,Diagnostics & Research,Healthcare,ACRS
2022Q1,2022,Q1,2022-05-10,2022-03-31,-17471000.0,1453000.0,-20107000.0,-0.28,298000.0,0.2050929112,226527000.0,180199000.0,190881000.0,16726000.0,46328000.0,0.0,-614196000.0,1059070888.2399999,1023444888.2399999,2.9333548816195907,11.41223245246921,0.003160771122206183,0.003973384979938845,-0.1029369749196342,2.9333548816195907,-0.09695392316272565,728.8856766964899,-15.15469761662183,5.8772295531051775,0.0,0.0,0.0,0.006414246425370927,10.776934114552194,-0.0771254640727154,-50.114554878152646,0.2050929112181693,0.24324324324324317,0.4093965995256708,0.0,-0.5227104817131961,-0.1534090909090909,0.2338624802666199,0.11826872478512541,0.6877111503084967,-0.8064598718420929,-0.33610438801374254,Diagnostics & Research,Healthcare,ACRS
2021Q4,2021,Q4,2022-02-24,2021-12-31,-22804000.0,1501000.0,-22804000.0,-0.37,352000.0,0.2345103264,251211000.0,197341000.0,27972000.0,22931000.0,53870000.0,0.0,0.0,890252212.0,863596212.0,3.2230620731105804,1.2198334132833282,0.0,0.0,-0.11555632129157144,3.2230620731105804,-0.11555632129157144,593.106070619587,-9.759825162252236,4.511237968795132,0.0,0.0,0.0,0.005975056824740955,1.2198334132833282,-0.09077627970112774,-51.379477809199514,0.23451032644903397,-0.0571428571428572,0.24080427107737043,0.0,-0.5551960216274529,-0.37142857142857144,-0.07840726378511302,-0.12362650899236265,0.6255291020243205,-0.7410143696084923,-0.41927416399970474,Diagnostics & Research,Healthcare,ACRS
2021Q3,2021,Q3,2021-11-02,2021-09-30,-21146000.0,1659000.0,-20295000.0,-0.35,560000.0,0.33755274261603374,263494000.0,216581000.0,205782000.0,17839000.0,46913000.0,0.0,-572603000.0,1101947778.0,1049014778.0,3.5377883397301972,11.535512080273557,0.002538957243808208,0.0030889136166145693,-0.09313093397087908,3.5377883397301972,-0.09763552666208024,664.2240976491862,-13.027851343043602,5.087924508613406,0.0,0.0,0.0,0.00629615854630466,11.138124334323672,-0.08025230176019188,-103.35282104670793,0.33755274261603374,-0.029411764705882214,0.30827211734552706,0.0,-0.06603857512184017,-0.0017825311942959,-0.16436319585925885,-0.1271242919026991,0.6731314132138256,-0.4842780477021013,-0.25094009624349267,Diagnostics & Research,Healthcare,ACRS
2021Q2,2021,Q2,2021-08-05,2021-06-30,-18161000.0,1824000.0,-18006000.0,-0.34,561000.0,0.30756578947368424,288046000.0,233815000.0,241261000.0,14916000.0,54231000.0,0.0,-551457000.0,947685191.8,845616191.8,4.33244228729754,16.174644676857067,0.03950063531519271,0.04866240403737998,-0.07324275951838594,4.33244228729754,-0.07767251887175759,519.5642498903509,-13.045608609107427,4.05314112353784,0.0,0.0,0.0,0.006332321920804316,15.594864574953071,-0.06304895745818376,-77.21707747087102,0.30756578947368424,0.4035087719298245,0.45976451091009146,0.0,-0.007960591341419066,-0.02434782608695652,0.3684009181331293,0.3688527463282975,0.6664321630638224,-0.71548916001148,-0.2303979322758428,Diagnostics & Research,Healthcare,ACRS
2021Q1,2021,Q1,2021-05-07,2021-03-31,-28754000.0,1777000.0,-28529000.0,-0.57,575000.0,0.3235790658413056,161399000.0,112294000.0,134501000.0,14505000.0,49105000.0,0.0,-533296000.0,1268512736.3999999,1244562736.3999999,2.230808346497892,9.272733540158566,0.07011815438757366,0.1007800951074857,-0.22963553237386908,2.230808346497892,-0.25605998539547975,713.8507239167135,-11.029011062808651,11.29635364667747,0.0,0.0,0.0,0.011009981474482494,8.901206480523957,-0.17815475932316804,-103.70444215173315,0.3235790658413056,-0.8999999999999999,0.11631339109318853,0.0,-0.4592206473190748,0.95578231292517,-1.18279814772641,-1.1039085545722713,0.41636564101816365,-0.024758917949558274,-0.6563081828298569,Diagnostics & Research,Healthcare,ACRS
2020Q4,2020,Q4,2021-02-25,2020-12-31,-13173000.0,1580000.0,-13560000.0,-0.3,294000.0,0.1860759493670886,70784000.0,37650000.0,57493000.0,14874000.0,33134000.0,0.0,-504542000.0,282014974.65,271207974.65,0.8637679623300811,3.8653354847384698,0.15901898734177214,0.29896414342629485,-0.27027192354415686,0.8637679623300811,-0.3498804780876494,178.4904902848101,-5.352140261329993,7.490437573705179,0.0,0.0,0.0,0.022321428571428572,3.691206131504639,-0.1861013788426763,-31.81217988155668,0.1860759493670886,-0.19999999999999996,-0.14323025668394676,0.0,-0.8335195432495104,0.13076923076923078,-0.2358570222347312,-0.2957477305303392,0.5936187756549662,0.11897491195164105,-0.8817487349202477,Diagnostics & Research,Healthcare,ACRS
2020Q3,2020,Q3,2020-11-04,2020-09-30,-10659000.0,1449000.0,-10465000.0,-0.25,260000.0,0.17943409247757075,71902000.0,40757000.0,57997000.0,12788000.0,31145000.0,0.0,-491369000.0,110002635.74,97563635.74,0.9522089111353143,4.535267438223334,0.15582320380517928,0.27489756360870526,-0.19913609377378597,0.9522089111353143,-0.26152562749957065,75.91624274672188,-2.580041179754198,2.6989875540397965,0.0,0.0,0.0,0.020152429695975076,4.251172974663747,-0.1482434424633529,-8.832715251324876,0.17943409247757075,0.10714285714285723,0.5454723135579541,0.0,1.4848102549841373,-0.604261796042618,0.08088298697939122,0.08048501889113435,0.6052854725576922,0.4271163434904342,-0.8875916091997599,Diagnostics & Research,Healthcare,ACRS
2020Q2,2020,Q2,2020-08-07,2020-06-30,-11597000.0,2046000.0,-11381000.0,-0.28,657000.0,0.32111436950146627,84999000.0,49366000.0,70955000.0,17745000.0,35633000.0,0.0,-480710000.0,68256506.52000001,46852506.52000001,1.171652697703873,3.998591152437306,0.13156625372063202,0.22653243122797068,-0.1860887195670302,1.171652697703873,-0.23491877000364622,33.36095137829913,-1.4714259403293957,1.3826622882145607,0.0,0.0,0.0,0.02407087142201673,3.882220343758805,-0.13643689925763833,-6.297887665620964,0.32111436950146627,0.24324324324324317,-1.0592842851814108,0.0,1.106229459581883,3.760869565217391,0.25593481329398177,0.266026054430543,0.5066684862633076,0.0,-0.8146830547974317,Diagnostics & Research,Healthcare,ACRS
2020Q1,2020,Q1,2020-05-07,2020-03-31,-15586000.0,1407000.0,-15506000.0,-0.37,138000.0,0.09808102345415778,96812000.0,58175000.0,82714000.0,20603000.0,38637000.0,0.0,-469113000.0,43283166.160000004,488166.1600000039,1.3978182597906326,4.014658059505897,0.11565714994009008,0.1924709926944564,-0.2215269443968227,1.3978182597906326,-0.26791577137945854,30.762733589196877,-0.6942635403567304,0.7440166078212291,0.0,0.0,0.0,0.014533322315415445,3.879920399941756,-0.1609924389538487,-6.2466685178236405,0.09808102345415778,0.1777777777777778,-0.5213118754862734,0.0,0.0,1.0294117647058822,0.1617726148219856,0.1166182418959722,0.22229491679756344,0.0,-0.7725593967342919,Diagnostics & Research,Healthcare,ACRS
2019Q4,2019,Q4,2020-02-25,2019-12-31,-18594000.0,1095000.0,-17553000.0,-0.45,68000.0,0.062100456621004566,98297000.0,69912000.0,83803000.0,22432000.0,28385000.0,0.0,-453527000.0,78256691.72999999,42956691.72999999,1.6884649360834922,3.7358684022824535,0.006480360539996134,0.009111454399816912,-0.2465793835866603,1.6884649360834922,-0.2659629248197734,71.46729838356164,-1.0521766662633107,1.119359934346035,0.0,0.0,0.0,0.01113970924850199,3.3754903708987163,-0.1891614189649735,-3.788569506680867,0.062100456621004566,0.664179104477612,-0.8425053327624651,0.0,1.8668358517387373,-0.5668789808917197,0.6638767873605813,0.23228656403079076,0.08461345362618865,0.0,-0.7669806215715664,Diagnostics & Research,Healthcare,ACRS
2019Q3,2019,Q3,2019-11-07,2019-09-30,-55319000.0,983000.0,-22864000.0,-1.34,157000.0,0.15971515768056968,160416000.0,85275000.0,145370000.0,38989000.0,75141000.0,0.0,-434933000.0,44673537.96,45347537.96,2.0615559950157123,3.728487522121624,0.19057949331737484,0.3585107006742891,-0.19627604323154976,2.0615559950157123,-0.6487129873937262,45.446122034587994,-0.20189057087076773,0.5238761414248022,0.0,0.0,0.0,0.0061278176740474765,2.3622303726692144,-0.3448471474167165,-1.8474644539100948,0.15971515768056968,-0.10743801652892572,-4.363196761405778,0.0,0.0,-0.950347881087919,-0.10913064399711284,0.5408005462834649,-1.6782017563849332,0.0,-0.4557577815076904,Diagnostics & Research,Healthcare,ACRS
2019Q2,2019,Q2,2019-08-08,2019-06-30,-49876000.0,5865000.0,-49791000.0,-1.21,3162000.0,0.5391304347826087,217239000.0,137230000.0,137894000.0,42748000.0,80009000.0,185000.0,-379614000.0,100297783.44000001,99558783.44000001,3.324788330935422,3.2257415551604756,0.14230870147625427,0.22527872914085842,-0.29438440071894806,3.324788330935422,-0.3634482256066458,17.101071345268544,-0.502735701740316,0.730873594986519,0.0,14.610810810810811,0.0,0.026997914739066188,3.155399082998035,-0.22959045107001966,-4.639335003469172,0.5391304347826087,-0.3296703296703296,-8.04078715288984,0.0,4.976828409317728,0.39664310954063603,-0.3277252761879409,-0.3336279630373644,-0.9399453226760757,0.0,-0.238692443888611,Diagnostics & Research,Healthcare,ACRS
2019Q1,2019,Q1,2019-05-08,2019-03-31,-37565000.0,5041000.0,-37335000.0,-0.91,2264000.0,0.44911723864312636,253183000.0,182253000.0,156813000.0,36228000.0,70930000.0,856000.0,-329738000.0,250379384.41000003,246968384.41000003,4.418397755098147,4.328502815501822,0.12159584174292903,0.16891903013942158,-0.17453846765183,4.418397755098147,-0.2061145769891305,49.668594407855586,-1.6663076295088515,1.3738011687599108,0.0,3.244158878504673,0.0,0.01991049952010996,4.211438666225019,-0.14837094117693525,-7.922896791658757,0.44911723864312636,0.08080808080808077,-2.699497881886772,0.0,0.0,13.15,0.025576509039973022,0.0436241610738255,-0.40885991819677725,0.0,0.07108182629846864,Diagnostics & Research,Healthcare,ACRS
2018Q4,2018,Q4,2019-03-18,2018-12-31,-38551000.0,3669000.0,-39038000.0,-0.99,160000.0,0.04360861270100845,275566000.0,215124000.0,179499000.0,27342000.0,60442000.0,791000.0,-292173000.0,286441395.64,259937395.64,5.550058002084381,6.56495501426377,0.1107357221137586,0.14184842230527508,-0.15853638726445743,5.550058002084381,-0.17920362209702312,78.07069927500682,-1.8575484140489222,1.3315176160725906,0.0,4.436156763590392,0.0,0.013314414695572022,6.321154268158876,-0.13989752001335434,-10.45635524713441,0.04360861270100845,0.06603773584905666,-3.0807492768391422,0.0,3.8493273106373307,-0.632183908045977,-0.17748930971288943,-0.16705530642750374,-2.7623674822279685,0.0,0.06970416995580703,Diagnostics & Research,Healthcare,ACRS
2018Q3,2018,Q3,2018-11-06,2018-09-30,-32740000.0,1628000.0,-33450000.0,-1.06,435000.0,0.2671990171990172,176176000.0,146328000.0,145519000.0,22280000.0,29848000.0,1044000.0,-253622000.0,461634660.8,435635660.8,4.722971182929858,6.531373429084381,0.0033545999455090363,0.004038871576185009,-0.22676428716697172,4.722971182929858,-0.2237439177737685,283.55937395577394,-3.5250050458155164,3.154793756492264,0.0,1.14272030651341,0.0,0.00924075924075924,6.072890484739677,-0.18583689038234494,-15.1763646788086,0.2671990171990172,-0.04950495049504955,-3.237820293743521,0.0,0.0,-0.8256513026052105,-0.04875392401819463,-0.046031646757145536,-0.9287697324559545,0.0,3.4046664935627464,Diagnostics & Research,Healthcare,ACRS
2018Q2,2018,Q2,2018-08-03,2018-06-30,-31218000.0,3676000.0,-31978000.0,-1.01,2495000.0,0.6787268770402611,201819000.0,174203000.0,171172000.0,20069000.0,27616000.0,1026000.0,-220882000.0,617969633.03,572486633.03,5.62945770157466,8.529174348497683,0.002735124046794405,0.0031687169566540184,-0.1824114268112511,5.62945770157466,-0.17920472092903109,168.10925816920565,-4.948824660692549,3.5474109689844604,0.0,1.1510721247563354,0.0,0.018214340572493173,8.310628332253724,-0.15468315668990532,-27.855291098940725,0.6787268770402611,-0.03061224489795921,-6.54771854547536,0.0,9.119833015161477,15.52317880794702,-0.032716927453769556,-0.033281633708155615,-6.54771854547536,0.0,9.119833015161477,Diagnostics & Research,Healthcare,ACRS
2018Q1,2018,Q1,2018-05-08,2018-03-31,-30229000.0,1118000.0,-30948000.0,-0.98,151000.0,0.13506261180679785,220622000.0,200472000.0,192256000.0,13823000.0,20150000.0,0.0,-189664000.0,541121458.56,486382458.55999994,6.490722894905408,13.908413513709036,0.0006436348142977582,0.000708328345105551,-0.15415728546095758,6.490722894905408,-0.15078913763518098,484.0084602504472,-4.475184909854775,2.6992370932599066,0.0,0.0,0.0,0.005067491002710519,13.564783332127613,-0.13701716057328825,-24.407824021650878,0.13506261180679785,-0.32432432432432434,-2.9758719797869775,0.0,0.0,-0.3836734693877551,-0.31808668352664166,-0.21641380394623064,-2.9758719797869775,0.0,0.0,Diagnostics & Research,Healthcare,ACRS
2017Q4,2017,Q4,2018-03-12,2017-12-31,-22934000.0,999000.0,-25442000.0,-0.74,245000.0,0.24524524524524524,243509000.0,225262000.0,200221000.0,12762000.0,18247000.0,0.0,-159435000.0,760483353.0600001,740423353.0600001,7.304513501378024,15.68884187431437,0.0005831406642054298,0.0006303770720316787,-0.10446603988435074,7.304513501378024,-0.10181033640827125,761.2445976576577,-8.289911845513211,3.3759948551464514,0.0,0.0,0.0,0.0041025177714170726,15.227863971164394,-0.09418132389357273,-40.47923314313089,0.24524524524524524,-0.1746031746031746,-2.051256908022743,0.0,4.750041855883127,0.06060606060606061,-0.2606640281442392,-0.3564725954361271,-2.051256908022743,0.0,4.750041855883127,Diagnostics & Research,Healthcare,ACRS
2017Q3,2017,Q3,2017-11-07,2017-09-30,-18192000.0,684000.0,-18756000.0,-0.63,231000.0,0.33771929824561403,261391000.0,244259000.0,234122000.0,9993000.0,17132000.0,0.0,-136501000.0,744226394.48,684171394.48,8.470977160659436,23.42860002001401,0.0,0.0,-0.0767873445809571,8.470977160659436,-0.0744783201437818,1088.0502843274853,-10.227385588170623,3.046873992278688,0.0,0.0,0.0,0.002616769513870026,22.866606624637246,-0.0695968874215256,-53.21985086384439,0.33771929824561403,-0.1249999999999999,-1.5301098981517016,0.0,0.0,0.0,-0.2260412454508694,-0.22628309905197777,-1.5301098981517016,0.0,0.0,Diagnostics & Research,Healthcare,ACRS
2017Q2,2017,Q2,2017-08-08,2017-06-30,-14838000.0,0.0,-15295000.0,-0.56,0.0,0.0,176808000.0,168144000.0,175751000.0,8369000.0,8664000.0,0.0,-118309000.0,721252440.48,688544440.48,6.322426135522308,21.00023897717768,0.0,0.0,-0.09096369778285279,6.322426135522308,-0.08824578932343706,0.0,-12.15211687019814,4.289492580645161,0.0,0.0,0.0,0.0,20.37244593141355,-0.08392154201167368,-70.20855061617833,0.0,-0.16666666666666682,-3.1742402985439937,0.0,10.36555244464872,0.0,-0.1814634923162672,-0.182907965970611,-3.1742402985439937,0.0,10.36555244464872,Diagnostics & Research,Healthcare,ACRS
2017Q1,2017,Q1,2017-05-09,2017-03-31,-12559000.0,0.0,-12930000.0,-0.48,0.0,0.0,166210000.0,160289000.0,157349000.0,5637000.0,5921000.0,0.0,-103471000.0,777729634.92,754052634.92,6.1458606762383035,27.913606528295194,0.0,0.0,-0.08066679560044669,6.1458606762383035,-0.07835222629126141,0.0,-15.481519924357036,4.852046209783579,0.0,0.0,0.0,0.0,27.21624977825084,-0.0755610372420432,-60.5048727960168,0.0,0.02040816326530614,-0.9561552423211771,0.0,0.0,0.0,-0.09446623093681918,-0.11206674120581406,-0.9561552423211771,0.0,0.0,Diagnostics & Research,Healthcare,ACRS
2016Q4,2016,Q4,2017-03-15,2016-12-31,-11475000.0,0.0,-11627000.0,-0.49,0.0,0.0,176085000.0,169490000.0,138556000.0,6223000.0,6595000.0,0.0,-90912000.0,634824846.44,604653846.44,7.246027980467147,22.26514542825004,0.0,0.0,-0.0685999173992566,7.246027980467147,-0.06770310932798396,0.0,-13.830606676252724,3.7455003034987313,0.0,0.0,0.0,0.0,22.050779366864855,-0.0651673907487861,-78.04583801819524,0.0,0.020000000000000018,-1.012816705752688,0.0,4.720016153098468,0.0,-0.07303160650832242,-0.07537920828708843,-1.012816705752688,0.0,4.720016153098468,Diagnostics & Research,Healthcare,ACRS
2016Q3,2016,Q3,2016-11-03,2016-09-30,-10694000.0,0.0,-10812000.0,-0.5,0.0,0.0,86071000.0,81122000.0,85590000.0,4591000.0,4949000.0,0.0,-79437000.0,548460456.31,530664456.30999994,3.7879383939135605,18.642997168372904,0.0,0.0,-0.13328073765439707,3.7879383939135605,-0.13182613840881635,0.0,-12.821686373433701,6.760933609994823,0.0,0.0,0.0,0.0,18.305815726421258,-0.12424626180711273,-55.01659708195405,0.0,0.1935483870967742,-1.0025364962216594,0.0,0.0,0.0,0.16913992696760158,0.16760335668642698,-1.0025364962216594,0.0,0.0,Diagnostics & Research,Healthcare,ACRS
2016Q2,2016,Q2,2016-08-11,2016-06-30,-12871000.0,0.0,-12989000.0,-0.62,0.0,0.0,96092000.0,90240000.0,95638000.0,5507000.0,5852000.0,0.0,-68743000.0,381647235.35999995,349832235.35999995,4.367207844248643,17.3666242963501,0.0,0.0,-0.1439383865248227,4.367207844248643,-0.1426307624113475,0.0,-7.412928975215601,4.22924684574468,0.0,0.0,0.0,0.0,17.071000544761212,-0.13394455313657744,-38.9515447397428,0.0,0.04615384615384619,-3.660330910985904,0.0,6.85074095395323,0.0,0.012884423652120561,0.011416393941700282,-3.660330910985904,0.0,6.85074095395323,Diagnostics & Research,Healthcare,ACRS
2016Q1,2016,Q1,2016-05-11,2016-03-31,-13039000.0,0.0,-13139000.0,-0.65,0.0,0.0,87270000.0,83211000.0,86833000.0,3729000.0,4059000.0,0.0,-55872000.0,382250266.09999996,369119266.09999996,4.125172929474123,23.285867524805578,0.0,0.0,-0.1578997969018519,4.125172929474123,-0.15669803271202123,0.0,-7.328979716619372,4.593746813522251,0.0,0.0,0.0,0.0,22.860284258514348,-0.14940987739200184,-55.1269492500721,0.0,-1.3214285714285714,-1.6258805677585175,0.0,0.0,0.0,-1.7660161221892237,-1.7361516034985423,-1.6258805677585175,0.0,0.0,Diagnostics & Research,Healthcare,ACRS
2015Q4,2015,Q4,2016-03-23,2015-12-31,-4714000.0,0.0,-4802000.0,-0.28,0.0,0.0,94076000.0,92521000.0,86524000.0,1555000.0,1555000.0,0.0,-42833000.0,480401192.16,470550192.16,5.188404568258972,55.64244372990354,0.0,0.0,-0.05190173041795917,5.188404568258972,-0.05095059500005404,0.0,-25.47736487908358,5.192347598491153,0.0,0.0,0.0,0.0,54.57749196141479,-0.050108422977167395,-112.53248820801124,0.0,0.5326712843194524,-0.08462272654521172,0.0,3.663659159854491,0.0,0.5566632182827048,0.5486842105263158,-0.08462272654521172,0.0,3.663659159854491,Diagnostics & Research,Healthcare,ACRS
2015Q3,2015,Q3,2015-09-30,2015-09-30,-10633000.0,0.0,-10640000.0,-0.59915,0.0,0.0,42087000.0,-38118000.0,39360000.0,1897000.0,80205000.0,0.0,-38119000.0,213482533.0,188063533.0,-1.9640857456005545,20.748550342646283,0.0,0.0,0.2791332179023034,-1.9640857456005545,0.27894957762736766,0.0,-5.019339156399887,-5.600570150585026,0.0,0.0,0.0,0.0,20.245123879810226,-0.25264333404614253,-19.949774133258575,0.0,-2.5559551788808963,-1.1971623789156989,0.0,0.0,0.0,-3.099074787972244,-3.098613251155624,-1.1971623789156989,0.0,0.0,Diagnostics & Research,Healthcare,ACRS
2015Q2,2015,Q2,2015-06-30,2015-06-30,-2594000.0,0.0,-2596000.0,-0.168492,0.0,0.0,12223000.0,10796000.0,10444000.0,1424000.0,1427000.0,0.0,-27214000.0,213482533.0,203629533.0,0.5562797027520748,7.334269662921348,0.0,0.0,-0.2404594294183031,0.5562797027520748,-0.24027417562060022,0.0,-20.57464658828065,19.77422499073731,0.0,0.0,0.0,0.0,6.919241573033708,-0.2122228585453653,-70.52610934919062,0.0,0.452640606574472,0.0,0.0,0.0,0.0,0.01105604269919939,0.012552301255230125,0.0,0.0,0.0,Diagnostics & Research,Healthcare,ACRS
2015Q1,2015,Q1,2015-03-31,2015-03-31,-2623000.0,0.0,-2629000.0,-0.307827,0.0,0.0,,,,,,,,117208806.0,,,0.0,0.0,0.0,0.0,,0.0,0.0,-11.171254860846359,0.0,0.0,0.0,0.0,0.0,0.0,0.0,-40.71163806877388,0.0,-0.26298362942600423,0.0,0.0,0.0,0.0,-0.010011551790527531,-0.01037663335895465,0.0,0.0,0.0,Diagnostics & Research,Healthcare,ACRS
2014Q4,2014,Q4,2014-12-31,2014-12-31,-2597000.0,0.0,-2602000.0,-0.24373,0.0,0.0,17377000.0,-20755000.0,16334000.0,1451000.0,38132000.0,0.0,-20749000.0,117208806.0,106451806.0,-1.9478485259887384,11.257064093728463,0.0,0.0,0.12536738135389064,-1.9478485259887384,0.1251264755480607,0.0,-11.283096457450904,-5.647256371958564,0.0,0.0,0.0,0.0,11.116471399035149,-0.1494504229728952,-38.67001187726823,0.0,0.17186523145505456,0.0,0.0,0.0,0.0,0.02258185923974407,0.022539444027047332,0.0,0.0,0.0,Diagnostics & Research,Healthcare,ACRS
2014Q3,2014,Q3,2014-09-30,2014-09-30,-2657000.0,0.0,-2662000.0,-0.294312,0.0,0.0,,,,,,,,117208806.0,,,0.0,0.0,0.0,0.0,,0.0,0.0,-11.028303161460293,0.0,0.0,0.0,0.0,0.0,0.0,0.0,-73.16404868913858,0.0,0.0,0.0,0.0,0.0,0.0,0.0,0.0,0.0,0.0,0.0,Diagnostics & Research,Healthcare,ACRS
