Quarters,Year,Quarter,FillingDate,Date,NetIncome,Revenue,OperatingIncome,EPSDiluted,GrossProfit,GrossProfitRatio,TotalAssets,CommonStockEquity,CurrentAssets,CurrentLiability,TotalLiability,Inventory,RetainedEarnings,MarketCap,EnterpriseValue,bookValuePerShare,currentRatio,debtToAssets,debtToEquity,roic,shareholdersEquityPerShare,roe,priceToSalesRatio,peRatio,pbRatio,payoutRatio,inventoryTurnover,dividendYield,assetTurnover,quickRatio,returnOnAssets,priceToFreeCashFlowsRatio,grossProfitMargin,epsdilutedGrowth,fiveYNetIncomeGrowthPerShare,fiveYRevenueGrowthPerShare,fiveYShareholdersEquityGrowthPerShare,grossProfitGrowth,netIncomeGrowth,operatingIncomeGrowth,threeYNetIncomeGrowthPerShare,threeYRevenueGrowthPerShare,threeYShareholdersEquityGrowthPerShare,Industry,Sector,Symbol
2023Q1,2023,Q1,2023-05-02,2023-03-31,365000000.0,3966000000.0,620000000.0,0.81,1564000000.0,0.3943519919,78854000000.0,15648000000.0,7210000000.0,8366000000.0,61305000000.0,500000000.0,7456000000.0,27035970000.0,60846970000.0,40.85639686684073,0.8618216590963423,0.43938164202196467,2.214148773006135,0.011593060720691868,40.85639686684073,0.02332566462167689,6.816936459909228,18.517787671232877,1.727758819018405,0.9013698630136986,4.804,0.012168973408388897,0.0502954827909808,0.36492947645230694,0.0046288076698709005,-19.120205091937766,0.39435199193141707,0.20895522388059704,0.2527373031247367,0.316598982497159,0.1387812396195347,-0.003821656050955414,-0.22340425531914893,-0.18848167539267016,0.6241312102379287,0.34727533058199295,0.11084353701319648,Utilities—Regulated Electric,Utilities,EIX
2022Q4,2022,Q4,2023-02-23,2022-12-31,470000000.0,4016000000.0,764000000.0,0.67,1570000000.0,0.390936255,78041000000.0,15621000000.0,7070000000.0,10347000000.0,60519000000.0,474000000.0,7454000000.0,24366460000.0,56548460000.0,40.78590078328982,0.6832898424664153,0.4240847759511026,2.118686383714231,0.013183858020261683,40.78590078328982,0.030087702451827666,6.06734561752988,12.960882978723404,1.5598527623071505,0.19361702127659575,5.160337552742616,0.00373464179860349,0.05146012993170257,0.3141007055185078,0.006022475365512999,-47.31351456310679,0.39093625498007967,4.526315789473685,1.7768004258663082,0.06158960803074778,0.13925144849220134,-0.10997732426303855,7.351351351351352,190.0,1.5536153579136416,0.27098662868897866,0.103730307598612,Utilities—Regulated Electric,Utilities,EIX
2022Q3,2022,Q3,2022-11-01,2022-09-30,-74000000.0,5228000000.0,4000000.0,-0.19,1764000000.0,0.337413925,76709000000.0,15392000000.0,6441000000.0,10820000000.0,59416000000.0,439000000.0,7295000000.0,21613560000.0,53242560000.0,40.29319371727749,0.5952865064695009,0.41534891603332075,2.069971413721414,2.3247844881582467e-05,40.29319371727749,-0.004807692307692308,4.134192807957154,-73.01878378378377,1.4042073804573802,-6.594594594594595,7.890660592255125,0.02257841836328675,0.06815367166825274,0.350184842883549,-0.0009646847175689945,-37.45850953206239,0.33741392501912776,-1.3015873015873016,-1.1258004630691891,0.21503039843045998,0.05795595617207325,0.31347728965003724,-1.2534246575342465,-0.9920634920634921,-1.1339041738803946,0.2694452724934257,0.062442113973806064,Utilities—Regulated Electric,Utilities,EIX
2022Q2,2022,Q2,2022-07-28,2022-06-30,292000000.0,4008000000.0,504000000.0,0.63,1343000000.0,0.3350798403,75045000000.0,15774000000.0,5653000000.0,9262000000.0,57370000000.0,438000000.0,7716000000.0,24094440000.0,55026440000.0,41.40157480314961,0.610343338371842,0.41380505030315146,1.9686826423228097,0.010131963788804238,41.40157480314961,0.018511474578420187,6.011586826347306,20.628801369863012,1.5274781285659946,0.8972602739726028,6.084474885844749,0.010873877956906239,0.05340795522686388,0.2985316346361477,0.0038909987340928777,-22.838331753554503,0.3350798403193613,0.7500000000000001,-0.19143116819135464,0.15663316115839665,0.11122290349306534,-0.06994459833795014,1.1470588235294117,0.9459459459459459,-0.4079436752870346,0.2195651930421926,0.25904042778234804,Utilities—Regulated Electric,Utilities,EIX
2022Q1,2022,Q1,2022-05-03,2022-03-31,136000000.0,3968000000.0,259000000.0,0.36,1444000000.0,0.3639112903,74720000000.0,15731000000.0,5273000000.0,8342000000.0,57088000000.0,434000000.0,7716000000.0,26708099999.999996,56459100000.0,41.28871391076115,0.6321026132821865,0.4012580299785867,1.905918250588011,0.009143101583845594,41.28871391076115,0.008645349945966562,6.73087197580645,49.09577205882353,1.6978005212637466,2.264705882352941,5.815668202764977,0.011532082027549696,0.05310492505353319,0.2740350035962599,0.0018201284796573877,-64.3568674698795,0.3639112903225806,-0.7600000000000001,-0.7038996079688512,0.37847811654481067,0.11692977635948355,0.07201187824795843,-0.7618213660245184,-0.6093514328808446,-0.6221835906875277,0.20226331481935864,0.2787498323112423,Utilities—Regulated Electric,Utilities,EIX
2021Q4,2021,Q4,2022-02-24,2021-12-31,571000000.0,3331000000.0,663000000.0,1.5,1347000000.0,0.4043830681,74745000000.0,15888000000.0,5491000000.0,8609000000.0,56956000000.0,420000000.0,7894000000.0,25935000000.0,55078000000.0,41.810526315789474,0.6378208851202231,0.39511673021606797,1.8588242698892246,0.01850624857746899,41.810526315789474,0.03593907351460222,7.7859501651155805,11.35507880910683,1.6323640483383686,0.5341506129597198,4.723809523809524,0.011760169654906498,0.04456485383637702,0.2999186897432919,0.007639306977055321,-26.43730886850153,0.4043830681477034,2.6666666666666665,0.2993578109730559,-0.009137528286736278,0.13623137537073757,-0.32277526395173456,2.9225589225589226,6.1796875,1.3498984962406015,-0.050299977261198905,0.3032060023852538,Utilities—Regulated Electric,Utilities,EIX
2021Q3,2021,Q3,2021-11-02,2021-09-30,-297000000.0,5299000000.0,-128000000.0,-0.9,1989000000.0,0.37535384034723535,73023000000.0,14841000000.0,6028000000.0,8962000000.0,56281000000.0,412000000.0,7636000000.0,21078600000.0,49246600000.0,39.055263157894736,0.672617719259094,0.3929173000287581,1.9332929047907823,-0.002587673292633204,39.055263157894736,-0.02001212856276531,3.977844876391772,-17.742929292929293,1.4202951283606227,-0.9494949494949495,8.033980582524272,0.013378497623181804,0.07256617777960368,0.36353492523990183,-0.004067211700423155,-53.09471032745592,0.37535384034723535,-2.0714285714285716,-1.5662105263157895,0.20679166724882292,0.0777057549918472,0.5563380281690141,-1.8227146814404431,-1.218803418803419,-1.4683726780185757,0.0648826916201255,0.05258067042606516,Utilities—Regulated Electric,Utilities,EIX
2021Q2,2021,Q2,2021-07-29,2021-06-30,361000000.0,3315000000.0,585000000.0,0.84,1278000000.0,0.38552036199095024,71162000000.0,15412000000.0,4921000000.0,7815000000.0,53849000000.0,406000000.0,8229000000.0,21971600000.0,49061600000.0,40.55789473684211,0.6296865003198976,0.3818611056462719,1.7631715546327538,0.011282119663390721,40.55789473684211,0.02342330651440436,6.627933634992458,15.215789473684211,1.4256164028030105,0.6842105263157895,5.017241379310345,0.011241784849533034,0.046583850931677016,0.2893154190658989,0.005072932182906608,-8.195300261096605,0.38552036199095024,0.23529411764705868,0.008794788273615585,0.02409832647878235,0.14405760008743865,0.1586582048957389,0.24482758620689654,0.46616541353383456,0.012091503267973785,0.010273908572496862,0.12249543120897591,Utilities—Regulated Electric,Utilities,EIX
2021Q1,2021,Q1,2021-04-27,2021-03-31,290000000.0,2960000000.0,399000000.0,0.68,1103000000.0,0.37263513513513513,70505000000.0,15322000000.0,5328000000.0,9497000000.0,53282000000.0,416000000.0,8163000000.0,22209400000.0,46485400000.0,40.42744063324538,0.5610192692429188,0.34983334515282605,1.6097767915415742,0.011095308614700233,40.42744063324538,0.018927033024409345,7.503175675675676,19.14603448275862,1.4495105077666102,0.8517241379310345,4.4639423076923075,0.011121417057642259,0.04198283809658889,0.29040749710434877,0.004113183462165804,-17.2701399688958,0.37263513513513513,-0.5107913669064748,-0.17127604554738382,0.04347073835373498,0.15214141502211695,-0.16057838660578386,-0.4746376811594203,-0.49748110831234255,0.005830283428376844,-0.006993525123590683,0.1268250381701431,Utilities—Regulated Electric,Utilities,EIX
2020Q4,2020,Q4,2021-02-25,2020-12-31,552000000.0,3157000000.0,794000000.0,1.39,1314000000.0,0.4162179284130504,69372000000.0,14048000000.0,5061000000.0,10277000000.0,53423000000.0,405000000.0,8155000000.0,23745960000.0,47805960000.0,37.164021164021165,0.4924588887807726,0.34807991696938245,1.7188923690205011,0.018533542655758965,37.164021164021165,0.03929384965831435,7.521685144124168,10.754510869565218,1.6903445330296127,0.42934782608695654,4.550617283950618,0.009980645128687153,0.04550827423167849,0.24462391748564757,0.007957100847604221,-17.022193548387097,0.4162179284130504,2.8289473684210527,10.52126984126984,0.1630515607448541,0.06575219031235914,-0.16782773907536416,3.28099173553719,3.094986807387863,1.924395130220373,-0.15443984357027848,0.038083360420778034,Utilities—Regulated Electric,Utilities,EIX
2020Q3,2020,Q3,2020-10-27,2020-09-30,-242000000.0,4644000000.0,-379000000.0,-0.76,1579000000.0,0.3400086132644272,68556000000.0,13748000000.0,5855000000.0,8616000000.0,52907000000.0,387000000.0,7881000000.0,19217520000.0,41975520000.0,36.370370370370374,0.6795496750232126,0.33330416010268976,1.6620599359906896,-0.004704435304140783,36.370370370370374,-0.017602560372417805,4.138139534883721,-19.852809917355373,1.3978411405295315,-0.9793388429752066,7.919896640826873,0.012332496596855369,0.06774024155434973,0.36142061281337046,-0.0035299609078709377,-20.509626467449305,0.3400086132644272,-1.8941176470588235,-1.4648307231826163,0.06434835427660306,0.022132822477650242,0.3647363872082973,-1.6954022988505748,-1.758,-1.4157549695398302,0.09072517896047308,-0.045043432607865516,Utilities—Regulated Electric,Utilities,EIX
2020Q2,2020,Q2,2020-07-28,2020-06-30,348000000.0,2987000000.0,500000000.0,0.85,1157000000.0,0.38734516237027117,67051000000.0,14253000000.0,4796000000.0,5899000000.0,50605000000.0,382000000.0,8410000000.0,20366250000.0,41256250000.0,38.008,0.8130191557891168,0.3193688386452104,1.5024205430435698,0.013602966009471416,38.008,0.024415912439486424,6.818295949112822,14.63092672413793,1.4289097032203746,0.6551724137931034,4.790575916230367,0.011194991714233106,0.044548179743777123,0.37243600610272926,0.0051900791934497625,-21.758814102564102,0.38734516237027117,0.7,-0.25668796068796057,-0.10704997707473624,0.09409342163355408,0.17940876656472987,0.6338028169014085,0.6556291390728477,-0.020944983818770142,-0.1242163012928611,0.020138975794500285,Utilities—Regulated Electric,Utilities,EIX
2020Q1,2020,Q1,2020-04-30,2020-03-31,213000000.0,2790000000.0,302000000.0,0.5,981000000.0,0.35161290322580646,66026000000.0,13351000000.0,4911000000.0,6248000000.0,50482000000.0,363000000.0,8333000000.0,19888770000.0,39926770000.0,36.77961432506887,0.78601152368758,0.32373610395904645,1.6010036701370685,0.014082610714527315,36.77961432506887,0.015953861133997452,7.128591397849462,23.343626760563378,1.4896839188075799,1.0610328638497653,4.983471074380165,0.011363196416872435,0.04225608093781238,0.42765685019206146,0.003226001878048042,-20.869643231899264,0.35161290322580646,0.24999999999999994,-0.41501756514266935,-0.002539874717060616,0.08253469393034046,-0.2329945269741986,0.23121387283236994,0.05226480836236934,-0.5132588900805416,0.017304033581300716,-0.005049019170819688,Utilities—Regulated Electric,Utilities,EIX
2019Q4,2019,Q4,2020-02-27,2019-12-31,173000000.0,2970000000.0,287000000.0,0.4,1279000000.0,0.43063973063973066,64382000000.0,13303000000.0,3560000000.0,5523000000.0,48886000000.0,364000000.0,8382000000.0,27147600000.0,46052600000.0,36.952777777777776,0.6445772225239906,0.29469416917772046,1.4262196497030746,0.014074677344874807,36.952777777777776,0.013004585431857476,9.14060606060606,39.230635838150285,2.04071262121326,1.2485549132947977,4.645604395604396,0.007956504442381647,0.046130906153893945,0.26471120767698714,0.0026870864527352364,-31.204137931034484,0.43063973063973066,-0.7037037037037037,-0.6503100198412698,-0.13659711075441405,0.09914284266017832,0.07298657718120806,-0.6553784860557769,-0.5487421383647799,-0.5844532861774241,-0.06744105409153948,0.004218535808232274,Utilities—Regulated Electric,Utilities,EIX
2019Q3,2019,Q3,2019-10-29,2019-09-30,502000000.0,3741000000.0,636000000.0,1.35,1192000000.0,0.3186313819834269,64212000000.0,13160000000.0,4662000000.0,6003000000.0,48859000000.0,348000000.0,8469000000.0,26170740000.0,44259740000.0,37.92507204610951,0.7766116941529235,0.2902261259577649,1.4161094224924011,0.020464894468032735,37.92507204610951,0.03814589665653496,6.995653568564555,13.033237051792828,1.988658054711246,0.3884462151394422,7.324712643678161,0.007451069400406713,0.058260138291908056,0.4017991004497751,0.00781785336074254,-9.77614493836384,0.3186313819834269,0.1250000000000001,-0.07161496743742769,-0.19315899365676675,0.1515996168993761,0.10166358595194085,0.1895734597156398,0.272,0.048043547870637235,-0.06700307310031209,0.046518832489563254,Utilities—Regulated Electric,Utilities,EIX
2019Q2,2019,Q2,2019-07-25,2019-06-30,422000000.0,2812000000.0,500000000.0,1.2,1082000000.0,0.38477951635846375,59521000000.0,10720000000.0,3936000000.0,5665000000.0,46608000000.0,331000000.0,8222000000.0,21861560000.0,39287560000.0,32.88343558282209,0.6947925860547219,0.29708842257354545,1.6495335820895523,0.021045534157600132,32.88343558282209,0.03936567164179104,7.774381223328592,12.951161137440758,2.0393246268656715,0.471563981042654,5.2265861027190335,0.009102735577881908,0.04724382990877169,0.30732568402471316,0.00708993464491524,-28.2814489003881,0.38477951635846375,0.4117647058823529,-0.25441696113074197,-0.0676392572944296,0.032655813505442645,0.15474919957310565,0.37012987012987014,0.42045454545454547,0.37459283387622155,0.01260352898811673,-0.07242363935277307,Utilities—Regulated Electric,Utilities,EIX
2019Q1,2019,Q1,2019-04-30,2019-03-31,308000000.0,2824000000.0,352000000.0,0.85,937000000.0,0.33179886685552407,58793000000.0,10526000000.0,3999000000.0,5375000000.0,46074000000.0,312000000.0,8034000000.0,20440200000.0,36963200000.0,32.28834355828221,0.744,0.286615753576106,1.6008930267908037,0.019538779835494773,32.28834355828221,0.02926087782633479,7.238031161473088,16.59107142857143,1.9418772563176896,0.6493506493506493,6.048076923076923,0.00978464007201495,0.04803292909019781,0.31534883720930235,0.00523871889510656,-23.65763888888889,0.33179886685552407,1.193621867881549,0.5247524752475248,-0.03485987696514017,0.05481511173464276,-0.23070607553366174,1.22,1.1724644781969622,0.023255813953488358,0.15737704918032777,-0.07981466911443302,Utilities—Regulated Electric,Utilities,EIX
2018Q4,2018,Q4,2019-02-28,2018-12-31,-1400000000.0,3009000000.0,-2041000000.0,-4.39,1218000000.0,0.4047856430707876,56715000000.0,10459000000.0,3359000000.0,5395000000.0,44063000000.0,282000000.0,7964000000.0,18507020000.0,33794020000.0,32.08282208588957,0.622613531047266,0.27207969672926036,1.4753800554546324,-0.05101411414300714,32.08282208588957,-0.13385600917869778,6.150555001661681,-3.304825,1.7694827421359598,-0.15571428571428572,6.351063829787234,0.011779314011656118,0.05305474742131711,0.28674698795180725,-0.024684827647006965,-50.42784741144414,0.4047856430707876,-3.7961783439490446,-5.294478527607362,0.02242609582059125,0.052425035218353656,-0.05508145849495733,-3.573529411764706,-3.7618403247631935,-26.999999999999996,0.2853481418197351,-0.07996129486277286,Utilities—Regulated Electric,Utilities,EIX
2018Q3,2018,Q3,2018-10-30,2018-09-30,544000000.0,4269000000.0,739000000.0,1.57,1289000000.0,0.30194424923869756,53563000000.0,12096000000.0,3383000000.0,4719000000.0,39274000000.0,261000000.0,9597000000.0,22021300000.0,36761300000.0,37.104294478527606,0.7168891714346259,0.2765155051061367,1.2244543650793651,0.023829257951468376,37.104294478527606,0.04497354497354497,5.158421175919419,10.120082720588236,1.8205439814814814,0.15808823529411764,11.417624521072797,0.0039053098590909707,0.07970053955155611,0.3786819241364696,0.01015626458562814,-161.92132352941175,0.30194424923869756,0.8690476190476192,0.17494600431965435,0.07803030303030307,0.24842605015997518,0.3099593495934959,0.7777777777777778,0.7595238095238095,0.21158129175946538,0.13446718044113734,0.042758620689655226,Utilities—Regulated Electric,Utilities,EIX
2018Q2,2018,Q2,2018-07-26,2018-06-30,306000000.0,2815000000.0,420000000.0,0.84,984000000.0,0.3495559502664298,52820000000.0,11779000000.0,3257000000.0,4922000000.0,38848000000.0,252000000.0,9286000000.0,20626020000.0,35151020000.0,36.1319018404908,0.6617228768793173,0.2768648239303294,1.2415315391798964,0.016402665787035052,36.1319018404908,0.02597843620001698,7.327182948490231,16.851323529411765,1.751084132778674,0.9379084967320261,7.265873015873016,0.013914463381689729,0.05329420673987126,0.3354327509142625,0.005793260128739114,-37.433793103448274,0.3495559502664298,0.253731343283582,5.371428571428571,-0.07583716349310568,0.25911277391769116,0.021806853582554516,0.23387096774193547,0.2727272727272727,-0.24815724815724807,-0.03198074277854185,0.04008830022075048,Utilities—Regulated Electric,Utilities,EIX
2018Q1,2018,Q1,2018-05-01,2018-03-31,248000000.0,2564000000.0,330000000.0,0.67,963000000.0,0.375585023400936,51943000000.0,11696000000.0,2992000000.0,4647000000.0,38054000000.0,247000000.0,9211000000.0,20753160000.0,34564160000.0,35.877300613496935,0.6438562513449537,0.26790905415551663,1.1898084815321477,0.014777581302603269,35.877300613496935,0.021203830369357045,8.09405616224649,20.920524193548385,1.7743809849521202,0.7943548387096774,6.481781376518219,0.009492530294181706,0.049361800435092314,0.2961050139875188,0.004774464316654794,-74.651654676259,0.375585023400936,1.401197604790419,-0.16778523489932884,-0.025835866261398138,0.22407116692830983,-0.2580893682588598,1.4815533980582525,21.625,-0.24159021406727824,0.020700636942675155,0.055976886962802466,Utilities—Regulated Electric,Utilities,EIX
2017Q4,2017,Q4,2018-02-22,2017-12-31,-515000000.0,3220000000.0,-16000000.0,-1.67,1298000000.0,0.4031055900621118,52580000000.0,11671000000.0,3729000000.0,7068000000.0,38714000000.0,242000000.0,9188000000.0,20616240000.0,34041240000.0,35.80061349693251,0.5275891341256367,0.27607455306200074,1.24376660097678,-0.001919227995929727,35.80061349693251,-0.044126467312141204,6.40255900621118,-10.00788349514563,1.7664501756490447,-0.34368932038834954,7.9421487603305785,0.008585464662809513,0.06124001521491061,0.3174872665534805,-0.009794598706732598,-76.07468634686347,0.4031055900621118,-2.1678321678321675,-0.14699331848552333,0.5615906886517944,0.2373833757421542,0.10374149659863946,-2.0258964143426295,-1.0285204991087344,-2.149553571428571,0.033707865168539485,0.06487226277372252,Utilities—Regulated Electric,Utilities,EIX
2017Q3,2017,Q3,2017-10-30,2017-09-30,502000000.0,3672000000.0,561000000.0,1.43,1176000000.0,0.3202614379084967,53592000000.0,12416000000.0,2758000000.0,5409000000.0,38982000000.0,229000000.0,9944000000.0,25157420000.0,38169420000.0,38.08588957055215,0.5098909225365132,0.24498059411852516,1.0574259020618557,0.025468943694134535,38.08588957055215,0.04043170103092784,6.851149237472767,12.52859561752988,2.0262097293814434,0.350597609561753,10.899563318777293,0.006995947915167771,0.06851768920734438,0.2909964873359216,0.009367069711897298,72.7093063583815,0.3202614379084967,0.6823529411764706,1.642105263157895,-0.09778869778869768,0.2387508729921182,0.08587257617728532,0.6245954692556634,0.19616204690831557,-0.011811023622047317,-0.1570247933884297,0.15648286140089426,Utilities—Regulated Electric,Utilities,EIX
2017Q2,2017,Q2,2017-07-27,2017-06-30,309000000.0,2965000000.0,469000000.0,0.85,1083000000.0,0.36526138279932546,52753000000.0,12146000000.0,2546000000.0,4602000000.0,37953000000.0,235000000.0,9679000000.0,25489940000.0,38200940000.0,37.25766871165644,0.5532377227292482,0.2428108354027259,1.054585871891981,0.017335203366058906,37.25766871165644,0.025440474230199243,8.596944350758854,20.622928802588998,2.098628355013996,0.5728155339805825,8.008510638297873,0.006943915913493716,0.05620533429378424,0.2890047805302043,0.005857486778003147,-99.570078125,0.36526138279932546,-0.22727272727272735,3.1756756756756754,-0.030094864245992912,0.22131724484665666,0.0,-0.21374045801526717,-0.020876826722338204,-0.4540636042402827,-0.01690981432360745,0.17002215586167033,Utilities—Regulated Electric,Utilities,EIX
2017Q1,2017,Q1,2017-05-01,2017-03-31,393000000.0,2463000000.0,479000000.0,1.1,1083000000.0,0.4397076735688185,51740000000.0,12051000000.0,2046000000.0,4416000000.0,37498000000.0,237000000.0,9590000000.0,25952860000.0,38740860000.0,36.966257668711656,0.4633152173913043,0.2500579822187862,1.0736038503028795,0.02134666525998712,36.966257668711656,0.03261140154344038,10.537092976045473,16.509452926208652,2.1535855945564686,0.45038167938931295,5.822784810126582,0.0068200575967350035,0.04760340162350213,0.25,0.007595670660997294,-432.54766666666666,0.4397076735688185,0.04761904761904766,3.2258064516129026,-0.13760504201680662,0.2063063063063063,-0.06233766233766234,0.042440318302387266,-0.15520282186948853,0.9455445544554455,-0.1582365003417635,0.20763603567491737,Utilities—Regulated Electric,Utilities,EIX
2016Q4,2016,Q4,2017-02-21,2016-12-31,377000000.0,2884000000.0,567000000.0,1.05,1155000000.0,0.40048543689320387,51319000000.0,11996000000.0,2123000000.0,5912000000.0,37132000000.0,239000000.0,9544000000.0,23468740000.0,35835740000.0,36.79754601226994,0.3591001353179973,0.2428535240359321,1.0389296432144048,0.019715235834295273,36.79754601226994,0.031427142380793596,8.13756588072122,15.562824933687002,1.9563804601533843,0.41644562334217505,7.2343096234309625,0.006689749854487288,0.056197509694265284,0.19959404600811909,0.0073462070578148445,-114.48165853658537,0.40048543689320387,-0.17322834645669288,1.4493444576877235,-0.04313205043132059,0.1930382894082546,-0.11697247706422019,-0.1622222222222222,-0.1841726618705036,0.15644171779141103,-0.02004757050628611,0.20708392030589656,Utilities—Regulated Electric,Utilities,EIX
2016Q3,2016,Q3,2016-11-01,2016-09-30,450000000.0,3767000000.0,695000000.0,1.27,1308000000.0,0.3472259092115742,51557000000.0,11814000000.0,2605000000.0,5342000000.0,37552000000.0,310000000.0,9362000000.0,23553500000.0,35514500000.0,36.239263803680984,0.4876450767502808,0.23362491999146576,1.0195530726256983,0.02290565948267731,36.239263803680984,0.03809040121889284,6.252588266525087,13.085277777777778,1.993693922464872,0.3466666666666667,7.932258064516129,0.006623219479058314,0.07306476327171868,0.30943466866342195,0.0087282037356712,186.93253968253967,0.3472259092115742,0.511904761904762,0.0563380281690141,-0.05375533785481037,0.07253744893327292,0.3185483870967742,0.46579804560260585,0.8241469816272966,-0.02807775377969762,-0.04873737373737373,0.21932087934771397,Utilities—Regulated Electric,Utilities,EIX
2016Q2,2016,Q2,2016-07-28,2016-06-30,307000000.0,2777000000.0,381000000.0,0.84,992000000.0,0.3572200216060497,51197000000.0,11557000000.0,2659000000.0,5149000000.0,37449000000.0,308000000.0,9111000000.0,25320420000.0,37550420000.0,35.45092024539877,0.5164109535832201,0.24104928023126354,1.0678376741368867,0.01883584384212052,35.45092024539877,0.026563987193908453,9.11790421317969,20.619234527687297,2.190916327766722,0.511400651465798,5.795454545454546,0.006200529059154627,0.054241459460515264,0.30957467469411537,0.0059964451042053245,-84.12099667774086,0.3572200216060497,0.024390243902439046,0.7443181818181819,-0.06905799530673822,0.07747529367891094,-0.024582104228121928,0.019933554817275746,-0.14955357142857142,5.385714285714285,-0.08831254103742607,0.23538214858364503,Utilities—Regulated Electric,Utilities,EIX
2016Q1,2016,Q1,2016-05-02,2016-03-31,301000000.0,2440000000.0,448000000.0,0.82,1017000000.0,0.41680327868852457,50459000000.0,11439000000.0,2427000000.0,4233000000.0,36828000000.0,268000000.0,9002000000.0,23436140000.0,35200140000.0,35.08895705521472,0.5733522324592487,0.235854852454468,1.040388145816942,0.017004150680243225,35.08895705521472,0.026313488941341025,9.604975409836065,19.465232558139537,2.048792726636944,0.5182724252491694,5.309701492537314,0.006656386247906012,0.04835609108385026,0.3066383179777935,0.005965239105015953,-239.1442857142857,0.41680327868852457,6.3792,0.505,-0.12293314162473029,0.07146871487448478,0.14013452914798205,7.02,0.3254437869822485,0.010067114093959674,-0.07294832826747712,0.19717425431711133,Utilities—Regulated Electric,Utilities,EIX
2015Q4,2015,Q4,2016-02-23,2015-12-31,-50000000.0,2341000000.0,338000000.0,-0.1524390243902439,892000000.0,0.3810337462622811,50310000000.0,11368000000.0,2654000000.0,4927000000.0,36922000000.0,267000000.0,8940000000.0,19302460000.0,31095460000.0,34.87116564417178,0.5386645017251878,0.2376068376068376,1.0515482054890921,-0.002791636968401046,34.87116564417178,-0.004398311048557354,8.245390858607433,-96.5123,1.6979644616467275,-2.72,5.426966292134831,0.0070457340670567374,0.04653150467103955,0.30383600568297137,-0.0009938382031405286,32.99565811965812,0.3810337462622811,-1.1190929878048779,-1.3012048192771084,-0.2372108178559791,0.07417556458471132,-0.25542570951585974,-1.111358574610245,-0.4440789473684211,0.888641425389755,0.13530552861299705,0.20525869380831216,Utilities—Regulated Electric,Utilities,EIX
2015Q3,2015,Q3,2015-10-27,2015-09-30,449000000.0,3763000000.0,608000000.0,1.28,1198000000.0,0.31836300823810787,51270000000.0,11600000000.0,3792000000.0,5239000000.0,37650000000.0,270000000.0,9180000000.0,20560820000.0,32832820000.0,35.58282208588957,0.7238022523382325,0.24197386385800662,1.0694827586206896,0.021062496182935788,35.58282208588957,0.038706896551724136,5.463943661971831,11.448118040089087,1.7724844827586208,0.3028953229398664,9.5,0.006614522183453772,0.07339574800078018,0.4523764077113953,0.008757558026136142,160.63140625,0.31836300823810787,0.11304347826086968,-0.11960784313725492,-0.006599788806758127,0.0051122086474308,0.10211591536338546,0.10319410319410319,0.16030534351145037,1.3631578947368423,-0.07542997542997537,0.15733812231866703,Utilities—Regulated Electric,Utilities,EIX
2015Q2,2015,Q2,2015-07-30,2015-06-30,407000000.0,2908000000.0,524000000.0,1.15,1087000000.0,0.37379642365887206,51239000000.0,11325000000.0,3906000000.0,4836000000.0,37892000000.0,276000000.0,8909000000.0,18119080000.0,30864080000.0,34.739263803680984,0.8076923076923077,0.2514490915123246,1.1376600441501104,0.02132962666937234,34.739263803680984,0.035938189845474616,6.230770288858322,11.12965601965602,1.5999187637969092,0.33415233415233414,6.5978260869565215,0.007505899858050188,0.05675364468471281,0.3639371381306865,0.00794316828977927,-144.95264,0.37379642365887206,0.2637362637362636,0.18313953488372095,0.06092666909886891,0.021282351880241687,-0.0027522935779816515,0.24464831804281345,-0.026022304832713755,4.5,-0.04874059535492329,0.1387631975867271,Utilities—Regulated Electric,Utilities,EIX
2015Q1,2015,Q1,2015-04-28,2015-03-31,327000000.0,2512000000.0,538000000.0,0.91,1090000000.0,0.4339171974522293,50578000000.0,11076000000.0,3780000000.0,4571000000.0,37480000000.0,290000000.0,8675000000.0,20365220000.0,32823220000.0,33.97546012269939,0.8269525267993875,0.24858634188777728,1.135157096424702,0.01706203222123557,33.97546012269939,0.02952329360780065,8.10717356687898,15.56974006116208,1.8386800288912963,0.41590214067278286,4.903448275862069,0.006678052090770441,0.049665862628020085,0.32881207613213737,0.006465261576179366,-66.9908552631579,0.4339171974522293,-0.28346456692913385,0.38559322033898297,-0.1060498220640569,0.009110787172011794,-0.23022598870056496,-0.2700892857142857,-0.22366522366522368,2.516129032258064,-0.1204481792717086,0.10870870870870879,Utilities—Regulated Electric,Utilities,EIX
2014Q4,2014,Q4,2015-02-24,2014-12-31,448000000.0,3115000000.0,693000000.0,1.27,1416000000.0,0.45457463884430177,50186000000.0,10960000000.0,4019000000.0,5479000000.0,37204000000.0,281000000.0,8573000000.0,21346480000.0,33243480000.0,33.61963190184049,0.733528016061325,0.23968835930339139,1.0975364963503649,0.021661610381571484,33.61963190184049,0.040875912408759124,6.852802568218299,11.912098214285715,1.9476715328467153,0.25892857142857145,6.0462633451957295,0.0054341512043203375,0.062069102937074086,0.2836283993429458,0.008926792332523014,124.833216374269,0.45457463884430177,-0.13013698630136983,1.1132075471698113,0.030433344359907296,0.11370795650848498,0.09343629343629344,-0.11811023622047244,-0.20709382151029748,1.533969010727056,0.03351028533510273,0.09000497265042266,Utilities—Regulated Electric,Utilities,EIX
2014Q3,2014,Q3,2014-10-28,2014-09-30,508000000.0,4356000000.0,874000000.0,1.46,1295000000.0,0.2972910927456382,49475000000.0,10736000000.0,4498000000.0,5849000000.0,36717000000.0,275000000.0,8314000000.0,18229920000.0,30273920000.0,32.93251533742331,0.7690203453581809,0.24630621526023244,1.135059612518629,0.026854512685845315,32.93251533742331,0.04731743666169896,4.185013774104683,8.971417322834645,1.6980178837555888,0.2283464566929134,11.13090909090909,0.006363165609064659,0.088044466902476,0.4031458368951958,0.010267812026275898,42.99509433962264,0.2972910927456382,-0.10429447852760733,0.26054590570719616,0.1888646288209606,0.0005591798695246534,0.30940343781597573,-0.10247349823321555,0.52,0.1924882629107982,0.09419743782969109,-0.025329096686336833,Utilities—Regulated Electric,Utilities,EIX
2014Q2,2014,Q2,2014-07-31,2014-06-30,566000000.0,3016000000.0,575000000.0,1.63,989000000.0,0.32791777188328913,48864000000.0,10381000000.0,4551000000.0,5773000000.0,36461000000.0,277000000.0,7960000000.0,18943860000.0,30832860000.0,31.84355828220859,0.7883249610254633,0.24719629993451211,1.1635680570272613,0.020986283674553522,31.84355828220859,0.05452268567575378,6.281120689655173,8.367429328621908,1.824858876794143,0.20318021201413428,7.317689530685921,0.0060705685113804685,0.061722331368696794,0.3627230209596397,0.01158316961362148,-23.358643649815043,0.32791777188328913,2.018518518518518,36.375,0.06422018348623841,-0.011050776412308297,0.01748971193415638,1.801980198019802,0.7371601208459214,2.215909090909091,0.011062688568555057,-0.032164833115793365,Utilities—Regulated Electric,Utilities,EIX
2014Q1,2014,Q1,2014-04-29,2014-03-31,202000000.0,2926000000.0,331000000.0,0.54,972000000.0,0.3321941216678059,47388000000.0,9979000000.0,3520000000.0,4557000000.0,35386000000.0,268000000.0,7573000000.0,18454860000.0,29342860000.0,30.61042944785276,0.772438007461049,0.23290706507976702,1.1060226475598758,0.017209652111747614,30.61042944785276,0.02024250926946588,6.307197539302803,22.840173267326733,1.8493696763202727,0.5742574257425742,7.291044776119403,0.006285607151720468,0.061745589600742806,0.3181917928461707,0.004262682535663037,-41.753076923076925,0.3321941216678059,-0.45999999999999996,-0.19200000000000006,0.04054054054054046,-0.06519906323185022,0.08361204013377926,-0.3803680981595092,-0.341948310139165,0.009999999999999941,0.0517613227893603,-0.06528662420382166,Utilities—Regulated Electric,Utilities,EIX
2013Q4,2013,Q4,2014-02-25,2013-12-31,326000000.0,2943000000.0,503000000.0,1.0,897000000.0,0.30479102956167176,46646000000.0,9938000000.0,3312000000.0,4881000000.0,34955000000.0,256000000.0,7548000000.0,15093800000.0,25582800000.0,30.484662576687118,0.6785494775660725,0.22799382583715647,1.0701348359830951,0.019737183328911598,30.484662576687118,0.032803380961964175,5.128712198436969,11.575,1.5187965385389413,0.3374233128834356,7.9921875,0.007287760537439214,0.06309222655747546,0.32370415898381477,0.006988809329846074,134.76607142857142,0.30479102956167176,-0.25373134328358216,0.8314606741573035,-0.16770361990950225,-0.04662317728319255,-0.24047417442845045,-0.2958963282937365,-0.36248415716096327,0.9638554216867472,-0.04105571847507331,-0.06094680147406222,Utilities—Regulated Electric,Utilities,EIX
2013Q3,2013,Q3,2013-10-29,2013-09-30,463000000.0,3960000000.0,789000000.0,1.34,1181000000.0,0.29823232323232324,46698000000.0,9689000000.0,3603000000.0,5389000000.0,35256000000.0,272000000.0,7371000000.0,15015560000.0,25566560000.0,29.720858895705522,0.6685841529040638,0.23900381172641227,1.1519248632469812,0.027769567804403095,29.720858895705522,0.04778614924140778,3.7918080808080807,8.107753779697624,1.5497533285168748,0.23758099352051837,10.216911764705882,0.007325734105154919,0.08480020557625595,0.4791241417702728,0.009914771510557197,231.00861538461538,0.29823232323232324,7.240571428571429,0.02433628318584073,-0.03673072245195825,-0.048979191205339646,0.2809110629067245,7.614285714285714,12.112676056338028,-0.09215686274509807,0.045406546990496274,-0.16047136296681397,Utilities—Regulated Electric,Utilities,EIX
2013Q2,2013,Q2,2013-08-01,2013-06-30,-70000000.0,3046000000.0,-71000000.0,-0.2147239263803681,922000000.0,0.3026920551543007,45027000000.0,9355000000.0,3022000000.0,4888000000.0,33919000000.0,267000000.0,7049000000.0,15348080000.0,25683080000.0,28.696319018404907,0.6182487725040916,0.232815866035934,1.1205772314270444,-0.0015949845925912938,28.696319018404907,-0.0074826296098343134,5.03876559422193,-54.814571428571426,1.640628540887226,-1.5714285714285714,7.955056179775281,0.007167020239665157,0.06764829990894353,0.3486088379705401,-0.0015546227818864237,-153.4808,0.3026920551543007,-1.2618584468053269,-1.2681992337164751,-0.0993494973388527,-0.0020268828675059558,0.017660044150110375,-1.2348993288590604,-1.1443089430894309,-1.2034883720930234,0.11127325793506015,-0.15637117864550465,Utilities—Regulated Electric,Utilities,EIX
2013Q1,2013,Q1,2013-04-30,2013-03-31,298000000.0,2632000000.0,492000000.0,0.82,906000000.0,0.34422492401215804,45155000000.0,9555000000.0,2670000000.0,4279000000.0,33846000000.0,351000000.0,7262000000.0,16456479999.999998,26390480000.0,29.309815950920246,0.6239775648516008,0.2225445687077843,1.051700680272109,0.01869197612732096,29.309815950920246,0.031187859759288332,6.252462006079027,13.805771812080534,1.7222899005756147,0.3691275167785235,4.917378917378917,0.0066842970064072025,0.058288118702247815,0.3073147931759757,0.006599490643339608,-34.791712473572936,0.34422492401215804,1.595367483296214,-0.003344481605351151,-0.14628608498216025,0.017680264138885904,1.401952085181899,1.6636971046770601,-0.5035317860746721,0.2627118644067797,-0.06334519572953737,-0.12946428571428564,Utilities—Regulated Electric,Utilities,EIX
2012Q4,2012,Q4,2013-02-26,2012-12-31,-449000000.0,2062000000.0,991000000.0,-1.3773006134969326,-2254000000.0,-1.093113482056256,44394000000.0,9432000000.0,2672000000.0,3744000000.0,33203000000.0,340000000.0,7146000000.0,14731940000.0,23967940000.0,28.932515337423315,0.7136752136752137,0.2118754786682885,0.9972434266327396,0.05017095075753107,28.932515337423315,-0.0476039016115352,7.144490785645005,-8.202639198218263,1.5619105173876164,-0.23608017817371937,12.694117647058823,0.007195250591571783,0.04644771816011173,0.3958333333333333,-0.01011397936658107,37.014924623115576,-1.093113482056256,-3.3746562301671252,-3.1279620853080563,-0.35783245094985977,0.007799978630195542,-2.030164533820841,-3.363157894736842,0.5581761006289309,-3.1179245283018866,-0.3178961296725107,-0.04156081699014321,Utilities—Regulated Electric,Utilities,EIX
2012Q3,2012,Q3,2012-11-01,2012-09-30,190000000.0,4070000000.0,636000000.0,0.58,2188000000.0,0.5375921375921376,50545000000.0,10023000000.0,4494000000.0,4274000000.0,38525000000.0,508000000.0,7806000000.0,14982960000.0,28604960000.0,30.745398773006134,1.0514740290126345,0.29086952220793355,1.4668262995111243,0.015962251432423323,30.745398773006134,0.018956400279357476,3.681316953316953,19.71442105263158,1.494857826997905,0.5578947368421052,3.704724409448819,0.007074703529876607,0.08052230685527748,0.7098736546560599,0.0037590266099515285,-182.7190243902439,0.5375921375921376,1.6363636363636362,-0.5878524945770065,0.03247082699137489,0.07727858985382624,0.11689637570188872,1.5675675675675675,1.338235294117647,-0.5285359801488834,0.1108078602620086,-0.06589002795899351,Utilities—Regulated Electric,Utilities,EIX
2012Q2,2012,Q2,2012-07-31,2012-06-30,74000000.0,3057000000.0,272000000.0,0.22,1959000000.0,0.6408243375858685,49388000000.0,9945000000.0,4438000000.0,4223000000.0,37443000000.0,567000000.0,7730000000.0,15061200000.0,28436200000.0,30.506134969325153,1.0509116741652853,0.29460597716044384,1.4630467571644041,0.010997534818722818,30.506134969325153,0.007440925087983911,4.9267909715407265,50.88243243243244,1.5144494720965311,1.4324324324324325,1.9365079365079365,0.007037951823227897,0.06189762695391593,0.6547478096140185,0.001498339677654491,-28.310526315789474,0.6408243375858685,-0.21428571428571436,-0.18681318681318684,0.003281916639317485,0.11117318435754188,0.0005107252298263534,-0.20430107526881722,-0.10526315789473684,5.625,0.07868736767819334,-0.05258645327236361,Utilities—Regulated Electric,Utilities,EIX
2012Q1,2012,Q1,2012-05-02,2012-03-31,93000000.0,2856000000.0,304000000.0,0.28,1958000000.0,0.6855742296918768,49384000000.0,9990000000.0,4715000000.0,3675000000.0,37777000000.0,579000000.0,7783000000.0,13858260000.0,26910260000.0,30.644171779141104,1.2829931972789115,0.29432609752146444,1.454954954954955,0.012395514780835882,30.644171779141104,0.009309309309309309,4.852331932773109,37.25338709677419,1.3872132132132131,1.1397849462365592,1.5509499136442142,0.007648867895392352,0.05783249635509477,0.7466666666666667,0.001883201036773044,-23.135659432387314,0.6855742296918768,1.1087961859356377,-0.7207207207207207,-0.01923076923076932,0.12058328659562527,-0.08802980903586399,1.1108462455303934,1.2304776345716453,-0.628,0.015647226173541768,-0.064168618266979,Utilities—Regulated Electric,Utilities,EIX
2011Q4,2011,Q4,2012-02-29,2011-12-31,-839000000.0,3014000000.0,-1319000000.0,-2.5736196319018405,2147000000.0,0.712342402123424,48039000000.0,10055000000.0,4484000000.0,4348000000.0,36953000000.0,624000000.0,7834000000.0,13496400000.0,26202400000.0,30.84355828220859,1.031278748850046,0.29507275338787237,1.4097463948284437,-0.030287507492762225,30.84355828220859,-0.0834410740924913,4.4779031187790315,-4.021573301549464,1.3422575832918944,-0.12395709177592372,1.3894230769230769,0.007705758572656412,0.06274068985615854,0.6660533578656854,-0.01746497637336331,-57.43148936170213,0.712342402123424,-2.979707409155262,-3.913194444444444,-0.017280730355396123,0.16593228200371063,-0.09217758985200845,-2.9694835680751175,-2.628395061728395,-5.713483146067416,-0.1476244343891402,-0.035399079048349866,Utilities—Regulated Electric,Utilities,EIX
2011Q3,2011,Q3,2011-11-02,2011-09-30,426000000.0,3981000000.0,810000000.0,1.3,2365000000.0,0.5940718412459182,47672000000.0,11015000000.0,4751000000.0,4161000000.0,35626000000.0,592000000.0,8793000000.0,12469500000.0,24706500000.0,33.78834355828221,1.1417928382600337,0.28572327571740225,1.2365864729913754,0.021229155062869105,33.78834355828221,0.038674534725374486,3.1322532027128864,7.317781690140845,1.132047208352247,0.24413145539906103,2.72972972972973,0.00834035045511047,0.08350813894948816,0.7957221821677481,0.008936063097835208,33.97683923705722,0.5940718412459182,1.4074074074074074,-0.06986899563318784,0.047080483955812706,0.303087661185378,0.1381135707410972,1.4204545454545454,1.131578947368421,-0.057522123893805295,-0.03162247628314285,0.08117393011385934,Utilities—Regulated Electric,Utilities,EIX
2011Q2,2011,Q2,2011-08-04,2011-06-30,176000000.0,2983000000.0,380000000.0,0.54,2078000000.0,0.6966141468320483,47075000000.0,10726000000.0,4337000000.0,3882000000.0,35318000000.0,589000000.0,8476000000.0,12632500000.0,25084500000.0,32.90184049079755,1.1172076249356002,0.28458842272968665,1.249021070296476,0.011907478111685486,32.90184049079755,0.016408726459071415,4.234830707341603,17.943892045454547,1.1777456647398843,0.5965909090909091,1.5365025466893039,0.008311893924401344,0.06336696760488582,0.6651210716125708,0.0037387148167817314,-20.407915993537966,0.6966141468320483,-0.11475409836065566,-0.005649717514124262,-0.005998000666444436,0.34091761470183773,0.030753968253968252,-0.12,-0.15555555555555556,-0.3256704980842912,-0.1179775280898875,0.14422871772989115,Utilities—Regulated Electric,Utilities,EIX
2011Q1,2011,Q1,2011-05-02,2011-03-31,200000000.0,2782000000.0,450000000.0,0.61,2016000000.0,0.7246585190510424,46161000000.0,10676000000.0,4336000000.0,3693000000.0,34452000000.0,586000000.0,8413000000.0,11928340000.000002,23539340000.0,32.74846625766871,1.17411318711075,0.279651653993631,1.2091607343574373,0.01466641820265459,32.74846625766871,0.018733608092918696,4.287685118619699,14.910425000000002,1.117304233795429,0.52,1.3071672354948805,0.008718732028094436,0.060267325231255824,0.6742485783915516,0.004332661770758865,-28.742987951807233,0.7246585190510424,0.19795180722891575,-0.22480620155038758,0.011268629589240239,0.36609085092770316,-0.07565337001375516,0.20481927710843373,0.08695652173913043,-0.3311036789297659,-0.09763217645150835,0.1370753008840131,Utilities—Regulated Electric,Utilities,EIX
2010Q4,2010,Q4,2011-02-28,2010-12-31,166000000.0,3069000000.0,414000000.0,0.50920245398773,2181000000.0,0.7106549364613881,45530000000.0,10583000000.0,4422000000.0,3952000000.0,34036000000.0,568000000.0,8328000000.0,12583600000.0,23728600000.0,32.46319018404908,1.1189271255060729,0.2752910169119262,1.1843522630634036,0.011763040154950583,32.46319018404908,0.015685533402626853,4.1002280873248615,18.951204819277113,1.1890390248511764,0.3855421686746988,1.5633802816901408,0.005085984932769637,0.06740610586426532,0.6988866396761133,0.003645947726773556,-18.31673944687045,0.7106549364613881,-0.6735881705206859,-0.39194139194139205,0.03194351042367186,0.4430051813471504,-0.06874466268146882,-0.6745098039215687,-0.5197215777262181,-0.2132701421800949,-0.044222983494238526,0.13078320333368953,Utilities—Regulated Electric,Utilities,EIX
2010Q3,2010,Q3,2010-10-29,2010-09-30,510000000.0,3788000000.0,862000000.0,1.56,2342000000.0,0.6182682154171066,45566000000.0,11541000000.0,5041000000.0,3887000000.0,34020000000.0,547000000.0,8283000000.0,11211140000.0,21460140000.0,35.40184049079755,1.2968870594288655,0.2690163718562086,1.0621263322069145,0.02466142748273031,35.40184049079755,0.04419027813880946,2.959646251319958,5.495656862745098,0.9714184212806516,0.22941176470588234,2.643510054844607,0.010436048430400476,0.08313215994381776,0.9518909184461024,0.011192555853048326,15.378792866941016,0.6182682154171066,0.4857142857142857,0.10389610389610392,0.0013217023526300843,0.6266384778012685,0.24906666666666666,0.48255813953488375,1.4558404558404558,0.10629067245119307,-0.039066463723998,0.2404342218400688,Utilities—Regulated Electric,Utilities,EIX
2010Q2,2010,Q2,2010-08-05,2010-06-30,344000000.0,2741000000.0,351000000.0,1.05,1875000000.0,0.6840569135352061,43055000000.0,11089000000.0,3857000000.0,3613000000.0,31960000000.0,556000000.0,7879000000.0,10340720000.0,21122720000.0,34.015337423312886,1.0675339053418211,0.27058413656950414,1.0505906754441339,0.024978311191425222,34.015337423312886,0.03102173324916584,3.772608537030281,7.515058139534884,0.9325205158264946,0.3313953488372093,1.5575539568345325,0.011024377412791372,0.0636627569387992,0.697758095765292,0.007989780513296945,-13.678201058201058,0.6840569135352061,0.4583333333333334,0.7114427860696516,0.03473008682521697,0.6428148148148148,-0.016780283167278448,0.4576271186440678,-0.29518072289156627,2.78021978021978,-0.1004266491631112,0.23899441340782132,Utilities—Regulated Electric,Utilities,EIX
2010Q1,2010,Q1,2010-05-07,2010-03-31,236000000.0,2810000000.0,498000000.0,0.72,1907000000.0,0.6786476868327402,42357000000.0,10976000000.0,4267000000.0,3257000000.0,31374000000.0,522000000.0,7642000000.0,11139420000.0,21069420000.0,33.668711656441715,1.3101013202333436,0.26791321387255945,1.0338921282798834,0.013793391154010815,33.668711656441715,0.021501457725947522,3.9642064056939503,11.800233050847458,1.0148888483965015,0.4915254237288136,1.7298850574712643,0.010413468564790626,0.0663408645560356,0.907276634940129,0.005571688268763132,-31.646079545454544,0.6786476868327402,0.10716981132075463,0.1741293532338309,0.1488143908421913,0.7620805907850378,-0.06059113300492611,0.11320754716981132,0.1318181818181818,-0.29129129129129133,-0.035027472527472577,0.23118339876612437,Utilities—Regulated Electric,Utilities,EIX
2009Q4,2009,Q4,2010-03-01,2009-12-31,212000000.0,3023000000.0,440000000.0,0.6503067484662577,2030000000.0,0.6715183592457823,41444000000.0,9841000000.0,4430000000.0,3787000000.0,30438000000.0,533000000.0,7500000000.0,11338280000.0,20788280000.0,30.187116564417177,1.169791391602852,0.268386256152881,1.1302713138908647,0.01600450270219564,30.187116564417177,0.021542526166040035,3.750671518359246,13.37061320754717,1.1521471395183416,0.06132075471698113,1.8630393996247654,0.0011465583845168756,0.07294180098446096,0.8045946659625033,0.0051153363574944506,-182.87548387096774,0.6715183592457823,-0.46696168158503465,-0.4337698496204089,0.2971988234590408,0.6124552389539767,-0.0880503144654088,-0.4739454094292804,-0.4270833333333333,-0.2638888888888889,-0.014346266710140214,0.14111781076066787,Utilities—Regulated Electric,Utilities,EIX
2009Q3,2009,Q3,2009-11-06,2009-09-30,403000000.0,3664000000.0,768000000.0,1.22,2226000000.0,0.607532751091703,42772000000.0,10730000000.0,5768000000.0,4959000000.0,31767000000.0,549000000.0,7401000000.0,10947080000.0,20171080000.0,32.91411042944785,1.1631377293809235,0.2720237538576639,1.0843429636533084,0.022554260474087127,32.91411042944785,0.03755824790307549,2.987740174672489,6.790992555831266,1.0202311276794036,0.3325062034739454,2.6193078324225865,0.012240707110937346,0.08566351818946975,0.8382738455333737,0.009422051809595062,22.711784232365144,0.607532751091703,25.4,-0.4982228963393929,0.16341187428316323,0.880155174263076,0.15756630265210608,26.1875,3.10989010989011,-0.12008733624454157,-0.03629668595476056,0.26937182065538867,Utilities—Regulated Electric,Utilities,EIX
2009Q2,2009,Q2,2009-08-07,2009-06-30,-16000000.0,2834000000.0,-364000000.0,-0.05,1923000000.0,0.678546224417784,41881000000.0,10497000000.0,5923000000.0,4080000000.0,31109000000.0,545000000.0,7101000000.0,10255960000.0,19466960000.0,32.19938650306749,1.4517156862745098,0.28442491822067284,1.134800419167381,0.0004458992754136759,32.19938650306749,-0.0015242450223873487,3.618899082568807,-160.24937500000001,0.9770372487377346,-8.1875,1.6715596330275229,0.01277306073736637,0.06766791623886727,1.1112745098039216,-0.00038203481292232755,-18.379856630824374,0.678546224417784,-1.0657894736842106,0.9572192513368984,-0.02911956149366212,1.0517982799061767,0.020159151193633953,-1.064,-1.6582278481012658,-1.0903954802259888,-0.055648117294235154,0.31228903612951625,Utilities—Regulated Electric,Utilities,EIX
2009Q1,2009,Q1,2009-05-08,2009-03-31,250000000.0,2812000000.0,553000000.0,0.76,1885000000.0,0.6703413940256046,44429000000.0,10675000000.0,6775000000.0,5840000000.0,33477000000.0,549000000.0,7219000000.0,9392060000.0,19064060000.0,32.74539877300614,1.1601027397260273,0.2974408606990929,1.2379391100702577,0.01586934100883344,32.74539877300614,0.0234192037470726,3.3399928876244664,9.392059999999999,0.8798182669789226,0.504,1.6885245901639345,0.013415587208769961,0.06329199396790385,0.8821917808219178,0.005626955366990029,-94.86929292929293,0.6703413940256046,0.3919101123595507,1.577319587628866,0.12031872509960165,0.9255050505050507,-0.20798319327731093,0.4044943820224719,0.11717171717171718,-0.031007751937984458,0.02217375499818264,0.3659628918746003,Utilities—Regulated Electric,Utilities,EIX
2008Q4,2008,Q4,2009-03-02,2008-12-31,178000000.0,3536000000.0,495000000.0,0.5460122699386503,2380000000.0,0.6730769230769231,44615000000.0,10424000000.0,7353000000.0,6697000000.0,33906000000.0,553000000.0,7078000000.0,10471120000.0,19822120000.0,31.975460122699385,1.0979543078990592,0.2973663566065225,1.2727359938603224,0.014700133787734472,31.975460122699385,0.017075978511128166,2.9612895927601808,14.706629213483145,1.0045203376822716,0.5561797752808989,2.090415913200723,0.00945457601479116,0.07925585565392805,0.7839331043750933,0.003989689566289365,-41.55206349206349,0.6730769230769231,-0.5894644586927442,-0.09644670050761421,0.33132530120481934,0.8911465892597967,0.571994715984148,-0.6061946902654868,-0.48651452282157676,-0.3479853479853481,0.18897108271687968,0.42132533406053985,Utilities—Regulated Electric,Utilities,EIX
2008Q3,2008,Q3,2008-11-07,2008-09-30,452000000.0,4111000000.0,964000000.0,1.33,1514000000.0,0.36828022378983216,41666000000.0,10188000000.0,7083000000.0,6127000000.0,31159000000.0,514000000.0,6964000000.0,13007400000.0,22047400000.0,31.25153374233129,1.156030683858332,0.3001008016128258,1.2273262661955242,0.026206005053175867,31.25153374233129,0.04436592069100903,3.1640476769642425,7.194358407079646,1.2767373380447584,0.21902654867256638,5.052529182879377,0.007611052170303059,0.09866557864925839,0.8684511180022849,0.010848173570777133,33.35230769230769,0.36828022378983216,0.6835443037974683,-0.16911764705882348,0.07252804591703634,0.907150879820292,-0.3029465930018416,0.7318007662835249,1.1422222222222222,-0.021645021645021675,0.08670367433254027,0.4359408033826639,Utilities—Regulated Electric,Utilities,EIX
2008Q2,2008,Q2,2008-08-08,2008-06-30,261000000.0,3382000000.0,450000000.0,0.79,2172000000.0,0.6422235363690124,39005000000.0,9374000000.0,4681000000.0,5274000000.0,29317000000.0,489000000.0,6629000000.0,16749880000.0,25948880000.0,28.754601226993866,0.8875616230565037,0.2632739392385592,1.0954768508640922,0.017397501931211253,28.754601226993866,0.027842969916791124,4.952655233589592,16.043946360153257,1.7868444634094303,0.3831417624521073,2.474437627811861,0.0059701920252563006,0.08670683245737726,0.5259764884338263,0.006691449814126394,-27.01593548387097,0.6422235363690124,-0.13186813186813187,9.875,0.0794765400574528,0.5707104557640751,0.05693430656934306,-0.12709030100334448,-0.2635024549918167,0.29850746268656725,0.2767081917704792,0.3887407407407407,Utilities—Regulated Electric,Utilities,EIX
2008Q1,2008,Q1,2008-05-08,2008-03-31,299000000.0,3083000000.0,611000000.0,0.91,2055000000.0,0.6665585468699319,37951000000.0,9389000000.0,4418000000.0,4392000000.0,28280000000.0,431000000.0,6486000000.0,15980520000.000002,24324520000.0,28.800613496932517,1.0059198542805101,0.2605728439303312,1.0532538076472469,0.020720482537897676,28.800613496932517,0.031845776973053574,5.183431722348363,13.361638795986622,1.70204707636596,0.3311036789297659,2.3851508120649654,0.006195042464200164,0.08123633105847013,0.6659836065573771,0.00787858027456457,-121.06454545454547,0.6665585468699319,0.4059715639810426,4.24561403508772,0.2176145339652449,0.5989441416893735,-0.006286266924564797,0.41706161137440756,0.2597938144329897,0.4875621890547264,0.26042518397383485,0.5073045432653718,Utilities—Regulated Electric,Utilities,EIX
2007Q4,2007,Q4,2008-02-27,2007-12-31,211000000.0,3211000000.0,485000000.0,0.647239263803681,2068000000.0,0.6440361258175024,37562000000.0,9359000000.0,4265000000.0,4280000000.0,27908000000.0,432000000.0,6311000000.0,17398620000.0,25488620000.0,28.708588957055216,0.9964953271028038,0.25382035035408124,1.018698578908003,0.017495442824002824,28.708588957055216,0.022545143711935035,5.418442852693865,20.61447867298578,1.859025536916337,0.45023696682464454,2.6458333333333335,0.005460203165538417,0.08548533091954635,0.6651869158878505,0.0056173792662797505,-69.31721115537849,0.6440361258175024,-0.5343602418678554,9.791666666666666,0.6233569261880686,0.6150129421915446,-0.04081632653061224,-0.5422993492407809,-0.46051167964404893,-0.4364407465561616,0.377871459519345,0.5334791770521562,Utilities—Regulated Electric,Utilities,EIX
2007Q3,2007,Q3,2007-11-02,2007-09-30,461000000.0,3942000000.0,899000000.0,1.39,2156000000.0,0.5469304921359716,37820000000.0,9304000000.0,5163000000.0,4618000000.0,28207000000.0,426000000.0,6306000000.0,18350540000.0,26124540000.0,28.539877300613497,1.1180164573408402,0.24569011105235325,0.9987102321582115,0.03087889336948274,28.539877300613497,0.049548581255374036,4.655134449518012,9.95148590021692,1.9723280309544282,0.2039045553145336,4.192488262910798,0.005122465060973682,0.10423056583818086,0.7158943265482893,0.012189317821258594,25.52230876216968,0.5469304921359716,3.9642857142857135,0.309659090909091,-0.013760320240180075,0.9326963024511841,0.21123595505617979,4.065934065934066,2.457692307692308,-0.4260068367554841,0.251683845093949,0.6302855304141342,Utilities—Regulated Electric,Utilities,EIX
2007Q2,2007,Q2,2007-08-09,2007-06-30,91000000.0,3047000000.0,260000000.0,0.28,1780000000.0,0.5841811617984903,36983000000.0,8950000000.0,4991000000.0,4279000000.0,27741000000.0,415000000.0,5947000000.0,18295120000.0,26620120000.0,27.45398773006135,1.1663940172937601,0.25947056755806724,1.0721787709497206,,27.45398773006135,0.01016759776536313,6.004305874630784,50.26131868131868,2.0441474860335194,1.043956043956044,3.053012048192771,0.005192641535010429,0.0823892058513371,0.6545921944379528,0.0024605900008111835,-155.0433898305085,0.5841811617984903,-0.7227722772277227,-0.8631578947368421,0.04135338345864655,0.5192666779833643,-0.15599810336652442,-0.7267267267267268,-0.5853269537480064,1.2433155080213902,0.04385063377869128,0.7494136043784205,Utilities—Regulated Electric,Utilities,EIX
2007Q1,2007,Q1,2007-05-09,2007-03-31,333000000.0,2912000000.0,627000000.0,1.01,2109000000.0,0.7242445054945055,36639000000.0,8915000000.0,5277000000.0,4196000000.0,27463000000.0,395000000.0,5994000000.0,16016380000.0,23898380000.0,27.346625766871167,1.257626310772164,0.2615518982504981,1.0749298934380258,0.02436935418561413,27.346625766871167,0.03735277621985418,5.500130494505495,12.02430930930931,1.79656533931576,0.2822822822822823,2.0329113924050635,0.0058689916198292,0.07947815169627992,0.7009056244041945,0.00908867600098256,942.14,0.7242445054945055,0.14326388888888889,2.9642857142857144,0.12562814070351763,0.7415510841961321,0.030791788856304986,0.15625,0.33404255319148934,2.4329896907216497,0.16015936254980073,0.6080447330447332,Utilities—Regulated Electric,Utilities,EIX
