Quarters,Year,Quarter,FillingDate,Date,NetIncome,Revenue,OperatingIncome,EPSDiluted,GrossProfit,GrossProfitRatio,TotalAssets,CommonStockEquity,CurrentAssets,CurrentLiability,TotalLiability,Inventory,RetainedEarnings,MarketCap,EnterpriseValue,bookValuePerShare,currentRatio,debtToAssets,debtToEquity,roic,shareholdersEquityPerShare,roe,priceToSalesRatio,peRatio,pbRatio,payoutRatio,inventoryTurnover,dividendYield,assetTurnover,quickRatio,returnOnAssets,priceToFreeCashFlowsRatio,grossProfitMargin,epsdilutedGrowth,fiveYNetIncomeGrowthPerShare,fiveYRevenueGrowthPerShare,fiveYShareholdersEquityGrowthPerShare,grossProfitGrowth,netIncomeGrowth,operatingIncomeGrowth,threeYNetIncomeGrowthPerShare,threeYRevenueGrowthPerShare,threeYShareholdersEquityGrowthPerShare,Industry,Sector,Symbol
2020Q2,2020,Q2,2020-03-31,2020-03-31,-295914.0,2755649.0,-344344.0,-0.0221,263273.0,0.0955393811,15511158.0,7800360.0,12347533.0,3766645.0,3766645.0,2703702.0,966623.0,242721067.89,242292991.89,0.5820035352844624,3.2781249626657143,0.0010641371843417493,0.0021160561820223684,-0.033199783283250475,0.5820035352844624,-0.0379359414180884,88.08127155889592,-205.0604803169164,31.116649473870435,0.0,0.9218382795145323,0.0,0.17765591711463452,1.5440879084702699,-0.019077492473482636,-316.2650191866427,0.09553938110405208,0.0,0.0,0.0,0.0,0.0,0.0,0.0,0.0,0.0,0.0,Recreational Vehicles,Consumer Cyclical,EZGO
2023Q2,2023,Q2,2023-03-09,2023-03-09,,,,,,,0.0,0.0,0.0,0.0,0.0,0.0,0.0,0.0,0.0,0.0,0.0,0.0,0.0,0.0,0.0,0.0,0.0,0.0,0.0,0.0,0.0,,0.0,0.0,0.0,0.0,0.0,0.0,1.0,-1.0,-1.0,0.0,0.0,0.0,1.0,-1.0,-1.0,Recreational Vehicles,Consumer Cyclical,EZGO
2022Q4,2022,Q4,2022-09-30,2022-09-30,,,,,,,47507582.0,30637915.0,33154036.0,13968203.0,13968203.0,380949.0,-7887621.0,0.0,-1578435.0,0.0,2.373536237982796,0.05918118501589915,0.09176717802108923,,0.0,,0.0,0.0,0.0,0.0,,,,1.2997986927881846,,0.0,0.0,0.0,0.0,0.0,0.0,0.0,0.0,0.0,0.0,0.0,0.0,Recreational Vehicles,Consumer Cyclical,EZGO
2022Q2,2022,Q2,2022-03-31,2022-03-31,,,,,,,44414384.0,26572933.0,30708704.0,14130395.0,14130395.0,3295346.0,-3772489.0,0.0,1043530.0,0.0,2.1732374784993627,0.07103378941380792,0.11872690154300995,,0.0,,0.0,0.0,0.0,0.0,,,,0.9856080456349593,,0.0,0.0,0.0,1.0,-1.0,-1.0,0.0,0.0,0.0,1.0,-1.0,-1.0,Recreational Vehicles,Consumer Cyclical,EZGO
2021Q4,2021,Q4,2021-09-30,2021-09-30,,,,,,,42011670.0,28518002.0,27679610.0,9475170.0,9475170.0,924342.0,-1423614.0,0.0,-4464136.0,0.0,2.921278457273062,0.007388304249747749,0.01088417765031365,,0.0,,0.0,0.0,0.0,0.0,,,,1.5919072692099456,,0.0,0.0,0.0,0.0,0.0,0.0,0.0,0.0,0.0,0.0,0.0,0.0,Recreational Vehicles,Consumer Cyclical,EZGO
2021Q2,2021,Q2,2021-03-31,2021-03-31,,,,,,,32415733.0,19075234.0,29520020.0,8855885.0,8855885.0,2849276.0,1202348.0,0.0,-6769866.0,0.0,3.333378877435739,0.009408024183812225,0.0159876413573747,,0.0,,0.0,0.0,0.0,0.0,,,,1.9451731814493978,,0.0,0.0,0.0,1.0,-1.0,-1.0,0.0,0.0,0.0,1.0,-1.0,-1.0,Recreational Vehicles,Consumer Cyclical,EZGO
2020Q4,2020,Q4,2020-09-30,2020-09-30,,,,,,,19817798.0,8869462.0,16316861.0,6672653.0,6672653.0,867752.0,1575630.0,0.0,-2971.0,0.0,2.4453333629067777,0.01612828024586788,0.036036796820370844,,0.0,,0.0,0.0,0.0,0.0,,,,1.6953202871481554,,0.0,0.0,0.0,0.0,0.0,0.0,0.0,0.0,0.0,0.0,0.0,0.0,Recreational Vehicles,Consumer Cyclical,EZGO
2019Q4,2019,Q4,2019-09-30,2019-09-30,,,,,,,19171950.0,8226779.0,16694687.0,6834127.0,6840965.0,2810518.0,1453325.0,0.0,642290.0,0.0,2.44284119976114,0.22303078194967127,0.5197580973063698,,0.0,,0.0,0.0,0.0,0.0,,,,0.9886951178987455,,0.0,0.0,0.0,0.0,0.0,0.0,0.0,0.0,0.0,0.0,0.0,0.0,Recreational Vehicles,Consumer Cyclical,EZGO
