Quarters,Year,Quarter,FillingDate,Date,NetIncome,Revenue,OperatingIncome,EPSDiluted,GrossProfit,GrossProfitRatio,TotalAssets,CommonStockEquity,CurrentAssets,CurrentLiability,TotalLiability,Inventory,RetainedEarnings,MarketCap,EnterpriseValue,bookValuePerShare,currentRatio,debtToAssets,debtToEquity,roic,shareholdersEquityPerShare,roe,priceToSalesRatio,peRatio,pbRatio,payoutRatio,inventoryTurnover,dividendYield,assetTurnover,quickRatio,returnOnAssets,priceToFreeCashFlowsRatio,grossProfitMargin,epsdilutedGrowth,fiveYNetIncomeGrowthPerShare,fiveYRevenueGrowthPerShare,fiveYShareholdersEquityGrowthPerShare,grossProfitGrowth,netIncomeGrowth,operatingIncomeGrowth,threeYNetIncomeGrowthPerShare,threeYRevenueGrowthPerShare,threeYShareholdersEquityGrowthPerShare,Industry,Sector,Symbol
2022Q3,2022,Q3,2023-04-10,2022-09-30,-241630022.0,5563392.0,-173124275.0,-0.99,-1235711.0,-0.2221146739,117209063.0,123363713.0,34364169.0,32701445.0,57725666.0,0.0,-1062758966.0,4566057831.7439995,4569168172.7439995,0.5031749214692848,1.050845581900127,0.19876356318964858,0.18884719366382885,-1.6936840587680508,0.5031749214692848,-1.9586798753374097,820.7327169726669,-4.724224450618971,37.01297343201724,0.0,0.0,0.0,0.047465544537285485,0.9268695924599051,-2.061530190715713,-170.31683161231336,-0.22211467392554757,-1.7795275590551178,-17.319011655462518,-0.971571724363446,0.0,-1.1266239521432124,-1.7728316577507814,-4.448639297938509,-1.2268352077147258,-0.962524272147113,-0.7103710606453697,Leisure,Consumer Cyclical,BBIG
2022Q2,2022,Q2,2023-02-21,2022-06-30,312655440.0,10365300.0,-31773855.0,1.27,-581067.0,-0.0560588695,458509854.0,217749161.0,124985553.0,78038919.0,236180628.0,0.0,-963776852.0,5992732192.8,6009463109.8,1.0028609072203492,1.6015797579154063,0.2528795815149482,0.5324832457104163,-0.21943723739623622,1.0028609072203492,1.435851410697284,578.1532799629533,4.791802273454766,27.521264216489907,0.0,0.0,0.0,0.022606493425548057,1.555285408297365,0.6818947014386304,-198.4044034833994,-0.056058869497264914,1.416393442622951,9.96442691341067,-0.9540096456029987,0.0,-1.966571462315545,1.8383353069286286,-1.523009941711466,5.626109762706817,-0.9543859420457247,-0.5390196943203311,Leisure,Consumer Cyclical,BBIG
2022Q1,2022,Q1,2022-05-23,2022-03-31,-372947957.0,11534819.0,60751914.0,-3.05,601163.0,0.0521172461,500678709.0,-56174598.0,182425115.0,42114889.0,541707486.0,447636.0,-1109769797.0,7819318464.0,7755565092.0,-0.45978102676750116,4.3316062165093205,0.1338714325078281,-1.1931830112963158,5.43917395842168,-0.45978102676750116,6.63908546350434,677.8882671674345,-5.241561401018749,-139.19669641427606,0.0,24.425327721630968,0.0,0.02303836530824002,4.0678636954261,-0.7448847939727351,-184.675532447426,0.05211724605301565,-4.05,-25.72238923080957,-0.8931905044466224,0.0,6.792722997909018,-6.236317327482442,1.0899746629556826,-11.537394518317955,-0.9068585051047119,-1.1877549164991075,Leisure,Consumer Cyclical,BBIG
2021Q4,2021,Q4,2022-04-15,2021-12-31,71223330.0,2302413.0,-675211354.0,1.0,-103779.0,-0.0450740158,405142729.0,113424913.0,219741467.0,70189546.0,271455687.0,475666.0,-736821840.0,3404182115.6,3363728765.6,1.5859979505968356,3.1306865412692653,0.11640052412245068,0.4157713217730218,-4.189105611855169,1.5859979505968356,0.6279337415052723,1478.5280119596266,11.948971339868553,30.012649122331705,0.0,5.058574714190209,0.0,0.005682967594365985,1.5509774062365356,0.17579811977817822,154.52549664380143,-0.045074015826005155,1.0672494956287828,19.5455058238785,-0.9440714592551627,30.785986443283466,-1.148224798827673,1.1312961675386122,-25.8268119623479,5.14344903258607,-0.9513119298604136,-0.40092745289702125,Leisure,Consumer Cyclical,BBIG
2021Q3,2021,Q3,2021-11-22,2021-09-30,-542463130.0,2231986.0,-25169273.0,-14.87,700146.0,0.3136874514,336914684.0,-194190965.0,174916076.0,37427946.0,508913890.0,789727.0,-812250328.0,9168406454.199999,9150035234.199999,-2.7153335574030533,4.673408367106226,0.09369235150344471,-0.16255302608955055,0.30150346193965144,-2.7153335574030533,2.7934519507640325,4107.734750217966,-4.225359267366245,-47.21335235241248,0.0,1.9397082789368985,0.0,0.006624781008357594,1.877493651401549,-1.610090494007676,-751.6823520547614,0.31368745144458793,-0.48997995991983956,-126.59599661742422,-0.9609010644638163,0.0,-0.27866254834528786,-1.9534863269551588,-4.063190727072659,-19.599524816088525,-0.9711885705265559,-2.503396749474602,Leisure,Consumer Cyclical,BBIG
2021Q2,2021,Q2,2021-08-23,2021-06-30,-183668746.0,2691811.0,-4971030.0,-9.98,970622.0,0.3605832653,121276499.0,-25700392.0,80620757.0,8829464.0,148820211.0,852147.0,-269787198.0,2830685814.0,2761682836.0,-0.7172576193226367,9.13087781998998,0.04744196152957879,-0.22387187712934495,0.5009014069717679,-0.7172576193226367,7.146534807718108,1051.5915916830713,-3.8529769975126853,-110.14173690424644,0.0,2.0198263914559345,0.0,0.022195652267303658,8.897388901523355,-1.5144627979407619,-494.6777036368177,0.3605832653184046,-0.6688963210702341,-40.030707094662695,-0.9276263202522106,0.0,0.06453413703509944,-1.9401321802297484,0.5375398440371607,-26.737136163375258,-0.9326689112342859,-1.56218305189136,Leisure,Consumer Cyclical,BBIG
2021Q1,2021,Q1,2021-05-24,2021-03-31,-62469554.0,2565162.0,-10749099.0,-5.98,911781.0,0.3554477261,45473359.0,-20089772.0,11238811.0,7144413.0,67428994.0,1123261.0,-86118452.0,975616307.2,975836199.2,-1.0543041550341155,1.5730908893424833,0.1263516952860245,-0.28599806906718506,1.3845745670632654,-1.0543041550341155,3.1095203071493294,380.33321373075074,-3.9043671866138183,-48.562836213372655,0.0,1.4719473034317045,0.0,0.0564102159244493,1.1417366269279225,-1.3737615908250806,-234.6168847265422,0.3554477261085265,-36.375,-27.551584918027885,-0.8477021701103086,0.0,3.0564416818155165,-19.132181103910124,-3.7040300067875,-8.080687324116694,-0.8285970442014924,-50.938671162577634,Leisure,Consumer Cyclical,BBIG
2020Q4,2020,Q4,2021-04-15,2020-12-31,-3102970.0,983036.0,-2285083.0,-0.16,-443378.0,-0.4510292604,28028207.0,15416598.0,5342183.0,11285663.0,14505506.0,1687462.0,-23648898.0,522107164.4,529885063.4,0.8090576303150994,0.4733601384340468,0.28639916210123606,0.5206891299883412,-0.09743101839168886,0.8090576303150994,-0.2012746262177946,531.1170337607168,-42.06511538944946,33.86656150727936,-0.07234810520243509,0.8453014053057195,0.0004299768616620807,0.03507309618485407,0.2543477507701586,-0.11070882985843511,-1064.4191327783994,-0.45102926037296703,0.6097560975609756,-4.359455424121574,-0.9103776298471247,16.194584330535815,-1.2802140957085426,-0.09489125786332181,-0.20740256192534878,-4.359455424121574,-0.9103776298471247,16.194584330535815,Leisure,Consumer Cyclical,BBIG
2020Q3,2020,Q3,2020-11-23,2020-09-30,-2834044.0,4251147.0,-1892561.0,-0.41,1582283.0,0.3722014318,24405755.0,11755201.0,6723083.0,10115092.0,13780773.0,1515351.0,-21684394.0,229650686.48999998,237106842.48999998,1.260743458054533,0.6646586111129785,0.3212668487412088,0.6670034821182556,-0.12483775986198963,1.260743458054533,-0.24108851903085282,54.02087636348496,-20.25821462987166,19.53609185329966,0.0,1.7612183579909868,0.0,0.1741862523818665,0.3636173551362657,-0.11612195566168718,-240.49106158186407,0.3722014317547711,-0.5185185185185184,-6.032857760239322,-0.428808037979317,0.0,-0.2049795954461819,-0.7446927443085978,-1.4242219683151272,-6.032857760239322,-0.428808037979317,0.0,Leisure,Consumer Cyclical,BBIG
2020Q2,2020,Q2,2020-08-18,2020-06-30,-1624380.0,6880026.0,-780688.0,-0.27,1990242.0,0.2892782673,26021906.0,11961351.0,8071961.0,11317275.0,15081404.0,1190998.0,-18850350.0,370202991.0,377346676.0,1.3408753537056106,0.7132424545661389,0.3422509481050312,0.7445665627569996,-0.05550157776658982,1.3408753537056106,-0.13580238553320606,53.80837092766801,-56.976044860192815,30.949931241044595,0.0,4.105618985086457,0.0,0.26439362281917395,0.4414862234946133,-0.062423559596287835,-271.331839383403,0.2892782672623621,-1.473684210526316,-2.386537253175722,-0.2569827083139423,0.0,0.5938537580744103,-2.279551190554962,0.73482200328463,-2.386537253175722,-0.2569827083139423,0.0,Leisure,Consumer Cyclical,BBIG
2020Q1,2020,Q1,2020-06-29,2020-03-31,1269492.0,3667110.0,-2944015.0,0.57,1248698.0,0.3405128289,23199868.0,11573411.0,4907818.0,8899487.0,11970547.0,1300136.0,-17225970.0,203718603.0,209433033.0,1.4145882096982572,0.5514720118137146,0.2692468767494712,0.5397278295914661,-0.6873326246524435,1.4145882096982572,0.10969039291873416,55.55290214910379,40.11813445850781,17.60229572768132,0.0,1.860122325664392,0.0,0.15806598554784881,0.30605022514219077,0.0547197940953802,-171.85308788508405,0.3405128289034144,1.6551724137931034,0.25669463439328527,-0.4929151886335149,0.0,-0.36967743303285233,1.1508729053848001,0.19796621177452614,0.25669463439328527,-0.4929151886335149,0.0,Leisure,Consumer Cyclical,BBIG
2019Q4,2019,Q4,2020-05-29,2019-12-31,-8414314.0,4389628.0,-3670687.0,-0.87,1981046.0,0.4513015682,23609619.0,7772130.0,4955365.0,12973319.0,16155187.0,1369225.0,-18495461.0,222617798.70000002,228685972.70000002,0.9499674263915898,0.38196586393967497,0.27450222724898693,0.8338631752170897,-0.24189593396014047,0.9499674263915898,-1.0826265129378947,50.714502162825646,-6.614258711405351,28.64308737759147,0.0,1.7590841534444668,0.0,0.18592540608130947,0.2071692679413803,-0.35639346827240204,-79.94620355922495,0.4513015681511053,-0.74,-22.217185258256425,-0.06792154883366971,18.84095425433095,1.0039167013120747,-2.2587083154377,-0.5906009179559534,-22.217185258256425,-0.06792154883366971,18.84095425433095,Leisure,Consumer Cyclical,BBIG
2019Q3,2019,Q3,2019-11-15,2019-09-30,-2582101.0,3532645.0,-2307736.0,-0.5,988587.0,0.2798432902,28633331.0,10135750.0,5238617.0,12034900.0,17577863.0,1106077.0,-11318564.0,196319719.54999998,202647681.54999998,1.7373088566028363,0.4352854614496174,0.26340857792619377,0.7441250030831463,-0.13770790649559225,1.7373088566028363,-0.2547518437214809,55.57301102997895,-19.00774984692698,19.369037274005375,0.0,2.3000731413816577,0.0,0.12337527198634347,0.2605399297044429,-0.09017815635910471,-503.80373272598956,0.2798432902258789,-0.6129032258064516,-8.328342752497518,-0.2414216543531651,0.0,-0.5163475787462152,-0.45465151980350016,-0.7112175430244707,-8.328342752497518,-0.2414216543531651,0.0,Leisure,Consumer Cyclical,BBIG
2019Q2,2019,Q2,2019-08-14,2019-06-30,-1775065.0,5968255.0,-1348593.0,-0.31,2044003.0,0.3424791669,30398369.0,12406187.0,6699842.0,12421771.0,17023361.0,1260251.0,-8736463.0,159846484.79,165561238.79,2.175496208545682,0.5393628654078392,0.23487487108272156,0.5755042222078387,-0.06819863765844156,2.175496208545682,-0.14307901372113768,26.78278404491765,-22.51276499592973,12.88441684701351,0.0,3.1138654125249654,0.0,0.1963347112471725,0.3662221755657869,-0.058393428936927505,-622.0385286723845,0.34247916685865465,-0.2916666666666667,-3.3701181934332642,0.008249571724208492,0.0,0.14000577810299747,-0.28777485731614333,-0.07353933890139562,-3.3701181934332642,0.008249571724208492,0.0,Leisure,Consumer Cyclical,BBIG
2019Q1,2019,Q1,2019-05-15,2019-03-31,-1378397.0,5738534.0,-1256212.0,-0.24,1792976.0,0.3124449555,30292310.0,13863792.0,6224524.0,10776855.0,15420049.0,1361342.0,-7001046.0,392050565.0,397336188.0,2.4488361494900537,0.5775826064283133,0.19823740744763274,0.4331476554177962,-0.06158779007940235,2.4488361494900537,-0.09942424121769859,68.31894086538479,-71.10624968713658,28.27873968391909,0.0,2.8982856622362347,0.0,0.18943863970756936,0.3206336171359826,-0.04550319866659228,-222.10596430560332,0.31244495545377965,0.0,-2.97189210203831,0.1467444845442451,0.0,0.2733390621338125,-0.012972305611999309,0.38220074497163814,-2.97189210203831,0.1467444845442451,0.0,Leisure,Consumer Cyclical,BBIG
2018Q4,2018,Q4,2019-04-16,2018-12-31,-1360745.0,3743494.0,-2033366.0,-0.24,1408090.0,0.3761432501,28888587.0,14988063.0,5465484.0,8878936.0,12948949.0,923707.0,-5565756.0,361252657.8,364527675.8,2.6474221832839344,0.6155561882639992,0.18442400800011438,0.3554661466261518,-0.09948316542207543,2.6474221832839344,-0.09078858288759528,96.50146568954031,-66.3703812617353,24.102691441849423,0.0,2.5282952278157467,0.0,0.12958383876649973,0.4426298376291934,-0.0471032037669409,-613.7208415516108,0.37614325012942457,0.35135135135135137,-5.958551598510996,0.14871139037741435,50.72016592535219,0.08049644410476463,0.18969800620018032,-1.6668249248819949,-5.958551598510996,0.14871139037741435,50.72016592535219,Leisure,Consumer Cyclical,BBIG
2018Q3,2018,Q3,2018-11-14,2018-09-30,-1679306.0,4940188.0,-762467.0,-0.37,1303188.0,0.2637931998,21825158.0,8237060.0,8015810.0,2544363.0,13588098.0,200087.0,-4218902.0,458523427.78000003,460341829.78000003,1.8061323854478144,3.150419181539741,0.1777508781379727,0.4709739882919391,-0.06991454391358193,1.8061323854478144,-0.20387201258701526,92.81497541793956,-68.26085117602153,55.66590844063295,0.0,18.177092964560416,0.0,0.22635290887699416,2.6335860881485855,-0.07694358959509022,-448.71496730957995,0.2637931997729641,-1.0555555555555556,-7.097033681055203,0.3570633686267388,0.0,0.031839084828215264,-1.3109895811114123,-0.9280411265810622,-7.097033681055203,0.3570633686267388,0.0,Leisure,Consumer Cyclical,BBIG
2018Q2,2018,Q2,2018-08-14,2018-06-30,-726661.0,4387197.0,-395462.0,-0.18,1262976.0,0.2878776586,9638770.0,5016724.0,8723666.0,1934826.0,4622046.0,227630.0,-2539596.0,415660599.64,414647662.64,1.2758435475946088,4.508759960844024,0.302726073970019,0.5816359440941937,-0.055945266106713666,1.2758435475946088,-0.14484771336832564,94.74400161196317,-143.00361504195214,82.85498656892426,0.0,13.724996705179457,0.0,0.4551614988219451,3.7917130532668053,-0.07538939097000966,-271.5958435689652,0.28787765855966807,0.5,-2.4071642748107402,0.07489246163271598,0.0,0.14572689270784953,0.5393021641343938,0.7273429899731177,-2.4071642748107402,0.07489246163271598,0.0,Leisure,Consumer Cyclical,BBIG
2018Q1,2018,Q1,2018-05-21,2018-03-31,-1577305.0,3431330.0,-1450401.0,-0.36,1102336.0,0.3212561893,5420441.0,-88685.0,4271205.0,2746349.0,5509126.0,223576.0,-1812935.0,348902749.8,351194139.8,-0.020299020583987384,1.5552302347589473,0.6344302981989842,-38.77647854766872,-0.4515581706796625,-0.020299020583987384,17.785476687151153,101.68149079220011,-55.30045707710303,-3934.179960534476,0.0,10.4170125594876,0.0,0.6330352087588446,1.4524140959506604,-0.29099200600098774,1561.2188499246022,0.32125618929103295,-8.5,-3.9239620273579505,-0.11146322313878373,0.0,9.648757218177254,-8.448022665564869,-6.705500548756741,-3.9239620273579505,-0.11146322313878373,0.0,Leisure,Consumer Cyclical,BBIG
2017Q4,2017,Q4,2018-04-24,2017-12-31,211775.0,2514890.0,254211.0,0.048,-127456.0,-0.0506805467,4070827.0,-232630.0,3103923.0,1498301.0,4303457.0,240061.0,-235630.0,348902749.8,351341981.8,-0.05324644707056419,2.0716284645074654,0.7360912168461101,-12.880969780337876,0.06950956004593206,-0.05324644707056419,-0.910351201478743,138.73479547813224,411.87905772636054,-1499.8183802604995,1.0204840042497934,11.006977393245883,0.000619407557331897,0.6177835609324592,1.883734309728152,0.05202259884785082,25987.095918367348,-0.05068054666406881,-0.20529801324503313,0.0,0.0,0.0,-1.101684557359916,-0.19737809546188423,0.2085028903932456,0.0,0.0,0.0,Leisure,Consumer Cyclical,BBIG
2017Q3,2017,Q3,2017-09-30,2017-09-30,263854.0,3487352.0,210352.0,0.0604,1253445.0,0.3594260057,,,,,,,,348902749.8,,,0.0,0.0,0.0,0.0,,0.0,100.04804499230362,330.583153751696,0.0,7.710059351004722,0.0,0.005830650521287465,0.0,0.0,0.0,1441.7588153621105,0.3594260057487744,-0.5353846153846153,0.0,0.0,0.0,0.0031355865059338453,-0.5401413801998006,-0.6460526027968898,0.0,0.0,0.0,Leisure,Consumer Cyclical,BBIG
2017Q2,2017,Q2,2017-06-30,2017-06-30,573772.0,4534970.0,594303.0,0.13,1249527.0,0.2755314809,,,,,,,,348902749.8,,,0.0,0.0,0.0,0.0,,0.0,76.93606568510927,152.02151281345203,0.0,0.7331535871391424,0.0,0.0012056740746271986,0.0,0.0,0.0,645.9571064904385,0.27553148091387597,0.08333333333333341,0.0,0.0,0.0,0.1742527046228564,0.06364180698167177,0.0683426660794377,0.0,0.0,0.0,Leisure,Consumer Cyclical,BBIG
2017Q1,2017,Q1,2017-03-31,2017-03-31,539441.0,3861776.0,556285.0,0.12,1064104.0,0.2755478308,,,,,,,,348902749.8,,,0.0,0.0,0.0,0.0,,0.0,90.34774409494491,161.69643658898747,0.0,0.6647881788740566,0.0,0.0010278336877699208,0.0,0.0,0.0,1359.3013417589355,0.27554783084259676,0.0,0.0,0.0,0.0,0.0,0.0,0.0,0.0,0.0,0.0,Leisure,Consumer Cyclical,BBIG
