Quarters,Year,Quarter,FillingDate,Date,NetIncome,Revenue,OperatingIncome,EPSDiluted,GrossProfit,GrossProfitRatio,TotalAssets,CommonStockEquity,CurrentAssets,CurrentLiability,TotalLiability,Inventory,RetainedEarnings,MarketCap,EnterpriseValue,bookValuePerShare,currentRatio,debtToAssets,debtToEquity,roic,shareholdersEquityPerShare,roe,priceToSalesRatio,peRatio,pbRatio,payoutRatio,inventoryTurnover,dividendYield,assetTurnover,quickRatio,returnOnAssets,priceToFreeCashFlowsRatio,grossProfitMargin,epsdilutedGrowth,fiveYNetIncomeGrowthPerShare,fiveYRevenueGrowthPerShare,fiveYShareholdersEquityGrowthPerShare,grossProfitGrowth,netIncomeGrowth,operatingIncomeGrowth,threeYNetIncomeGrowthPerShare,threeYRevenueGrowthPerShare,threeYShareholdersEquityGrowthPerShare,Industry,Sector,Symbol
2023Q1,2023,Q1,2023-05-15,2023-03-31,-468684.0,0.0,-577856.0,-0.16,0.0,0.0,13691648.0,6537194.0,457736.0,2706156.0,7154454.0,0.0,-6611974.0,18110257.44,20752724.44,3.782927622480004,0.16914619851922802,0.2133990006170185,0.44694772711349856,-0.06438786663674052,3.782927622480004,-0.07169498105762197,0.0,-9.66016411910797,2.7703411341318613,0.0,0.0,0.0,0.0,0.10321540960683716,-0.0342313795972552,-77.24143016168863,0.0,-1.2284122562674094,0.0,0.0,0.0,0.0,-0.1938833994360256,0.21991678838817327,0.0,0.0,0.0,Shell Companies,Financial Services,ASPA
2022Q4,2022,Q4,2023-03-31,2022-12-31,-392571.0,0.0,-740762.0,-0.0718,0.0,0.0,13475155.0,7005878.0,633756.0,4054817.0,6469277.0,0.0,-5835694.0,55840025.78,57855516.78,1.2822356752142603,0.15629706593417164,0.17786689652178397,0.3421104392625735,-0.11305142142349757,1.2822356752142603,-0.05603451844294177,0.0,-35.56046280800161,7.9704536362180445,0.0,0.0,0.0,0.0,0.09403457665290443,-0.029132948749012535,153.8691170165277,0.0,-6.804347826086957,0.9213529166761635,0.0,-0.35188540262751655,0.0,-4.7021613456119455,-0.01794690683823873,0.9213529166761635,0.0,-0.35188540262751655,Shell Companies,Financial Services,ASPA
2022Q3,2022,Q3,2022-11-14,2022-09-30,-68846.0,0.0,-727702.0,-0.0092,0.0,0.0,58659402.0,53350728.0,483617.0,2105823.0,5308674.0,0.0,-3614220.0,17315341.56,18813659.56,30.87287032182575,0.22965700346135454,0.028527259790340175,0.03136587002149249,-0.0022861105064341156,30.87287032182575,-0.0012904416224648332,0.0,-62.87707913313772,0.3245568000496638,0.0,0.0,0.0,0.0,0.08313804151630977,-0.0011736566970116742,-61.471457286788954,0.0,0.7444444444444445,0.7426378070638324,0.0,-0.13118720425693528,0.0,0.7439326933448387,-0.4421220558654789,0.7426378070638324,0.0,-0.13118720425693528,Shell Companies,Financial Services,ASPA
2022Q2,2022,Q2,2022-08-15,2022-06-30,-268859.0,0.0,-504605.0,-0.036,0.0,0.0,57827657.0,53749002.0,443667.0,1716790.0,4078655.0,0.0,-2918924.0,17177095.32,17820340.32,31.103342557454003,0.258428229428177,0.013834210851738296,0.014883997287986854,-0.006431010371983143,31.103342557454003,-0.005002120783563572,0.0,-15.972215287567089,0.3195798001979646,0.0,0.0,0.0,0.0,0.09130703231030003,-0.004649315119234383,-49.32446028250064,0.0,0.788235294117647,-36.431817060365006,0.0,35985.20824180797,0.0,0.7848275917263237,0.6384597362344157,-36.431817060365006,0.0,35985.20824180797,Shell Companies,Financial Services,ASPA
2022Q1,2022,Q1,2022-05-16,2022-03-31,-1249505.0,0.0,-1395709.0,-0.17,0.0,0.0,57665728.0,54135734.0,324321.0,1926885.0,3529994.0,0.0,-2455563.0,17107972.2,17102970.2,31.32713569642111,0.168313625359064,0.0,0.0,-0.024356676662760753,31.32713569642111,-0.023080965337978054,0.0,-3.422949928171556,0.3160199545830486,0.0,0.0,0.0,0.0,0.002595899599612847,-0.021668069464067116,-38.022785704760636,0.0,0.46875,0.0,0.0,0.0,0.0,0.13688547804402937,-0.7283166203126974,0.0,0.0,0.0,Shell Companies,Financial Services,ASPA
2021Q4,2021,Q4,2022-02-04,2021-12-31,-1447670.0,0.0,-807554.0,-0.32,0.0,0.0,57816739.0,3135052.0,476532.0,858398.0,2358398.0,0.0,-1127612.0,15592788.72,15437846.72,1.9784088807944804,0.5551410883995536,0.0,0.0,-0.3307019148358991,1.9784088807944804,-0.46176905518632544,0.0,-2.6927388009698343,4.973693807949597,0.0,0.0,0.0,0.0,0.18050135251946067,-0.025038942441911155,-41.11491057326453,0.0,-1.0671834625322998,0.0,0.0,0.0,0.0,-4.9016065976086525,-1.7299291787096664,0.0,0.0,0.0,Shell Companies,Financial Services,ASPA
2021Q3,2021,Q3,2021-11-12,2021-09-30,-245301.0,0.0,-295815.0,-0.1548,0.0,0.0,58078383.0,56309218.0,739042.0,1769165.0,1769165.0,0.0,-276735.0,15592788.72,15241949.72,35.53454837807871,0.41773492014594454,0.0,0.0,-0.005253402737718716,35.53454837807871,-0.004356320487348981,0.0,-15.891485073440387,0.27691360799931547,0.0,0.0,0.0,0.0,0.19830767622013776,-0.004223619655526567,-40.02122290580653,0.0,-36.24735322425409,0.0,0.0,0.0,0.0,-6.928536798215844,-8.561233394744498,0.0,0.0,0.0,Shell Companies,Financial Services,ASPA
2021Q2,2021,Q2,2021-09-20,2021-06-30,-30939.0,0.0,-30939.0,-0.004156,0.0,0.0,336265.0,-6434.0,117081.0,342699.0,342699.0,0.0,-31434.0,72277841.5,72460760.5,-0.0008643608982152573,0.34164383321807185,0.8921535098806002,-46.62729250854834,-0.10539026999039398,-0.0008643608982152573,4.80867267640659,0.0,-584.0350488057146,-11233.733525023315,0.0,0.0,0.0,0.0,0.34164383321807185,-0.09200779147398629,-395.1357786779941,0.0,0.0,0.0,0.0,0.0,0.0,0.0,0.0,0.0,0.0,0.0,Shell Companies,Financial Services,ASPA
2021Q1,2021,Q1,2021-03-31,2021-03-31,,,,,,,100000.0,24505.0,0.0,75495.0,75495.0,0.0,-495.0,0.0,0.0,0.0,0.0,0.0,0.0,,0.0,,0.0,0.0,0.0,0.0,0.0,,,0.0,,0.0,0.0,0.0,0.0,0.0,0.0,0.0,0.0,0.0,0.0,0.0,0.0,Shell Companies,Financial Services,ASPA
