Quarters,Year,Quarter,FillingDate,Date,NetIncome,Revenue,OperatingIncome,EPSDiluted,GrossProfit,GrossProfitRatio,TotalAssets,CommonStockEquity,CurrentAssets,CurrentLiability,TotalLiability,Inventory,RetainedEarnings,MarketCap,EnterpriseValue,bookValuePerShare,currentRatio,debtToAssets,debtToEquity,roic,shareholdersEquityPerShare,roe,priceToSalesRatio,peRatio,pbRatio,payoutRatio,inventoryTurnover,dividendYield,assetTurnover,quickRatio,returnOnAssets,priceToFreeCashFlowsRatio,grossProfitMargin,epsdilutedGrowth,fiveYNetIncomeGrowthPerShare,fiveYRevenueGrowthPerShare,fiveYShareholdersEquityGrowthPerShare,grossProfitGrowth,netIncomeGrowth,operatingIncomeGrowth,threeYNetIncomeGrowthPerShare,threeYRevenueGrowthPerShare,threeYShareholdersEquityGrowthPerShare,Industry,Sector,Symbol
2024Q1,2024,Q1,2023-06-01,2023-04-29,-70000000.0,3571000000.0,98000000.0,-0.63,1524000000.0,0.4267712125,14710000000.0,3720000000.0,4159000000.0,3554000000.0,10990000000.0,3526000000.0,2798000000.0,2423300000.0,10198300000.0,33.81818181818182,1.1702307259426,0.5479945615227736,2.166935483870968,-0.02827629984419182,33.81818181818182,-0.01881720430107527,0.6786054326519182,-8.654642857142857,0.6514247311827956,-0.7857142857142857,0.5805445263754964,0.022696323195642305,0.24276002719238612,0.08047270680922904,-0.004758667573079538,-8.186824324324323,0.4267712125455055,0.7459677419354839,-2.4,0.2729325095057033,0.041822255414488474,-0.03238095238095238,0.7435897435897436,1.3245033112582782,0.8188539741219963,1.0590609555189454,0.08726513569937372,Department Stores,Consumer Cyclical,KSS
2023Q4,2023,Q4,2023-03-16,2023-01-28,-273000000.0,6019000000.0,-302000000.0,-2.48,1575000000.0,0.261671374,14345000000.0,3763000000.0,3736000000.0,3115000000.0,10582000000.0,3189000000.0,13995000000.0,3463900000.0,10876900000.0,34.20909090909091,1.1993579454253611,0.5274311606831649,2.010629816635663,-0.012839576156630185,34.20909090909091,-0.07254849853840022,0.5754942681508556,-3.172069597069597,0.9205155461068296,-0.20146520146520147,1.3935402947632487,0.015878056525881232,0.419588706866504,0.11653290529695023,-0.019031021261763682,5.641530944625408,0.2616713739823891,-4.024390243902439,-1.875,0.3324232585596221,0.04026907482491718,-0.09274193548387097,-3.814432989690722,-2.51,-2.442264150943396,0.23340163934426222,-0.033357798165137564,Department Stores,Consumer Cyclical,KSS
2023Q3,2023,Q3,2022-12-01,2022-10-29,97000000.0,4277000000.0,200000000.0,0.82,1736000000.0,0.4058919804,16234000000.0,4096000000.0,5434000000.0,4486000000.0,12138000000.0,4874000000.0,14324000000.0,3597820000.0,11572820000.0,34.71186440677966,1.2113241194828355,0.5032031538745843,1.994384765625,0.009130507425596953,34.71186440677966,0.023681640625,0.8412017769464578,9.272731958762886,0.8783740234374999,0.5876288659793815,0.5213377102995487,0.015842927105858547,0.26345940618455094,0.09005795809184128,0.005975113958359,-56.2159375,0.40589198036006546,-0.26126126126126137,0.1663045052875562,0.38891888508067674,0.14578832601420239,-0.010826210826210826,-0.32167832167832167,-0.24812030075187969,0.042579578338156336,0.22255978011910219,0.011213977116270138,Department Stores,Consumer Cyclical,KSS
2023Q2,2023,Q2,2022-09-01,2022-07-30,143000000.0,4087000000.0,266000000.0,1.11,1755000000.0,0.4294103254,15623000000.0,4544000000.0,4630000000.0,3370000000.0,11079000000.0,4034000000.0,14285000000.0,3700780000.0,11070780000.0,35.77952755905512,1.3738872403560831,0.4859502016258081,1.670774647887324,0.0113462205017059,35.77952755905512,0.03147007042253521,0.9055003670173721,6.469895104895105,0.8144322183098591,0.44755244755244755,0.5780862667327714,0.01729365160857981,0.26160148499007874,0.06587537091988131,0.009153171605965564,-8.960726392251816,0.42941032542206997,3.6428571428571432,-0.09055118110236224,0.3046392849542456,0.1954973408753501,0.11428571428571428,3.6481481481481484,2.2439024390243905,-0.2571307217303232,0.15503279358703187,0.042886321153027186,Department Stores,Consumer Cyclical,KSS
2023Q1,2023,Q1,2022-06-02,2022-04-30,-54000000.0,3715000000.0,82000000.0,-0.42,1575000000.0,0.4239569314,15253000000.0,4456000000.0,4763000000.0,3394000000.0,10797000000.0,3736000000.0,14207000000.0,7350760000.0,13907760000.0,35.08661417322835,1.4033588685916323,0.47223497016980265,1.6164721723518851,-0.018657722645452707,35.08661417322835,-0.012118491921005385,1.9786702557200537,-34.0312962962963,1.6496319569120288,-1.1666666666666667,0.5728051391862955,0.008570542365687358,0.24355864420114076,0.19033588685916322,-0.003540287156624926,-10.794067547723936,0.423956931359354,-1.190909090909091,-2.0952040085898354,0.2939980863047857,0.19437813565254694,-0.32807167235494883,-1.1806020066889633,-0.8177777777777778,-2.1041402082804166,0.15232858554779985,0.038027357936376974,Department Stores,Consumer Cyclical,KSS
2022Q4,2022,Q4,2022-03-17,2022-01-29,299000000.0,6499000000.0,450000000.0,2.2,2344000000.0,0.3606708724,15054000000.0,4661000000.0,5023000000.0,3286000000.0,10393000000.0,3067000000.0,14257000000.0,8061440000.0,13259440000.0,34.78358208955224,1.5286062081558125,0.45071077454497144,1.4556962025316456,0.021412935450065528,34.78358208955224,0.06414932417936066,1.2404123711340207,6.740334448160534,1.7295515983694485,0.11036789297658862,1.3547440495598304,0.004093561448078755,0.4317125016606882,0.5407790626902008,0.019861830742659757,25.350440251572326,0.36067087244191415,0.33333333333333354,0.5345997286295794,0.3600322320709106,0.16908311446437896,0.18563480020232676,0.23045267489711935,0.16279069767441862,0.3289618086040388,0.15154624065660263,0.01952963606069527,Department Stores,Consumer Cyclical,KSS
2022Q3,2022,Q3,2021-12-02,2021-10-30,243000000.0,4600000000.0,387000000.0,1.65,1977000000.0,0.4297826087,15951000000.0,4931000000.0,5888000000.0,3939000000.0,11020000000.0,3642000000.0,13991000000.0,7036850000.0,11940850000.0,34.00689655172414,1.4947956334094947,0.4248636449125447,1.3743662543094708,0.017673903041893695,34.00689655172414,0.04928006489555871,1.52975,7.239557613168724,1.4270634759683634,0.1522633744855967,0.7202086765513455,0.005258034489864073,0.28838317346874803,0.4755013962934755,0.015234154598457776,-45.992483660130716,0.42978260869565216,-0.33467741935483875,1.0316957959376478,0.2977056653092451,0.178621634943249,-0.02177140029688273,-0.36387434554973824,-0.32105263157894737,0.7070893124866139,0.12419157750424709,0.022763806066891414,Department Stores,Consumer Cyclical,KSS
2022Q2,2022,Q2,2021-09-02,2021-07-31,382000000.0,4447000000.0,570000000.0,2.48,2021000000.0,0.45446368338205534,15506000000.0,5219000000.0,5658000000.0,3309000000.0,10287000000.0,2733000000.0,13786000000.0,7721600000.0,11759600000.0,34.33552631578947,1.7098821396192203,0.42609312524184184,1.2659513316727342,0.025939363788676742,34.33552631578947,0.07319409848630005,1.7363615920845514,5.053403141361256,1.4795171488790955,0.09947643979057591,0.8876692279546287,0.004921259842519685,0.286792209467303,0.776367482623149,0.024635624919386045,6.0230889235569425,0.45446368338205534,26.555555555555557,2.231203007518797,0.2592501699010798,0.18511883736186102,0.2218863361547763,26.285714285714285,1.0879120879120878,0.42010634462869495,0.05630974317632161,0.032506258812695914,Department Stores,Consumer Cyclical,KSS
2022Q1,2022,Q1,2021-06-03,2021-05-01,14000000.0,3887000000.0,273000000.0,0.09,1654000000.0,0.4255209673269874,14689000000.0,5117000000.0,5195000000.0,2938000000.0,9572000000.0,2667000000.0,13443000000.0,9033640000.0,13697640000.0,33.22727272727273,1.7682096664397549,0.42705425828851523,1.2259136212624584,0.04852101053700648,33.22727272727273,0.0027359781121751026,2.3240648314895807,161.315,1.7654172366621066,2.7857142857142856,0.8372703412073491,0.004317196611775541,0.2646197835114712,0.5476514635806671,0.0009530941520865954,41.24949771689498,0.4255209673269874,-0.9590909090909091,-0.02139037433155084,0.1628820575195198,0.14793107590917673,-0.22746380196170013,-0.9591836734693877,-0.1360759493670886,-0.8,-0.010303503530689824,0.023618371919342764,Department Stores,Consumer Cyclical,KSS
2021Q4,2021,Q4,2021-03-18,2021-01-30,343000000.0,6141000000.0,316000000.0,2.2,2141000000.0,0.3486402865982739,15337000000.0,5196000000.0,5835000000.0,3022000000.0,10141000000.0,2590000000.0,13468000000.0,6785240000.0,11253240000.0,33.74025974025974,1.9308405029781601,0.43939492729999347,1.2969591993841416,0.02715907205919128,33.74025974025974,0.06601231716705158,1.104907995440482,4.945510204081633,1.305858352578907,0.0,1.5444015444015444,0.0,0.40040425115733197,1.012574454003971,0.022364217252396165,18.9531843575419,0.3486402865982739,28.500000000000004,0.40709459459459435,0.16751660739448435,0.14904909332153907,0.37684887459807076,29.583333333333332,13.363636363636363,-0.21474358974358984,-0.028978326867937297,0.026012321626033372,Department Stores,Consumer Cyclical,KSS
2021Q3,2021,Q3,2020-12-03,2020-10-31,-12000000.0,3979000000.0,22000000.0,-0.08,1555000000.0,0.39080170897210353,15444000000.0,4838000000.0,5996000000.0,3743000000.0,10606000000.0,3607000000.0,13125000000.0,3278660000.0,8122660000.0,31.415584415584416,1.601923590702645,0.4391996891996892,1.4020256304257959,0.0002954923977864933,31.415584415584416,-0.0024803637866887144,0.8239909525006283,-68.30541666666666,0.677689127738735,0.0,0.6720266149154422,0.0,0.25764050764050767,0.5487576810045418,-0.000777000777000777,6.094163568773234,0.39080170897210353,-1.2666666666666668,-1.1240259740259742,0.11474892850542269,0.09615941238155347,0.23608903020667726,-1.2553191489361701,-0.8135593220338984,-1.1105561105561106,-0.009914139415524523,0.03698290176715314,Department Stores,Consumer Cyclical,KSS
2021Q2,2021,Q2,2020-09-03,2020-08-01,47000000.0,3407000000.0,118000000.0,0.3,1258000000.0,0.3692398004109187,15235000000.0,4837000000.0,5688000000.0,2566000000.0,10398000000.0,2698000000.0,13137000000.0,2932160000.0,8233160000.0,31.40909090909091,2.2166796570537803,0.5073186741056778,1.5978912549100681,0.008230929059067972,31.40909090909091,0.009716766590862104,0.8606281185793954,15.596595744680851,0.6061939218523879,0.0,0.7965159377316531,0.0,0.223629799803085,1.0261106780982072,0.00308500164095832,13.512258064516129,0.3692398004109187,1.0852272727272727,-0.5398601398601398,0.01621322197839655,0.0844075776258267,0.9625585023400937,1.0868761552680222,1.1643454038997214,-0.7534965034965034,-0.10310635310635322,0.04946843133000659,Department Stores,Consumer Cyclical,KSS
2021Q1,2021,Q1,2020-06-05,2020-05-02,-541000000.0,2428000000.0,-718000000.0,-3.52,641000000.0,0.26400329489291596,15869000000.0,4790000000.0,6170000000.0,3287000000.0,11079000000.0,3557000000.0,13090000000.0,2716560000.0,8365560000.0,31.103896103896105,1.8770915728627928,0.48446657004222066,1.6050104384133612,-0.029943436800244704,31.103896103896105,-0.11294363256784969,1.118846787479407,-1.2553419593345656,0.5671315240083508,-0.19963031423290203,0.50238965420298,0.0397561622051418,0.15300270968555044,0.6732582902342562,-0.034091625181170836,-24.92256880733945,0.26400329489291596,-3.046511627906977,-6.532263012577973,-0.2352057353270062,0.03386724626545135,-0.7364309210526315,-3.0415094339622644,-2.7905236907730675,-10.048602912239275,-0.3025605671975695,0.058803031169871456,Department Stores,Consumer Cyclical,KSS
2020Q4,2020,Q4,2020-03-18,2020-02-01,265000000.0,6832000000.0,401000000.0,1.72,2432000000.0,0.3559718969555035,14555000000.0,5450000000.0,4649000000.0,2769000000.0,9105000000.0,3537000000.0,13745000000.0,6583500000.0,11984500000.0,35.38961038961039,1.6789454676778621,0.4207488835451735,1.1236697247706422,0.01911054713731144,35.38961038961039,0.04862385321100918,0.9636270491803278,6.210849056603774,1.2079816513761468,0.39245283018867927,1.2439920836867402,0.015797068428647375,0.46939196152524904,0.2611050920910076,0.018206801786327723,15.13448275862069,0.3559718969555035,1.205128205128205,-0.07199169394291344,0.39314559513391784,0.1755186892893452,0.3145945945945946,1.1544715447154472,0.9656862745098039,0.18346080796673675,0.24404072961687803,0.18945184620286032,Department Stores,Consumer Cyclical,KSS
2020Q3,2020,Q3,2019-12-06,2019-11-02,123000000.0,4625000000.0,204000000.0,0.78,1850000000.0,0.4,15739000000.0,5355000000.0,5781000000.0,4075000000.0,10384000000.0,4887000000.0,13585000000.0,8126040000.000001,13739040000.0,34.32692307692308,1.4186503067484661,0.3877628820128344,1.1396825396825396,0.009923650536581894,34.32692307692308,0.02296918767507003,1.7569816216216219,16.516341463414637,1.5174677871148459,0.8536585365853658,0.5678330263965623,0.012921422980935364,0.29385602643115827,0.12024539877300613,0.007814981892115129,62.50800000000001,0.4,-0.4834437086092715,0.12161430119176601,0.3691774237041728,0.19449413635460158,-0.015957446808510637,-0.4896265560165975,-0.4574468085106383,-0.04412539515279239,0.21275621766724145,0.18971321414047096,Department Stores,Consumer Cyclical,KSS
2020Q2,2020,Q2,2019-09-06,2019-08-03,241000000.0,4430000000.0,376000000.0,1.51,1880000000.0,0.42437923250564336,14542000000.0,5455000000.0,4678000000.0,2840000000.0,9087000000.0,3656000000.0,13568000000.0,7978620000.0,13402620000.0,34.308176100628934,1.6471830985915492,0.4159675422912942,1.108890925756187,0.017871377987059935,34.308176100628934,0.044179651695692025,1.8010428893905193,8.276576763485476,1.4626251145737854,0.43983402489626555,0.6974835886214442,0.013285505513484787,0.30463485077705954,0.22007042253521128,0.01657268601292807,23.53575221238938,0.42437923250564336,2.9736842105263155,0.33279115159401446,0.3398806187896419,0.20483179971222282,0.12440191387559808,2.8870967741935485,2.1864406779661016,0.9487870619946093,0.1992095503640941,0.1841748222652365,Department Stores,Consumer Cyclical,KSS
2020Q1,2020,Q1,2019-06-07,2019-05-04,62000000.0,4087000000.0,118000000.0,0.38,1672000000.0,0.4091020308294593,14466000000.0,5442000000.0,4635000000.0,2792000000.0,9024000000.0,3680000000.0,13436000000.0,11139590000.0,16629590000.0,33.80124223602485,1.6601002865329513,0.41704686851928663,1.1085997794928335,0.007081612780200911,33.80124223602485,0.01139287026828372,2.725615365793981,44.91770161290322,2.046966188901139,1.7419354838709677,0.65625,0.009695150360111997,0.2825245403013964,0.19448424068767908,0.004285911793170193,-109.21166666666667,0.4091020308294593,-0.7724550898203594,-0.3653664596273291,0.28484746745616313,0.1888434182381968,-0.3252623083131558,-0.7720588235294118,-0.7324263038548753,3.145414687614176,0.16955489669925508,0.1677604925792991,Department Stores,Consumer Cyclical,KSS
2019Q4,2019,Q4,2019-03-22,2019-02-02,272000000.0,6823000000.0,441000000.0,1.67,2478000000.0,0.3631833504323611,12469000000.0,5527000000.0,4835000000.0,2730000000.0,6942000000.0,3475000000.0,13395000000.0,10803780000.0,13368780000.0,34.117283950617285,1.771062271062271,0.2806159275002005,0.63307400036186,0.031158759218890598,34.117283950617285,0.04921295458657499,1.5834354389564707,9.929944852941176,1.9547277003799528,0.3639705882352941,1.250359712230216,0.009163459455857118,0.5471970486807282,0.34212454212454213,0.021814098965434278,19.15563829787234,0.3631833504323611,0.7040816326530612,0.07074739410068746,0.47089383201860663,0.21562085672155934,0.3208955223880597,0.6894409937888198,0.7093023255813954,0.06072739406072726,0.23311916373343228,0.16188892711080538,Department Stores,Consumer Cyclical,KSS
2019Q3,2019,Q3,2018-12-07,2018-11-03,161000000.0,4628000000.0,258000000.0,0.98,1876000000.0,0.40535868625756266,14118000000.0,5453000000.0,6337000000.0,4007000000.0,8665000000.0,4844000000.0,13224000000.0,12611600000.0,15485600000.0,33.25,1.5814824057898678,0.2777305567360816,0.7190537318907023,0.01932462892274196,33.25,0.029525032092426188,2.725064822817632,19.583229813664598,2.3127819548872184,0.6149068322981367,0.5681255161023947,0.007849915950394873,0.3278084714548803,0.26129273770900924,0.011403881569627426,54.83304347826087,0.40535868625756266,-0.4431818181818182,0.19801570897064905,0.3716054532282497,0.21235651586765691,-0.04529262086513995,-0.4486301369863014,-0.42920353982300885,0.56255081300813,0.2175122722539626,0.1601662404092072,Department Stores,Consumer Cyclical,KSS
2019Q2,2019,Q2,2018-09-07,2018-08-04,292000000.0,4570000000.0,452000000.0,1.76,1965000000.0,0.4299781181619256,12915000000.0,5487000000.0,5042000000.0,2770000000.0,7428000000.0,3572000000.0,13163000000.0,11931150000.0,14797150000.0,33.25454545454546,1.820216606498195,0.30445218737901664,0.7166028795334427,0.030785694859052068,33.25454545454546,0.053216694004009475,2.6107549234135665,10.215025684931506,2.174439584472389,0.3458904109589041,0.7292833146696529,0.008465235957975551,0.3538521099496709,0.38483754512635376,0.022609368950832365,24.804885654885656,0.4299781181619256,2.911111111111111,0.6854256854256854,0.4206885831973264,0.20865686436477798,0.1477803738317757,2.8933333333333335,1.1523809523809523,1.6681585081585084,0.27223015247388344,0.14812240780181601,Department Stores,Consumer Cyclical,KSS
2019Q1,2019,Q1,2018-06-08,2018-05-05,75000000.0,4208000000.0,210000000.0,0.45,1712000000.0,0.4068441064638783,12916000000.0,5356000000.0,4983000000.0,2830000000.0,7560000000.0,3726000000.0,12972000000.0,10411500000.0,13576500000.0,32.46060606060606,1.7607773851590105,0.30868689996903065,0.7443988050784167,0.01472219911330298,32.46060606060606,0.014002987303958178,2.4742157794676807,34.705000000000005,1.9438946975354743,1.3466666666666667,0.6698872785829307,0.009700811602554866,0.32579746051409103,0.2904593639575972,0.005806751316196965,40.99015748031496,0.4068441064638783,-0.8398576512455516,-0.313543599257885,0.3483383489575442,0.19685343721218165,-0.2533798517226341,-0.8397435897435898,-0.6296296296296297,-0.2841803865425913,0.23711037123600803,0.07896313979079475,Department Stores,Consumer Cyclical,KSS
2018Q4,2018,Q4,2018-03-23,2018-02-03,468000000.0,6776000000.0,567000000.0,2.81,2293000000.0,0.33840023612750886,13340000000.0,5426000000.0,5331000000.0,2651000000.0,7914000000.0,3542000000.0,13006000000.0,10472550000.0,13678550000.0,32.88484848484848,2.010939268200679,0.3383808095952024,0.8319203833394766,0.046173755211721935,32.88484848484848,0.08625138223368964,1.5455357142857142,5.594310897435897,1.9300681901953558,0.19444444444444445,1.2656691134952005,0.008689383197024603,0.5079460269865067,0.4933987174651075,0.035082458770614694,15.025179340028695,0.33840023612750886,3.014285714285715,0.7078369905956113,0.4699043414275204,0.23426928010261333,0.43761755485893417,3.0,1.206225680933852,0.5296378418329639,0.28961127768134254,0.09231928701132494,Department Stores,Consumer Cyclical,KSS
2018Q3,2018,Q3,2017-12-01,2017-10-28,117000000.0,4332000000.0,257000000.0,0.7,1595000000.0,0.36819021237303784,13900000000.0,5029000000.0,5700000000.0,3505000000.0,8871000000.0,4632000000.0,12631000000.0,7068280000.0,10881280000.0,30.295180722891565,1.6262482168330956,0.3272661870503597,0.9045535891827401,0.014501056871400237,30.295180722891565,0.0232650626367071,1.6316435826408127,15.103162393162393,1.4055040763571287,0.7777777777777778,0.5908894645941278,0.012874419236363021,0.3116546762589928,0.2099857346647646,0.00841726618705036,20.48776811594203,0.36819021237303784,-0.435483870967742,-0.23617259736620902,0.3542222341481741,0.1560394871329405,-0.023270055113288425,-0.4375,-0.36855036855036855,0.0026302392669269124,0.20518287140330882,0.05419922584394422,Department Stores,Consumer Cyclical,KSS
2018Q2,2018,Q2,2017-08-31,2017-07-29,208000000.0,4144000000.0,407000000.0,1.24,1633000000.0,0.39406370656370654,13038000000.0,5028000000.0,4740000000.0,2615000000.0,8010000000.0,3853000000.0,12606000000.0,6928320000.0,10942320000.0,29.928571428571427,1.812619502868069,0.35020708697653014,0.9081145584725537,0.022438221735940594,29.928571428571427,0.04136833731105807,1.671891891891892,8.327307692307693,1.377947494033413,0.4423076923076923,0.6516999740461977,0.01327883238649485,0.3178401595336708,0.21108986615678776,0.01595336708084062,47.13142857142857,0.39406370656370654,2.1794871794871793,0.22777777777777786,0.3961157352358305,0.15109890109890103,0.1680972818311874,2.1515151515151514,1.2,0.08866995073891633,0.18623290900518635,0.051029191156579605,Department Stores,Consumer Cyclical,KSS
2018Q1,2018,Q1,2017-06-02,2017-04-29,66000000.0,3843000000.0,185000000.0,0.39,1398000000.0,0.36377829820452773,13244000000.0,4994000000.0,4944000000.0,2839000000.0,8250000000.0,3991000000.0,12493000000.0,6635100000.0,10596100000.0,29.376470588235293,1.741458259950687,0.34627000906070676,0.9183019623548258,0.00985123108115849,29.376470588235293,0.013215859030837005,1.7265417642466823,25.132954545454545,1.3286143372046457,1.4242424242424243,0.6126284139313455,0.01416708112914651,0.290169133192389,0.22014793941528707,0.0049833887043189366,-39.03,0.36377829820452773,-0.7291666666666665,-0.3873949579831933,0.2946569436164756,0.1330924369747898,-0.3256150506512301,-0.7391304347826086,-0.609704641350211,-0.3601882352941176,0.14417979476803,0.03321716598539703,Department Stores,Consumer Cyclical,KSS
2017Q4,2017,Q4,2017-03-17,2017-01-28,253000000.0,6205000000.0,474000000.0,1.44,2073000000.0,0.334085414987913,13574000000.0,5177000000.0,5247000000.0,2974000000.0,8397000000.0,3795000000.0,12522000000.0,6786000000.0,10323000000.0,29.75287356321839,1.7642905178211163,0.3396935317518786,0.8906702723585088,0.02590110229036915,29.75287356321839,0.04887000193162063,1.0936341659951652,6.705533596837944,1.3107977593200695,0.34782608695652173,1.0888010540184454,0.012967875036840555,0.4571239133637837,0.36112979152656355,0.018638573743922204,9.8205499276411,0.334085414987913,0.7560975609756098,-0.15819721718088323,0.5643872978764853,0.2069389398724116,0.2899813316739266,0.7328767123287672,0.574750830564784,-0.07273384265950852,0.2454133238348853,0.06011409651480716,Department Stores,Consumer Cyclical,KSS
2017Q3,2017,Q3,2016-12-02,2016-10-29,146000000.0,4327000000.0,301000000.0,0.82,1607000000.0,0.3713889530852785,14076000000.0,5107000000.0,5654000000.0,3526000000.0,8969000000.0,4721000000.0,12358000000.0,7809240000.0,11836240000.0,28.853107344632768,1.603516732841747,0.3285024154589372,0.9054239279420403,0.016894347855337388,28.853107344632768,0.02858821225768553,1.8047700485324705,13.371986301369864,1.5291247307616995,0.6027397260273972,0.5761491209489515,0.01126870220405571,0.3074026712134129,0.16931366988088487,0.010372264847968172,42.67344262295082,0.3713889530852785,0.06493506493506485,0.03205076712988994,0.4748241564155798,0.17713187126920887,-0.026060606060606062,0.04285714285714286,-0.0033112582781456954,0.006607296753806345,0.18821034645837478,0.05203767495622512,Department Stores,Consumer Cyclical,KSS
2017Q2,2017,Q2,2016-09-02,2016-07-30,140000000.0,4182000000.0,302000000.0,0.77,1650000000.0,0.3945480631276901,13360000000.0,5215000000.0,4955000000.0,2803000000.0,8145000000.0,3928000000.0,12301000000.0,7486200000.000001,11415200000.0,28.97222222222222,1.7677488405280057,0.3464820359281437,0.8876318312559923,0.016160102739726026,28.97222222222222,0.026845637583892617,1.790100430416069,13.368214285714286,1.4355129434324068,0.65,0.6446028513238289,0.012155699821003979,0.3130239520958084,0.2497324295397788,0.010479041916167664,13.786740331491714,0.3945480631276901,7.555555555555556,-0.282051282051282,0.5095103578154425,0.12974474898747293,0.16855524079320114,7.235294117647059,1.849056603773585,-0.2592592592592593,0.19173078417657574,0.05301319823044592,Department Stores,Consumer Cyclical,KSS
2017Q1,2017,Q1,2016-06-03,2016-04-30,17000000.0,3972000000.0,106000000.0,0.09,1412000000.0,0.3554884189325277,13304000000.0,5297000000.0,4855000000.0,2647000000.0,8007000000.0,4084000000.0,12254000000.0,8106899999.999999,12373900000.0,28.94535519125683,1.8341518700415564,0.35252555622369214,0.8854068340570134,0.005616016555094307,28.94535519125683,0.003209363790824995,2.0410120845921447,119.21911764705881,1.530470077402303,5.352941176470588,0.6268364348677767,0.011225005859206355,0.29855682501503306,0.15980355119002645,0.0012778111846061336,-219.10540540540538,0.3554884189325277,-0.9430379746835442,-0.8732033253049492,0.5019260916488762,0.06547319722417774,-0.3314393939393939,-0.9425675675675675,-0.8040665434380776,-0.8597078175532509,0.14753317534619884,0.0672427923034407,Department Stores,Consumer Cyclical,KSS
2016Q4,2016,Q4,2016-03-18,2016-01-30,296000000.0,6387000000.0,541000000.0,1.58,2112000000.0,0.33067167684358856,13606000000.0,5491000000.0,5076000000.0,2714000000.0,8115000000.0,4038000000.0,12329000000.0,9303250000.0,13304250000.0,29.363636363636363,1.8703021370670596,0.346023813023666,0.8574030231287562,0.02861037710398008,29.363636363636363,0.05390639227827354,1.4565915140128385,7.857474662162161,1.6942724458204335,0.28716216216216217,1.0586924219910847,0.009136592051164915,0.46942525356460385,0.26050110537951365,0.021755108040570337,10.025053879310345,0.33067167684358856,1.5079365079365081,-0.021955567149254333,0.719633054823905,0.1017706065842328,0.28545343883140595,1.4666666666666666,0.7564935064935064,-0.04690846678676288,0.22251706221320566,0.1021073833573833,Department Stores,Consumer Cyclical,KSS
2016Q3,2016,Q3,2015-12-04,2015-10-31,120000000.0,4427000000.0,308000000.0,0.63,1643000000.0,0.37113169189067086,14898000000.0,5474000000.0,6203000000.0,3939000000.0,9424000000.0,5254000000.0,12118000000.0,8808920000.0,13442920000.0,28.659685863874344,1.5747651688245747,0.34467713787085513,0.9380708805261235,0.01557963317045535,28.659685863874344,0.021921812203142127,1.9898170318500112,18.351916666666664,1.6092290829375229,0.7166666666666667,0.529881994670727,0.009762831311897487,0.2971539804000537,0.13632901751713633,0.008054772452678213,-73.40766666666667,0.37113169189067086,-0.04545454545454549,0.09590671108995709,0.686972312626763,0.022608503046190567,-0.011432009626955475,-0.07692307692307693,-0.27358490566037735,-0.31912821137221475,0.20277871710257825,0.0936303318510845,Department Stores,Consumer Cyclical,KSS
2016Q2,2016,Q2,2015-09-04,2015-08-01,130000000.0,4267000000.0,424000000.0,0.66,1662000000.0,0.3895008202484181,14355000000.0,5677000000.0,5626000000.0,3178000000.0,8678000000.0,4252000000.0,12085000000.0,12018720000.0,16130720000.0,28.964285714285715,1.7702957835116426,0.3515151515151515,0.8888497445834067,0.020830270706600422,28.964285714285715,0.02289941870706359,2.8166674478556364,23.112923076923078,2.1170900123304564,0.676923076923077,0.6126528692380057,0.007321911151936313,0.2972483455242076,0.2938955317809943,0.009056078021595262,240.3744,0.3895008202484181,0.04761904761904766,-0.21683673469387763,0.6301256844201093,0.061482119408584765,0.0912672357189757,0.023622047244094488,0.5142857142857142,-0.34226190476190477,0.23218957023951076,0.11401098901098905,Department Stores,Consumer Cyclical,KSS
2016Q1,2016,Q1,2015-06-05,2015-05-02,127000000.0,4123000000.0,280000000.0,0.63,1523000000.0,0.3693912199854475,14563000000.0,6017000000.0,5829000000.0,2985000000.0,8546000000.0,4165000000.0,12044000000.0,14618000000.0,18169000000.0,30.085,1.9527638190954775,0.32589438989219255,0.7887651653647997,0.014267739181233991,30.085,0.021106863885657304,3.545476594712588,28.775590551181104,2.429449891972744,0.7086614173228346,0.6242496998799519,0.006156792994937748,0.2831147428414475,0.40033500837520936,0.008720730618691204,-197.54054054054055,0.3693912199854475,-0.6557377049180328,-0.02037688442211047,0.5684770755885996,0.14068111646288753,-0.29063809967396365,-0.6558265582655827,-0.5718654434250765,0.001980519480519492,0.1806375206222012,0.16042142857142855,Department Stores,Consumer Cyclical,KSS
2015Q4,2015,Q4,2015-03-20,2015-01-31,369000000.0,6337000000.0,654000000.0,1.83,2147000000.0,0.33880385040239863,14431000000.0,5991000000.0,5698000000.0,2859000000.0,8440000000.0,3814000000.0,12008000000.0,11884280000.0,15238280000.0,30.105527638190956,1.993004547044421,0.3299147668214261,0.7946920380570857,0.03334300494080976,30.105527638190956,0.06159238858287431,1.8753795171216665,8.051680216802168,1.983688866633283,0.21138211382113822,1.098584163607761,0.00656329201264191,0.43912410782343564,0.49213011542497376,0.025569953572171022,12.214059609455292,0.33880385040239863,1.6142857142857145,0.3121873870512656,0.7093430899658447,0.16925836363787614,0.3187960687960688,1.5985915492957747,1.1513157894736843,0.07352552234858498,0.3969548640510628,0.22124451390325942,Department Stores,Consumer Cyclical,KSS
2015Q3,2015,Q3,2014-12-05,2014-11-01,142000000.0,4374000000.0,304000000.0,0.7,1628000000.0,0.37219935985368086,15047000000.0,5805000000.0,6078000000.0,3655000000.0,9242000000.0,4973000000.0,11718000000.0,10952440000.0,15109440000.0,28.737623762376238,1.6629274965800274,0.31820296404598925,0.8248062015503876,0.01565889380768522,28.737623762376238,0.02446167097329888,2.503987197073617,19.282464788732394,1.8867252368647718,0.5563380281690141,0.552181781620752,0.007213004590757859,0.29068917392171195,0.18686730506155952,0.009437097095766598,842.4953846153846,0.37219935985368086,-0.3805309734513274,0.1109116092956445,0.6302905284357119,0.18525696383025733,-0.015719467956469165,-0.3879310344827586,-0.3259423503325942,-0.12045422551733846,0.3063333755679042,0.17242044093143666,Department Stores,Consumer Cyclical,KSS
2015Q2,2015,Q2,2014-09-05,2014-08-02,232000000.0,4242000000.0,451000000.0,1.13,1654000000.0,0.3899104196133899,14101000000.0,5809000000.0,5077000000.0,2684000000.0,8292000000.0,3899000000.0,11656000000.0,10926240000.0,14973240000.0,28.475490196078432,1.8915797317436662,0.33990497127863273,0.8250989843346531,0.02268347071496985,28.475490196078432,0.0399380271991737,2.5757284299858556,11.77396551724138,1.8809158202788776,0.3448275862068966,0.6637599384457553,0.007321823426906236,0.3008297283880576,0.2779433681073025,0.016452733848663217,30.952521246458925,0.3899104196133899,0.8833333333333332,0.5146844764106515,0.6663704367716609,0.21707182032005629,0.10561497326203209,0.856,0.6107142857142858,0.04977375565610863,0.35103024260551663,0.11037514751591518,Department Stores,Consumer Cyclical,KSS
2015Q1,2015,Q1,2014-06-06,2014-05-03,125000000.0,4070000000.0,280000000.0,0.6,1496000000.0,0.3675675675675676,14133000000.0,5857000000.0,5115000000.0,2621000000.0,8276000000.0,3981000000.0,11506000000.0,11478320000.0,15584320000.0,28.432038834951456,1.95154521175124,0.34125804853888064,0.8234591087587502,0.014120618321703993,28.432038834951456,0.021341983950828067,2.820226044226044,22.95664,1.9597609697797507,0.64,0.6465712132629993,0.006969661065382391,0.2879784900587278,0.27355971003433804,0.008844548220476898,3826.1066666666666,0.3675675675675676,-0.6153846153846154,0.35089646375168293,0.6563966118159451,0.2595166077937826,-0.27903614457831327,-0.625748502994012,-0.5402298850574713,-0.17176643813555423,0.36715451402658356,0.046578116623979926,Department Stores,Consumer Cyclical,KSS
2014Q4,2014,Q4,2014-03-21,2014-02-01,334000000.0,6099000000.0,609000000.0,1.56,2075000000.0,0.34021970814887686,14378000000.0,5978000000.0,5292000000.0,2736000000.0,8400000000.0,3874000000.0,11462000000.0,10784190000.0,14674190000.0,28.065727699530516,1.9342105263157894,0.33808596466824314,0.8131482101037136,0.030187997107736807,28.065727699530516,0.05587152893944463,1.7681898671913427,8.071998502994013,1.8039795918367347,0.218562874251497,1.0387196695921528,0.006769168569915775,0.42418973431631657,0.35489766081871343,0.023229934622339684,15.584089595375723,0.34021970814887686,0.9259259259259258,0.42580719749747803,0.6702498356982999,0.2718909689028965,0.2454981992797119,0.8870056497175142,0.6684931506849315,-0.031108057559448864,0.4416488996916244,0.05307099736574632,Department Stores,Consumer Cyclical,KSS
2014Q3,2014,Q3,2013-12-06,2013-11-02,177000000.0,4444000000.0,365000000.0,0.81,1666000000.0,0.3748874887488749,15245000000.0,5924000000.0,5987000000.0,3641000000.0,9321000000.0,4959000000.0,11204000000.0,12279600000.0,16564600000.0,27.425925925925927,1.6443284811864873,0.3203017382748442,0.824274139095206,0.01782532423852301,27.425925925925927,0.02987846049966239,2.7631863186318633,17.34406779661017,2.0728561782579336,0.4293785310734463,0.5601935874168179,0.006189126681650868,0.29150541161036403,0.1642405932436144,0.011610364053788126,172.95211267605634,0.3748874887488749,-0.22115384615384612,0.5583192499304502,0.6474138435272334,0.3062742335745569,-0.0059665871121718375,-0.23376623376623376,-0.19068736141906872,0.4293718434343433,0.49744920358955436,-0.021413382233930765,Department Stores,Consumer Cyclical,KSS
2014Q2,2014,Q2,2013-09-04,2013-08-03,231000000.0,4289000000.0,451000000.0,1.04,1676000000.0,0.39076707857309395,14097000000.0,6053000000.0,4882000000.0,2683000000.0,8044000000.0,3856000000.0,11103000000.0,11783200000.0,15778200000.0,27.513636363636362,1.8196049198658217,0.3253883805064907,0.7578060465884685,0.02229068980014956,27.513636363636362,0.038162894432512806,2.747307064583819,12.752380952380953,1.9466710721956058,0.329004329004329,0.6776452282157677,0.006449860818792857,0.30424913102078455,0.22064852776742452,0.016386465205362844,38.25714285714286,0.39076707857309395,0.5757575757575757,0.36075800266932195,0.6005939352944176,0.3501070477615106,0.0968586387434555,0.5714285714285714,0.4227129337539432,0.2398076923076923,0.45978159645232813,0.008318773264457808,Department Stores,Consumer Cyclical,KSS
2014Q1,2014,Q1,2013-06-07,2013-05-04,147000000.0,4199000000.0,317000000.0,0.66,1528000000.0,0.3638961657537509,14050000000.0,6021000000.0,4911000000.0,2699000000.0,8029000000.0,3961000000.0,10948000000.0,10724820000.0,14743820000.0,27.12162162162162,1.8195628010374212,0.3229181494661922,0.7535293140674306,0.015801081142666477,27.12162162162162,0.024414549078226207,2.554136699214099,18.239489795918367,1.7812356751370206,0.5238095238095238,0.674324665488513,0.007179607676399231,0.2988612099644128,0.19192293442015562,0.010462633451957295,63.08717647058823,0.3638961657537509,-0.6024096385542168,0.3356709754768007,0.6101727811653894,0.37323680482474625,-0.2765151515151515,-0.610079575596817,-0.5379008746355685,0.021526551677305533,0.43908927514875457,0.028323803610946986,Department Stores,Consumer Cyclical,KSS
2013Q4,2013,Q4,2013-03-22,2013-02-02,377000000.0,6342000000.0,686000000.0,1.66,2112000000.0,0.3330179754020814,13905000000.0,6048000000.0,4719000000.0,2535000000.0,7857000000.0,3748000000.0,10878000000.0,10444270000.0,14460270000.0,26.643171806167402,1.8615384615384616,0.3274361740381158,0.7528108465608465,0.033985110373880634,26.643171806167402,0.06233465608465608,1.6468416903185115,6.92590848806366,1.7268964947089946,0.19363395225464192,1.1286019210245464,0.00698947844128886,0.45609492988133765,0.2118343195266272,0.02711254944264653,24.986291866028708,0.3330179754020814,0.824175824175824,0.2667676866223616,0.5987096002810625,0.3711078788863457,0.2336448598130841,0.7534883720930232,0.6141176470588235,0.17527111420014926,0.49968134940386755,0.03478510134739044,Department Stores,Consumer Cyclical,KSS
2013Q3,2013,Q3,2012-11-30,2012-10-27,215000000.0,4490000000.0,425000000.0,0.91,1712000000.0,0.38129175946547883,15128000000.0,6106000000.0,5773000000.0,3671000000.0,9022000000.0,4818000000.0,10575000000.0,12195220000.0,16223220000.0,26.206008583690988,1.5725960228820486,0.3026176626123744,0.7497543399934491,0.020740412878916845,26.206008583690988,0.035211267605633804,2.716084632516704,14.180488372093023,1.9972518833933837,0.34418604651162793,0.5765877957658779,0.006067951213672242,0.2968006345848757,0.14982293652955597,0.014212057112638815,-134.0134065934066,0.38129175946547883,-0.08999999999999997,0.5075010787408359,0.5967194033262104,0.42986363326370325,0.04263093788063337,-0.10416666666666667,-0.0700218818380744,0.4582267784473748,0.45086838093280623,0.0808428151488508,Department Stores,Consumer Cyclical,KSS
2013Q2,2013,Q2,2012-08-31,2012-07-28,240000000.0,4205000000.0,457000000.0,1.0,1642000000.0,0.390487514863258,13829000000.0,6188000000.0,4463000000.0,2623000000.0,7641000000.0,3494000000.0,10434000000.0,11726260000.0,15358260000.0,26.0,1.7014868471216165,0.306023573649577,0.6839043309631545,0.02325380720668729,26.0,0.03878474466709761,2.7886468489892984,12.214854166666667,1.895,0.31666666666666665,0.7335432169433315,0.00648117984762405,0.304071154819582,0.2287457110179184,0.01735483404439945,-134.78459770114944,0.390487514863258,0.5873015873015873,0.20041740881417783,0.5776183420339754,0.4286739581545567,0.07742782152230972,0.5584415584415584,0.4236760124610592,0.34306997908333636,0.41585930220748313,0.11126681614349775,Department Stores,Consumer Cyclical,KSS
2013Q1,2013,Q1,2012-06-01,2012-04-28,154000000.0,4243000000.0,321000000.0,0.63,1524000000.0,0.3591798255950978,14232000000.0,6300000000.0,4849000000.0,2889000000.0,7932000000.0,3424000000.0,10271000000.0,12344400000.0,15562400000.0,25.925925925925927,1.678435444790585,0.29841202922990445,0.6741269841269841,0.01634686003980732,25.925925925925927,0.024444444444444446,2.9093565873202922,20.039610389610388,1.9594285714285713,0.5,0.7941004672897196,0.006237646220148408,0.2981309724564362,0.3561786085150571,0.010820685778527262,51.435,0.3591798255950978,-0.6352631578947368,-0.024071197691315386,0.5729059078089945,0.41146031645411213,-0.2999540652273771,-0.6622807017543859,-0.6012422360248447,0.4108918326274368,0.4638746926023208,0.14849780790231043,Department Stores,Consumer Cyclical,KSS
2012Q4,2012,Q4,2012-01-31,2012-01-31,456000000.0,6018000000.0,805000000.0,1.7272727272727273,2177000000.0,0.3617480890661349,14094000000.0,6508000000.0,4775000000.0,2590000000.0,7586000000.0,3199000000.0,10195000000.0,12141360000.0,15180360000.0,24.651515151515152,1.8436293436293436,0.3011210444160636,0.652120467117394,0.039170680252835925,24.651515151515152,0.07006760909649662,2.0175074775672983,6.656447368421053,1.8656054087277198,0.14035087719298245,1.2006877149109096,0.005271238147950477,0.426990208599404,0.46525096525096526,0.032354193273733504,13.939563719862228,0.3617480890661349,1.159090909090909,0.16308060932614418,0.3696353598921511,0.4355206787919456,0.2896919431279621,1.161137440758294,0.9397590361445783,0.5705611671944185,0.32969080120716177,0.11716467239541882,Department Stores,Consumer Cyclical,KSS
2012Q3,2012,Q3,2011-10-31,2011-10-31,211000000.0,4376000000.0,415000000.0,0.8,1688000000.0,0.3857404021937843,14682000000.0,6471000000.0,5343000000.0,3200000000.0,8211000000.0,4130000000.0,9803000000.0,13994640000.0,17473640000.0,24.511363636363637,1.6696875,0.28872088271352675,0.655076495132128,0.02010806664952052,24.511363636363637,0.032607015917168906,3.1980438756855576,16.581327014218008,2.1626703755215577,0.3080568720379147,0.6508474576271186,0.004644635374686308,0.29805203650728784,0.2703125,0.014371339054624711,-241.28689655172414,0.3857404021937843,-0.26605504587155965,0.16383162931431053,0.4897652566388914,0.4491687742064553,-0.023148148148148147,-0.29431438127090304,-0.2413162705667276,0.5199015180369414,0.3272593653030963,0.1674560353745721,Department Stores,Consumer Cyclical,KSS
2012Q2,2012,Q2,2011-07-31,2011-07-31,299000000.0,4248000000.0,547000000.0,1.09,1728000000.0,0.4067796610169492,13878000000.0,7078000000.0,4608000000.0,2617000000.0,6800000000.0,3095000000.0,9660000000.0,15050280000.0,17551280000.0,25.644927536231883,1.7607948032097822,0.26444732670413607,0.5185080531223509,0.026849821059198215,25.644927536231883,0.04224357163040407,3.542909604519774,12.583846153846155,2.126346425543939,0.23411371237458195,0.81421647819063,0.004651076259046344,0.30609597924773024,0.44669468857470385,0.02154489119469664,55.33191176470588,0.4067796610169492,0.493150684931507,0.5543980983367618,0.5590083832044878,0.6075692268813309,0.08953341740226986,0.41706161137440756,0.511049723756906,0.40395666942072883,0.2636396006034572,0.25840862866677317,Department Stores,Consumer Cyclical,KSS
2012Q1,2012,Q1,2011-04-30,2011-04-30,211000000.0,4162000000.0,362000000.0,0.73,1586000000.0,0.3810667948101874,13186000000.0,7824000000.0,5205000000.0,2571000000.0,5362000000.0,3193000000.0,9692000000.0,15180480000.0,15295480000.0,27.166666666666668,2.0245040840140023,0.13521917184893067,0.22788854805725972,0.02387585878790209,27.166666666666668,0.02696830265848671,3.6474002883229217,17.986350710900474,1.9402453987730062,0.3412322274881517,0.8067647979956154,0.00474293302978562,0.3156377976641893,0.6487747957992999,0.016001820112240255,115.88152671755725,0.3810667948101874,-0.5514457831325301,0.5125316609697682,0.5667701925249086,0.5429238734698353,-0.28622862286228623,-0.5711382113821138,-0.5585365853658537,0.4778321011263297,0.23023808874525187,0.3755175502238906,Department Stores,Consumer Cyclical,KSS
2011Q4,2011,Q4,2012-03-16,2011-01-28,492000000.0,6038000000.0,820000000.0,1.6274509803921569,2222000000.0,0.36800264988406756,13564000000.0,8102000000.0,5645000000.0,2710000000.0,5462000000.0,3036000000.0,9553000000.0,15564800000.0,15383800000.0,26.651315789473685,2.0830258302583027,0.15452668829253907,0.25870155517156257,0.05020393169557483,26.651315789473685,0.06072574672920267,2.5778072209340843,7.9089430894308945,1.9211058997778327,0.0,1.256916996047431,0.0,0.4451489236213506,0.8402214022140222,0.03627248599233265,19.027872860635696,0.36800264988406756,1.583255524431995,0.496199749920929,0.47983701291228975,0.5505828362653888,0.36991368680641185,1.7954545454545454,1.303370786516854,0.23444857525418675,0.13655047417531388,0.37152698362950465,Department Stores,Consumer Cyclical,KSS
2011Q3,2011,Q3,2010-12-09,2010-10-30,176000000.0,4218000000.0,356000000.0,0.63,1622000000.0,0.3845424371740161,14655000000.0,8604000000.0,6810000000.0,3467000000.0,6051000000.0,4030000000.0,0.0,15724540000.0,15368540000.0,28.026058631921824,1.9642342082492068,0.14227226202661208,0.24232914923291493,0.021161469346840246,28.026058631921824,0.020455602045560205,3.7279611190137505,22.335994318181818,1.8275848442584843,0.0,0.6441687344913152,0.0,0.2878198567041965,0.7132967983847707,0.012009553053565335,-142.95036363636365,0.3845424371740161,-0.24999999999999997,0.27292184617294457,0.517111647139846,0.7351900234929958,-0.01756511205330103,-0.3230769230769231,-0.2071269487750557,-0.06341028350876139,0.13843013375548974,0.529169995252179,Department Stores,Consumer Cyclical,KSS
2011Q2,2011,Q2,2010-09-03,2010-07-31,260000000.0,4100000000.0,449000000.0,0.84,1651000000.0,0.4026829268292683,13706000000.0,8377000000.0,5770000000.0,2693000000.0,5329000000.0,2930000000.0,8898000000.0,14640830000.0,14207830000.0,27.286644951140065,2.14259190493873,0.15212315774113527,0.2488957860809359,0.026694924168487646,27.286644951140065,0.031037364211531575,3.5709341463414632,14.077721153846152,1.7477414348812224,0.0,0.8358361774744028,0.0,0.299139063184007,0.93501670998886,0.018969794250693128,131.89936936936937,0.4026829268292683,0.31249999999999994,0.5566944143871111,0.5910298271176697,0.7402690185402463,0.0741704619388419,0.3065326633165829,0.2792022792022792,0.008168149530691228,0.19249999276241897,0.49937380950397414,Department Stores,Consumer Cyclical,KSS
2011Q1,2011,Q1,2010-06-04,2010-05-01,199000000.0,4035000000.0,351000000.0,0.64,1537000000.0,0.3809169764560099,13466000000.0,8097000000.0,5705000000.0,2738000000.0,5369000000.0,3017000000.0,8638000000.0,16881930000.0,16565930000.0,26.37459283387622,2.0836376917457997,0.1538690034160107,0.2558972458935408,0.02146505310256662,26.37459283387622,0.024577003828578487,4.183873605947955,21.20845477386935,2.0849610967024823,0.0,0.8279748094133245,0.0,0.2996435467102332,0.8721694667640614,0.014777959304916086,175.8534375,0.3809169764560099,-0.527361347020161,0.7852106285432727,0.6461318520243161,0.7493859295562436,-0.257487922705314,-0.5382830626450116,-0.5138504155124654,-0.0017981070848796816,0.18397122920699296,0.43588665855226394,Department Stores,Consumer Cyclical,KSS
2010Q4,2010,Q4,2010-03-19,2010-01-30,431000000.0,5682000000.0,722000000.0,1.3541,2070000000.0,0.36430834213305174,13160000000.0,7853000000.0,5485000000.0,2390000000.0,5307000000.0,2923000000.0,8439000000.0,15362850000.0,15163850000.0,25.74754098360656,2.294979079497908,0.15714285714285714,0.2633388513943716,0.045319084763678325,25.74754098360656,0.0548834840188463,2.7037750791974657,8.91116589327146,1.9563033235706098,0.0,1.2357167293876155,0.0,0.4317629179331307,0.9485355648535565,0.03275075987841945,20.214276315789473,0.36430834213305174,1.1493650793650796,0.5426656879948354,0.5808133233641369,0.7941840049276365,0.34502923976608185,1.233160621761658,1.1297935103244838,-0.04846157570056092,0.11932986959095464,0.49934506186888844,Department Stores,Consumer Cyclical,KSS
2010Q3,2010,Q3,2009-12-04,2009-10-31,193000000.0,4051000000.0,339000000.0,0.63,1539000000.0,0.3799061960009874,13310000000.0,7395000000.0,5575000000.0,3007000000.0,5915000000.0,3807000000.0,8008000000.0,17452100000.0,19291100000.0,24.24590163934426,1.8540073162620552,0.15559729526671676,0.28005409060175795,0.022400645858412387,24.24590163934426,0.02609871534820825,4.308096766230561,22.606347150259065,2.3599864773495605,0.0,0.6598371421066457,0.0,0.30435762584522913,0.5091453275690057,0.014500375657400451,132.2128787878788,0.3799061960009874,-0.16,0.5065834649892548,0.6569869843731392,0.7721368807047696,0.0125,-0.1572052401746725,-0.15037593984962405,-0.07855568057147456,0.19373206343547178,0.43347404409979373,Department Stores,Consumer Cyclical,KSS
2010Q2,2010,Q2,2009-09-04,2009-08-01,229000000.0,3806000000.0,399000000.0,0.75,1520000000.0,0.39936941671045717,12059000000.0,7136000000.0,4281000000.0,2101000000.0,4923000000.0,2724000000.0,7816000000.0,14807750000.0,16655750000.0,23.39672131147541,2.0376011423131843,0.17157309893025957,0.2899383408071749,0.026926663146032447,23.39672131147541,0.032090807174887895,3.890633210719916,16.165665938864628,2.0750770739910314,0.0,0.8392070484581498,0.0,0.3156148934405838,0.6444550214183722,0.018989966000497554,31.98218142548596,0.39936941671045717,0.6751840468872847,0.6437299488806628,0.7037025913967021,0.7777870570094969,0.1111111111111111,0.6715328467153284,0.5896414342629482,0.07729784974260318,0.2639851426225288,0.46663893423396857,Department Stores,Consumer Cyclical,KSS
2010Q1,2010,Q1,2009-06-05,2009-05-02,137000000.0,3638000000.0,251000000.0,0.447712,1368000000.0,0.3760307861462342,11538000000.0,6885000000.0,3899000000.0,1854000000.0,4653000000.0,2804000000.0,7585000000.0,12980800000.0,14814800000.0,22.57377049180328,2.1030204962243797,0.1796671866874675,0.3010893246187364,0.017495071291385254,22.57377049180328,0.01989832970225127,3.5681143485431557,23.687591240875914,1.8853740014524327,0.0,0.8095577746077033,0.0,0.31530594557115615,0.48220064724919093,0.01187380828566476,60.942723004694834,0.3760307861462342,-0.5929079003075567,0.3437989326124834,0.706032336690666,0.7761315554342181,-0.2492653172100987,-0.5921077311960176,-0.561713682041611,-0.07266802555787148,0.2931787748614062,0.2820715118784853,Department Stores,Consumer Cyclical,KSS
2009Q4,2009,Q4,2009-03-20,2009-01-31,335873000.0,5235602000.0,572685000.0,1.0997806155861165,1822215000.0,0.3480430712647753,11334000000.0,6739000000.0,3700000000.0,1815000000.0,4595000000.0,2799000000.0,7448000000.0,11211234000.0,13114234000.0,22.066142763588736,2.038567493112948,0.1826363155108523,0.30716723549488056,0.04020237440948444,22.066142763588736,0.04984018400356136,2.1413457325442233,8.344846117431292,1.6636346638967205,0.0,1.2195023222579493,0.0,0.46193770954649727,0.37245179063360884,0.029634109758249514,15.969827328332569,0.3480430712647753,1.1149627222809932,0.5345527339637092,0.6575781506876466,0.8131627071396423,0.28072732793223487,1.0971484231098234,1.0070337388159347,0.016726444167441422,0.2772971778177163,0.28381587243494594,Department Stores,Consumer Cyclical,KSS
2009Q3,2009,Q3,2008-12-05,2008-11-01,160157000.0,3803649000.0,285339000.0,0.52,1422797000.0,0.37406106609731865,11872410000.0,6394547000.0,4217822000.0,2719183000.0,5477863000.0,3712033000.0,7112512000.0,10699438710.0,12832352710.0,20.995534644265465,1.5511357639408603,0.20011808891370833,0.3715484458867845,0.020268796799748336,20.995534644265465,0.025045871114873344,2.8129406025634855,16.701484652559678,1.6732129281401795,0.0,0.6413876169743103,0.0,0.3203771601553518,0.10264149194813295,0.013489847469890275,-32.33572502311974,0.37406106609731865,-0.3246753246753247,0.47444546985018726,0.7724061821410131,0.8112676723522068,-0.035351316462115694,-0.32141177467533844,-0.29814364320168046,0.167590431738089,0.3790084602554479,0.2999060171498974,Department Stores,Consumer Cyclical,KSS
2009Q2,2009,Q2,2008-09-05,2008-08-02,236015000.0,3725490000.0,406549000.0,0.77,1474938000.0,0.39590443136339115,10875514000.0,6233199000.0,3211598000.0,1934732000.0,4642315000.0,2717550000.0,6952355000.0,12880017260.0,14726718260.0,20.378855446502715,1.6599704765311165,0.18975213493357648,0.3310743006921486,0.030429275952361348,20.378855446502715,0.03786418498751604,3.4572679728035776,13.64321892676313,2.066357461072557,0.0,0.8281547717613291,0.0,0.3425576023349333,0.14864177570847023,0.021701503027810914,54.72847091916514,0.39590443136339115,0.5714285714285715,1.3322185756066167,0.8694059506928569,0.8208936657930275,0.10478109434103591,0.5430355333267954,0.497969786293294,0.41832839178133335,0.4510588912145829,0.29970873408447674,Department Stores,Consumer Cyclical,KSS
2009Q1,2009,Q1,2008-06-06,2008-05-03,152955000.0,3624259000.0,271400000.0,0.49,1335050000.0,0.36836495404991754,10629829000.0,6093531000.0,3295269000.0,1847027000.0,4536298000.0,2816719000.0,6716340000.0,15460488410.0,17391541410.0,19.75014180098596,1.7840935730771668,0.2041291539120714,0.35609205893922585,0.020527208253949162,19.75014180098596,0.02510120979117034,4.265834315373156,25.26966821941094,2.5371969733148156,0.0,0.8127218228016355,0.0,0.34095176883842626,0.14755171418717755,0.014389224887813341,192.01759165880074,0.36836495404991754,-0.6263706098546659,0.5094698261647902,0.8749097299737947,0.822658713436322,-0.29058775393084685,-0.6284514986554732,-0.6031026434475376,0.3653362923024447,0.47122763559224795,0.3099963434888642,Department Stores,Consumer Cyclical,KSS
2008Q4,2008,Q4,2008-03-21,2008-02-02,411669000.0,5487322000.0,683804000.0,1.31146,1881910000.0,0.342955999301663,10560082000.0,6101603000.0,3723889000.0,1771448000.0,4458479000.0,2855733000.0,6563385000.0,14422020000.0,16306053000.0,19.43185668789809,2.102172347141999,0.19550757276316605,0.33836616377696155,0.0521676637002013,19.43185668789809,0.06746899134538907,2.628243795425164,8.758262098919277,2.3636444390105353,0.0,1.2625171891069649,0.0,0.5196287301556939,0.37464887481879233,0.03898350410536585,22.168692107390886,0.342955999301663,1.1499344262295084,0.6304027289955976,0.9036921021165633,0.9194391795227074,0.32712895557290356,1.121950465194196,1.0667285250995124,0.4312414510684639,0.4828936146511884,0.35408373474076477,Department Stores,Consumer Cyclical,KSS
2008Q3,2008,Q3,2007-12-07,2007-11-03,194005000.0,3825162000.0,330863000.0,0.61,1418031000.0,0.37071135810718603,11109365000.0,5808905000.0,4430610000.0,2727716000.0,5300460000.0,3908529000.0,6151716000.0,16738023880.0,18669917880.0,18.32762787586607,1.6242929982446852,0.20045070082763505,0.3833562435605333,0.025589542528135445,18.32762787586607,0.03339786069835881,4.375768628884215,21.56906249838922,2.881442178861593,0.0,0.6158662248636252,0.0,0.3443186896820835,0.11755805956338564,0.01746319434099069,-29.352646662189013,0.37071135810718603,-0.2650602409638554,0.5457219528074472,0.8971045951176208,0.9135560248419649,0.0154840021798771,-0.27939188185302943,-0.25435123105527074,0.4573391578919422,0.5056308692912133,0.339569292071643,Department Stores,Consumer Cyclical,KSS
2008Q2,2008,Q2,2007-09-07,2007-08-04,269224000.0,3589210000.0,443725000.0,0.83,1396409000.0,0.3890574806155115,9763202000.0,5832463000.0,3289213000.0,2385020000.0,3930739000.0,2817880000.0,5957711000.0,18370372160.0,19487164160.0,18.19869386685305,1.3791133826970003,0.1379376356240504,0.23089953592504572,0.03841321552836467,18.19869386685305,0.046159572722535916,5.1182216030825725,17.05863162273794,3.149676587746892,0.0,0.7781740173463739,0.0,0.3676263176773358,0.11131017769243025,0.02757537947079247,-108.72423051200559,0.3890574806155115,0.2968749999999999,1.273618601250741,0.961851933151709,0.9892235956501562,0.06084230214362606,0.28844285557039145,0.282127223081035,0.839063922142389,0.5290156674484623,0.38281778802489996,Department Stores,Consumer Cyclical,KSS
2008Q1,2008,Q1,2007-06-08,2007-05-05,208953000.0,3572040000.0,346085000.0,0.64,1316321000.0,0.3685067916372717,9261418000.0,5910414000.0,3398421000.0,1806114000.0,3351004000.0,2713646000.0,5688487000.0,23804914500.0,24604861500.0,18.368157874291043,1.8816204292752285,0.11346383458774888,0.1777939751766966,0.030923242353116102,18.368157874291043,0.03535336103359257,6.664235142943528,28.48118296937589,4.027622176720615,0.0,0.8312502809872769,0.0,0.3856903985977093,0.27884729313874984,0.02256166388343556,-108.8592918290073,0.3685067916372717,-0.5690641959680568,1.045546035524188,0.9931572699225575,1.09476834205217,-0.3138092959294209,-0.5687983276342753,-0.5606692436100057,0.942718499783279,0.5877730193800893,0.44522886983244414,Department Stores,Consumer Cyclical,KSS
2007Q4,2007,Q4,2007-03-23,2007-02-03,484583000.0,5430757000.0,787755000.0,1.48514,1918302000.0,0.3532292091139412,9041177000.0,5603395000.0,3401040000.0,1918658000.0,3437782000.0,2588099000.0,5479534000.0,23868845000.0,24738573000.0,17.17252528348146,1.7726139833154215,0.11711948565988699,0.1889743628639423,0.07366392121922881,17.17252528348146,0.08648024991991463,4.395123000347834,12.314115951240552,4.25971130002436,0.0,1.3571563529834059,0.0,0.600669249147539,0.32335100888225,0.05359733583359777,44.94913552999045,0.3532292091139412,1.1840294117647057,1.198200634284953,1.1144719196835573,1.1294915802984353,0.42187971368236293,1.1585373458769868,1.1326180884932753,1.0721770388483887,0.6092359205919571,0.4110568740994262,Department Stores,Consumer Cyclical,KSS
2007Q3,2007,Q3,2006-12-01,2006-10-28,224496000.0,3637272000.0,369384000.0,0.68,1349131000.0,0.3709183695912761,9494689000.0,5529282000.0,3939355000.0,2452240000.0,3965407000.0,3251221000.0,4994951000.0,,,,,,,,,,,,,,,,,,,,,,,,,,,,,,,Department Stores,Consumer Cyclical,KSS
2007Q2,2007,Q2,2006-09-01,2006-07-29,232358000.0,3291431000.0,375419000.0,0.69,1238046000.0,0.3761421703812111,8649241000.0,5318505000.0,3257770000.0,1856229000.0,3330736000.0,2408149000.0,4770455000.0,,,,,,,,,,,,,,,,,,,,,,,,,,,,,,,Department Stores,Consumer Cyclical,KSS
2007Q1,2007,Q1,2006-06-02,2006-04-29,167245000.0,3184725000.0,282215000.0,0.48,1148193000.0,0.36053128606080587,9182868000.0,6079383000.0,4120358000.0,1637453000.0,3103485000.0,2347891000.0,4538098000.0,,,,,,,,,,,,,,,,,,,,,,,,,,,,,,,Department Stores,Consumer Cyclical,KSS
