Quarters,Year,Quarter,FillingDate,Date,NetIncome,Revenue,OperatingIncome,EPSDiluted,GrossProfit,GrossProfitRatio,TotalAssets,CommonStockEquity,CurrentAssets,CurrentLiability,TotalLiability,Inventory,RetainedEarnings,MarketCap,EnterpriseValue,bookValuePerShare,currentRatio,debtToAssets,debtToEquity,roic,shareholdersEquityPerShare,roe,priceToSalesRatio,peRatio,pbRatio,payoutRatio,inventoryTurnover,dividendYield,assetTurnover,quickRatio,returnOnAssets,priceToFreeCashFlowsRatio,grossProfitMargin,epsdilutedGrowth,fiveYNetIncomeGrowthPerShare,fiveYRevenueGrowthPerShare,fiveYShareholdersEquityGrowthPerShare,grossProfitGrowth,netIncomeGrowth,operatingIncomeGrowth,threeYNetIncomeGrowthPerShare,threeYRevenueGrowthPerShare,threeYShareholdersEquityGrowthPerShare,Industry,Sector,Symbol
2023Q1,2023,Q1,2023-05-04,2023-03-31,285000000.0,2415000000.0,498000000.0,0.39,921000000.0,0.3813664596,38302000000.0,14033000000.0,3038000000.0,2480000000.0,24266000000.0,434000000.0,2788000000.0,20476477910.0,34601477910.0,19.045124445427636,1.225,0.3807895149078377,1.0393358512078672,0.013624906786553303,19.045124445427636,0.020309271004061855,8.47887284057971,17.961822728070175,1.4591661020451792,0.6,3.442396313364055,0.008351045563186898,0.06305153777870608,0.8294354838709678,0.007440864706803822,-296.76054942028986,0.3813664596273292,0.95,-0.40567948805547116,0.07070090348138951,0.18352769855867307,0.23293172690763053,0.9256756756756757,0.48214285714285715,-0.4638328542917635,0.22541106939733607,0.10457406748865365,Utilities—Regulated Electric,Utilities,PPL
2022Q4,2022,Q4,2023-02-17,2022-12-31,148000000.0,2290000000.0,336000000.0,0.2,747000000.0,0.3262008734,37837000000.0,13915000000.0,2824000000.0,3789000000.0,23919000000.0,443000000.0,2681000000.0,21516702180.0,35388702180.0,18.896775937064163,0.745315386645553,0.37603404075375957,1.022493711821775,0.008747404961154894,18.896775937064163,0.01063600431189364,9.395939816593886,36.34578070945946,1.5462955213798057,1.1283783783783783,3.4830699774266365,0.007761412441504547,0.06052276871845019,0.5157033518078649,0.0039115151835504925,-51.108556247030876,0.3262008733624454,-0.1666666666666666,0.7768287227512154,0.11341649988009772,0.21090210068671833,-0.00796812749003984,-0.14942528735632185,-0.01466275659824047,-0.5865730629347783,0.19165176650836188,0.08912835801686608,Utilities—Regulated Electric,Utilities,PPL
2022Q3,2022,Q3,2022-11-04,2022-09-30,174000000.0,2134000000.0,341000000.0,0.24,753000000.0,0.3528584817,37378000000.0,13881000000.0,2720000000.0,3315000000.0,23494000000.0,422000000.0,2658000000.0,18663861450.0,32111861450.0,18.853727078005072,0.8205128205128205,0.3678902027930868,0.9906346804985232,0.00998740927270034,18.853727078005072,0.012535119948130538,8.74595194470478,26.815892887931035,1.3445617354657446,0.9597701149425287,3.272511848341232,0.008947773237997328,0.05709240729841083,0.465158371040724,0.00465514473754615,717.840825,0.3528584817244611,0.4999999999999999,-0.5429352255233848,0.07858630408450736,0.21065015187583208,0.25083056478405313,0.46218487394957986,0.40329218106995884,-0.6406438657278417,0.08300879909429447,0.14411645653107585,Utilities—Regulated Electric,Utilities,PPL
2022Q2,2022,Q2,2022-08-03,2022-06-30,119000000.0,1696000000.0,243000000.0,0.16,602000000.0,0.3549528302,37062000000.0,13870000000.0,2301000000.0,3726000000.0,23189000000.0,332000000.0,2649000000.0,19967056010.0,33273056010.0,18.845697623702915,0.6175523349436393,0.3680859100965949,0.9835616438356164,0.006960719368213076,18.845697623702915,0.008579668348954577,11.773028307783019,41.947596659663866,1.4395858695025234,1.2352941176470589,3.2951807228915664,0.007362126891735003,0.045761156980195346,0.4151905528717123,0.0032108358966056877,-190.1624381904762,0.35495283018867924,-0.5675675675675675,-0.6213351412988058,-0.08645984506486527,0.22854725535658965,-0.23312101910828026,-0.5641025641025641,-0.4647577092511013,-0.7353621363814616,-0.07748437401998039,0.1351532887694573,Utilities—Regulated Electric,Utilities,PPL
2022Q1,2022,Q1,2022-05-05,2022-03-31,273000000.0,1782000000.0,454000000.0,0.37,785000000.0,0.4405162738,34107000000.0,13865000000.0,5713000000.0,3033000000.0,20242000000.0,280000000.0,2697000000.0,21005965680.0,28883965680.0,18.851044795194582,1.8836135839103199,0.35555751018852433,0.8746483952398125,0.013741980463064228,18.851044795194582,0.01968986657050126,11.787859528619528,19.236232307692305,1.5150353898305082,1.120879120879121,3.5607142857142855,0.014567290295601398,0.05224733925587123,1.7134849983514673,0.008004222007212595,280.0795424,0.4405162738496072,0.9473684210526315,-0.3728881525142788,-0.15445284033081438,0.26969404315379136,0.23817034700315456,0.9225352112676056,0.5655172413793104,-0.42569658279287176,-0.15973189193556758,0.11666421881084327,Utilities—Regulated Electric,Utilities,PPL
2021Q4,2021,Q4,2022-02-18,2021-12-31,142000000.0,1485000000.0,290000000.0,0.19,634000000.0,0.4269360269,33223000000.0,13723000000.0,5007000000.0,2323000000.0,19500000000.0,322000000.0,2572000000.0,22408407360.0,30046407360.0,18.40886651928484,2.1554024967714165,0.33738675014297326,0.8168039058514902,0.00869311896780295,18.40886651928484,0.010347591634482256,15.089836606060606,39.451421408450706,1.6329087925380747,2.23943661971831,2.642857142857143,0.014191102245295848,0.044697950215212355,1.9453293155402496,0.0042741474279866356,-101.39550841628959,0.42693602693602695,-0.29629629629629634,-0.7215847965930011,-0.2609760043183088,0.26390751086304354,-0.16248348745046234,-0.3140096618357488,-0.3271461716937355,-0.669408371180845,-0.26005362118369146,0.1374016958609073,Utilities—Regulated Electric,Utilities,PPL
2021Q3,2021,Q3,2021-11-04,2021-09-30,207000000.0,1512000000.0,431000000.0,0.27,757000000.0,0.5006613756613757,34171000000.0,14576000000.0,6137000000.0,2343000000.0,19595000000.0,304000000.0,2743000000.0,21404396040.0,27776396040.0,18.985767187290374,2.61929150661545,0.32597816862251616,0.7642014270032931,0.013472980451397719,18.985767187290374,0.014201427003293084,14.156346587301588,25.850719855072462,1.468468444017563,1.5507246376811594,2.4835526315789473,0.014996919296397022,0.04424804658921307,2.411865130174989,0.006057768283047028,-629.54106,0.5006613756613757,8.000000000000002,-0.6134535342348597,-0.29301152310720846,0.29067814841526063,0.28741496598639454,9.894736842105264,0.5962962962962963,-0.5736108045638585,-0.2596419488385836,0.13390935608180046,Utilities—Regulated Electric,Utilities,PPL
2021Q2,2021,Q2,2021-08-05,2021-06-30,19000000.0,1288000000.0,270000000.0,0.03,588000000.0,0.45652173913043476,36759000000.0,14952000000.0,9018000000.0,4172000000.0,21807000000.0,265000000.0,2854000000.0,21521964020.0,27187964020.0,19.431657799045052,2.1615532118887826,0.3616801327566038,0.8891787051899411,0.026823957768206678,19.431657799045052,0.001270733012306046,16.70959939440994,283.18373710526316,1.4394036931514178,16.842105263157894,2.641509433962264,0.014868531501243539,0.035039038058706715,2.045541706615532,0.0005168802198101145,59.78323338888889,0.45652173913043476,1.01255230125523,-0.96538226001793,-0.3650056165765685,0.27438740148516827,-0.1989100817438692,1.0103260869565218,-0.3493975903614458,-0.9664851067184432,-0.3668518167144488,0.20843820208890432,Utilities—Regulated Electric,Utilities,PPL
2021Q1,2021,Q1,2021-05-06,2021-03-31,-1840000000.0,1498000000.0,415000000.0,-2.39,734000000.0,0.48998664886515353,47781000000.0,11554000000.0,20327000000.0,15623000000.0,36227000000.0,260000000.0,3155000000.0,22182545560.0,37999545560.0,15.02160151542139,1.301094540101133,0.3398421966890605,1.4054007270209452,0.011569725155682123,15.02160151542139,-0.15925220702786913,14.80810785046729,-3.013932820652174,1.9199018140903583,-0.17391304347826086,2.9384615384615387,0.014425756463993486,0.03135137397710387,0.08685911796709979,-0.038509030786295806,115.53409145833334,0.48998664886515353,-7.2894736842105265,-4.359263257099725,-0.3458595040472721,0.03935725764984009,-0.34052111410601976,-7.344827586206897,-0.41051136363636365,-4.675735618699597,-0.36377104266048155,-0.06650746645657016,Utilities—Regulated Electric,Utilities,PPL
2020Q4,2020,Q4,2021-02-18,2020-12-31,290000000.0,1929000000.0,704000000.0,0.38,1113000000.0,0.5769828926905132,48116000000.0,13373000000.0,2768000000.0,5977000000.0,34743000000.0,361000000.0,5315000000.0,21681626400.0,45762626400.0,17.393464541940453,0.46310858290112095,0.5151924515753595,1.8536603604277275,0.01449816919425942,17.393464541940453,0.021685485680101698,11.239827060653187,18.69105724137931,1.6212986166155685,1.1,2.260387811634349,0.014712918399885352,0.04009061434865741,0.34917182533043334,0.006027101172167262,-53.93439402985074,0.5769828926905132,0.027027027027027053,-0.363768032662491,-0.051357430196381545,0.18018839134318973,0.02203856749311295,0.03202846975088968,0.024745269286754003,2.334529755785082,-0.10172948022534643,0.11457016912313774,Utilities—Regulated Electric,Utilities,PPL
2020Q3,2020,Q3,2020-11-05,2020-09-30,281000000.0,1885000000.0,687000000.0,0.37,1089000000.0,0.5777188328912467,47924000000.0,13686000000.0,2695000000.0,5442000000.0,34238000000.0,351000000.0,5345000000.0,20918667060.0,44308667060.0,17.80209317027105,0.4952223447262036,0.5036307486854186,1.7635539967850358,0.010416516032672917,17.80209317027105,0.020531930439865557,11.097436106100796,18.610913754448397,1.5284719465146868,1.1387900355871887,2.2678062678062676,0.015297341799176757,0.03933311075870128,0.3597941933112826,0.0058634504632334526,118.85606284090909,0.5777188328912467,-0.1777777777777778,-0.3761539896923108,-0.1242515061718803,0.16816527305522597,0.11009174311926606,-0.18313953488372092,0.1546218487394958,-0.2931082783051075,-0.08759025959324576,0.1431218194220729,Utilities—Regulated Electric,Utilities,PPL
2020Q2,2020,Q2,2020-08-10,2020-06-30,344000000.0,1739000000.0,595000000.0,0.45,981000000.0,0.5641173087981599,46520000000.0,13044000000.0,3268000000.0,5168000000.0,33476000000.0,333000000.0,5383000000.0,19864965120.0,42570965120.0,16.967407592407593,0.6323529411764706,0.5155631986242476,1.8386997853419196,0.013224183638606862,16.967407592407593,0.026372278442195647,11.423211684876366,14.436747906976745,1.5229197424103036,0.9273255813953488,2.2762762762762763,0.01605842235679697,0.03738177128116939,0.47155572755417957,0.007394668959587274,-138.91584,0.5641173087981599,-0.37499999999999994,1.3951058436279704,-0.1510413212033614,0.14085803700624905,-0.19192751235584843,-0.37906137184115524,-0.2717258261933905,0.04793761461141587,-0.1032521984356223,0.10610190423256446,Utilities—Regulated Electric,Utilities,PPL
2020Q1,2020,Q1,2020-05-08,2020-03-31,554000000.0,2054000000.0,817000000.0,0.72,1214000000.0,0.5910418695228822,46328000000.0,13241000000.0,2956000000.0,5322000000.0,33087000000.0,320000000.0,5360000000.0,18952956640.0,41573956640.0,17.242052847328203,0.5554302893649005,0.5080297012605768,1.7775092515671023,0.017733564996729647,17.242052847328203,0.04183974020089117,9.227340136319377,8.552778267148014,1.4313840827732045,0.572202166064982,2.625,0.016725622604495127,0.04433603868071145,0.4107478391582112,0.011958211017095493,-141.43997492537312,0.5910418695228822,0.5,-0.2563260397211497,-0.43635739192484646,-0.1806781878174778,0.12096029547553093,0.521978021978022,0.17893217893217894,0.2188345543092177,-0.06656687365351222,0.1613219336031775,Utilities—Regulated Electric,Utilities,PPL
2019Q4,2019,Q4,2020-02-14,2019-12-31,364000000.0,1954000000.0,693000000.0,0.48,1083000000.0,0.5542476970317298,45680000000.0,12991000000.0,2767000000.0,4900000000.0,32689000000.0,332000000.0,5127000000.0,26864970600.000004,49093970600.0,17.350366279574487,0.5646938775510204,0.5044658493870403,1.7738434300669694,0.01573077360805584,17.350366279574487,0.028019398044800248,13.74870552712385,18.451216071428572,2.0679678700638906,0.8214285714285714,2.6234939759036147,0.011129734867455988,0.04277583187390543,0.43081632653061225,0.007968476357267952,-77.42066455331413,0.5542476970317298,-0.2615384615384616,-0.5346945399426407,-0.5684848017295498,-0.1531002053856511,-0.023444544634806132,-0.2336842105263158,-0.045454545454545456,-0.2894509457653765,-0.031845373806142836,0.19123348708114807,Utilities—Regulated Electric,Utilities,PPL
2019Q3,2019,Q3,2019-11-05,2019-09-30,475000000.0,1933000000.0,726000000.0,0.65,1109000000.0,0.5737196068287636,44559000000.0,11902000000.0,2534000000.0,3840000000.0,32657000000.0,295000000.0,5080000000.0,22743935910.0,45007935910.0,16.478853153785554,0.6598958333333333,0.5146883906730403,1.9269030415056294,0.016693494373152387,16.478853153785554,0.039909258948075954,11.766133424728402,11.970492584210525,1.910933953117123,0.6294736842105263,2.7932203389830508,0.013146361350259364,0.043380686281110435,0.4783854166666667,0.010660023788684666,239.40985168421054,0.5737196068287636,0.08333333333333341,-0.12078558641867672,-0.48441979134028723,-0.2164679147934705,0.09261083743842365,0.07709750566893424,0.134375,-0.05715084250858498,-0.03925165602873334,0.12025473960161773,Utilities—Regulated Electric,Utilities,PPL
2019Q2,2019,Q2,2019-08-06,2019-06-30,441000000.0,1803000000.0,640000000.0,0.6,1015000000.0,0.5629506378258459,44204000000.0,11983000000.0,2231000000.0,4063000000.0,32221000000.0,286000000.0,4903000000.0,22072185300.0,44403185300.0,16.60189668668648,0.549101649027812,0.5143652158175731,1.8974380372193942,0.015483870967741935,16.60189668668648,0.03680213635984311,12.241921963394343,12.512576700680272,1.8419582158057246,0.6757369614512472,2.7552447552447554,0.013501155229971725,0.0407881639670618,0.39453605710066453,0.00997647271740114,-148.13547181208054,0.5629506378258459,-0.06250000000000006,0.7425940111537526,-0.43232198798261734,-0.21054022666407612,-0.11353711790393013,-0.0536480686695279,-0.18053777208706787,-0.1434252220717298,-0.052386302096640365,0.08880303456719778,Utilities—Regulated Electric,Utilities,PPL
2019Q1,2019,Q1,2019-05-02,2019-03-31,466000000.0,2079000000.0,781000000.0,0.64,1145000000.0,0.5507455507455508,44567000000.0,12172000000.0,2429000000.0,4061000000.0,32395000000.0,274000000.0,4761000000.0,22813167720.0,45039167720.0,16.881569658665533,0.5981285397685299,0.5103327574214105,1.868550772264213,0.017607218714877096,16.881569658665533,0.03828458757804798,10.973144646464647,12.23882388412017,1.8742332993756163,0.6351931330472103,3.408759124087591,0.012974962689661933,0.046648865752686966,0.4498891898547156,0.010456167119168892,-89.4634028235294,0.5507455507455508,0.12280701754385977,0.290049236828889,0.4870839433463309,-0.16269299515344599,0.13142292490118576,0.12289156626506025,0.1887366818873668,-0.09243207033430087,-0.03154215964793487,0.16805001964952948,Utilities—Regulated Electric,Utilities,PPL
2018Q4,2018,Q4,2019-02-14,2018-12-31,415000000.0,1939000000.0,657000000.0,0.57,1012000000.0,0.5219185146982981,43396000000.0,11657000000.0,2432000000.0,4563000000.0,31739000000.0,303000000.0,4593000000.0,20404229220.0,41812229220.0,16.18501764704249,0.5329826868288406,0.5076274310996405,1.8897658059535043,0.015839560309072867,16.18501764704249,0.03560092648194218,10.523068189788551,12.291704349397591,1.7503842515226902,0.691566265060241,3.0594059405940595,0.014065711422153885,0.04468153746889114,0.41354372123602895,0.009563093372661076,-72.09974989399294,0.5219185146982981,-0.08064516129032265,4.705282177850022,-0.4042869821989501,-0.18180100745828645,-0.025048169556840076,-0.06741573033707865,-0.04227405247813411,-0.02807061110875537,0.01792860828345648,0.09819236384249541,Utilities—Regulated Electric,Utilities,PPL
2018Q3,2018,Q3,2018-11-01,2018-09-30,445000000.0,1872000000.0,686000000.0,0.62,1038000000.0,0.5544871794871795,43042000000.0,11783000000.0,2545000000.0,4383000000.0,31259000000.0,295000000.0,4423000000.0,20717811200.0,41678811200.0,16.743637474599634,0.5806525211042665,0.5065517401607732,1.850377662734448,0.01658613838491099,16.743637474599634,0.037766273444793344,11.067206837606838,11.639219775280898,1.7582798268692184,0.647191011235955,2.8271186440677964,0.013901082369164557,0.04349240276938804,0.45516769336071183,0.010338738906184657,304.6736941176471,0.5544871794871795,-0.1506849315068493,-0.026734997104280237,-0.4593711809350465,-0.14403714729453979,0.03283582089552239,-0.13592233009708737,0.0425531914893617,0.07927096504923296,-0.04989131169561158,0.09870989076255858,Utilities—Regulated Electric,Utilities,PPL
2018Q2,2018,Q2,2018-08-07,2018-06-30,515000000.0,1848000000.0,658000000.0,0.73,1005000000.0,0.5438311688311688,42830000000.0,11240000000.0,2600000000.0,4448000000.0,31590000000.0,288000000.0,4266000000.0,19956621300.0,41388621300.0,16.079976423664462,0.5845323741007195,0.5202895166939061,1.982562277580071,0.015385510859618144,16.079976423664462,0.04581850533807829,10.7990375,9.687680242718447,1.775500115658363,0.5533980582524272,2.9270833333333335,0.014280974505438953,0.043147326640205465,0.45998201438848924,0.012024282045295353,-1814.2383,0.5438311688311688,0.12307692307692301,0.07300341793989441,-0.5480069350651838,-0.13272523647808118,-0.16458852867830423,0.13938053097345132,-0.22679200940070504,1.650543936571853,-0.007790613485298354,0.08118875779334896,Utilities—Regulated Electric,Utilities,PPL
2018Q1,2018,Q1,2018-05-03,2018-03-31,452000000.0,2126000000.0,851000000.0,0.65,1203000000.0,0.5658513640639699,42388000000.0,11176000000.0,2490000000.0,4238000000.0,31212000000.0,279000000.0,4037000000.0,19647801060.0,40939801060.0,16.09182824248323,0.5875412930627655,0.5171510804944796,1.9614352183249821,0.020425236720970307,16.09182824248323,0.04044380816034359,9.24167500470367,10.8671466039823,1.7580351700071584,0.6039823008849557,3.3082437275985663,0.013894684660452279,0.05015570444465415,0.46413402548371874,0.010663395300556761,-102.86806837696335,0.5658513640639699,4.909090909090909,-0.08186260664616092,-0.27409899781947,-0.10910843717213708,0.06084656084656084,4.794871794871795,0.07313997477931904,-0.32909341574691003,-0.3549142539494618,-0.2353354908662004,Utilities—Regulated Electric,Utilities,PPL
2017Q4,2017,Q4,2018-02-22,2017-12-31,78000000.0,1926000000.0,793000000.0,0.11,1134000000.0,0.5887850467289719,41479000000.0,10761000000.0,2294000000.0,4023000000.0,30718000000.0,320000000.0,3871000000.0,21341974850.0,42131974850.0,15.60553567984361,0.5702212279393487,0.5129101473034547,1.9770467428677632,0.003568882419477719,15.60553567984361,0.007248396989127405,11.080983826583592,68.40376554487179,1.9832705928817025,3.4871794871794872,2.475,0.012744837434760636,0.04643313483931628,0.44966442953020136,0.001880469635237108,-74.36228170731707,0.5887850467289719,-0.7843137254901961,-0.8167812364891371,-0.4959187535637602,-0.13411315328782242,0.028105167724388033,-0.780281690140845,0.02059202059202059,-0.891734184230557,-0.5381639769578023,-0.23826824464995827,Utilities—Regulated Electric,Utilities,PPL
2017Q3,2017,Q3,2017-11-01,2017-09-30,355000000.0,1845000000.0,777000000.0,0.51,1103000000.0,0.5978319783197832,40758000000.0,10692000000.0,2331000000.0,4149000000.0,30066000000.0,323000000.0,4066000000.0,26055065850.000004,46148065850.0,15.573224889777048,0.561822125813449,0.5095686736346239,1.9424803591470259,0.01861469573996883,15.573224889777048,0.033202394313505426,14.121986910569108,18.348637922535215,2.4368748456790126,0.7633802816901408,2.2972136222910216,0.01040104836273135,0.04526718680995142,0.43239334779464933,0.00870994651356789,148.88609057142858,0.5978319783197832,0.186046511627907,-0.15436019709771714,-0.3507259940263372,-0.19372384763409953,0.08349705304518663,0.21575342465753425,0.10683760683760683,-0.30873891294129496,-0.4823057733045419,-0.2595284843305894,Utilities—Regulated Electric,Utilities,PPL
2017Q2,2017,Q2,2017-08-03,2017-06-30,292000000.0,1725000000.0,702000000.0,0.43,1018000000.0,0.5901449275362319,39964000000.0,10490000000.0,2166000000.0,4350000000.0,29474000000.0,316000000.0,3983000000.0,26437293059.999996,46535293060.0,15.33982314602371,0.4979310344827586,0.5145881293163848,1.9604385128693995,0.017936620161984697,15.33982314602371,0.027836034318398473,15.325966991304346,22.63466871575342,2.5202376606291703,0.928082191780822,2.2373417721518987,0.010250671253859454,0.04316384746271645,0.36689655172413793,0.007306575918326494,-498.81685018867915,0.5901449275362319,-0.2711864406779661,-0.08631329790948408,-0.4261438933079264,-0.18853566997451426,-0.0853548966756514,-0.27543424317617865,-0.11809045226130653,0.21784830482537224,-0.42674458940615123,-0.2705548328351833,Utilities—Regulated Electric,Utilities,PPL
2017Q1,2017,Q1,2017-05-04,2017-03-31,403000000.0,1951000000.0,796000000.0,0.59,1113000000.0,0.5704766786263454,39034000000.0,10109000000.0,2227000000.0,4256000000.0,28925000000.0,312000000.0,3962000000.0,25458177980.0,45090177980.0,14.846919143111435,0.5232612781954887,0.5134241942921556,1.9824908497378573,0.01999950124066385,14.846919143111435,0.03986546641606489,13.048784202972834,15.792914379652606,2.518367591255317,0.6401985111662531,2.6858974358974357,0.010134268061236957,0.04998206691602193,0.375,0.010324332633089102,-46.712253174311925,0.5704766786263454,-0.1323529411764707,-0.3665020065498279,-0.5965017774010608,-0.2369774644939745,0.09117647058823529,-0.13333333333333333,0.11484593837535013,0.1814155450047498,0.4777995494627342,-0.26360938880251666,Utilities—Regulated Electric,Utilities,PPL
2016Q4,2016,Q4,2017-02-17,2016-12-31,465000000.0,1832000000.0,714000000.0,0.68,1020000000.0,0.5567685589519651,38315000000.0,9899000000.0,2067000000.0,3837000000.0,28416000000.0,356000000.0,3829000000.0,23141776049.999996,42049776050.0,14.565042426810624,0.5387021110242377,0.5023880986558789,1.9445398525103545,0.01888970134916197,14.565042426810624,0.04697444186281442,12.631973826419213,12.44181508064516,2.3377892766946156,0.5548387096774193,2.2808988764044944,0.011148668945830543,0.0478141719953021,0.3995308835027365,0.012136239070859976,-115.13321417910446,0.5567685589519651,-0.014492753623188259,-0.12737661831275038,-0.6299600279376291,-0.22111592797720261,-0.06764168190127971,-0.016913319238900635,-0.0916030534351145,5.399670906690265,-0.403543466908645,-0.26369539410904524,Utilities—Regulated Electric,Utilities,PPL
2016Q3,2016,Q3,2016-11-01,2016-09-30,473000000.0,1889000000.0,786000000.0,0.69,1094000000.0,0.579142403388036,38038000000.0,9975000000.0,2099000000.0,3412000000.0,28063000000.0,346000000.0,3624000000.0,23442400980.0,42174400980.0,14.70991603181766,0.6151817116060961,0.5033913454966087,1.9195989974937344,0.020859128254536372,14.70991603181766,0.047418546365914784,12.409952874536792,12.390275359408033,2.3501153864661655,0.547568710359408,2.2976878612716765,0.011048356361661382,0.04966086545033913,0.45164126611957794,0.012434933487565067,72.35308944444445,0.579142403388036,-0.028169014084507067,-0.09259977002458347,-0.484298875640984,-0.2167796874633369,0.062135922330097085,-0.020703933747412008,0.08413793103448276,0.07358291508219672,-0.43385371619667484,-0.2480044011491893,Utilities—Regulated Electric,Utilities,PPL
2016Q2,2016,Q2,2016-08-09,2016-06-30,483000000.0,1785000000.0,725000000.0,0.71,1030000000.0,0.5770308123249299,39528000000.0,10325000000.0,2360000000.0,3408000000.0,29203000000.0,336000000.0,3409000000.0,25562223750.0,45094223750.0,15.247842042693957,0.6924882629107981,0.5065776158672334,1.939370460048426,0.017093735469958737,15.247842042693957,0.04677966101694915,14.320573529411766,13.230964673913043,2.4757601694915254,0.5341614906832298,2.2470238095238093,0.01009301860914976,0.0451578627808136,0.4841549295774648,0.012219186399514269,-300.73204411764704,0.5770308123249299,0.0,1.0439802405688587,-0.4051616537481931,-0.19594582865804658,-0.08930150309460655,0.004158004158004158,-0.11907654921020656,0.038819838083806575,-0.5493210721356642,-0.17760646823241152,Utilities—Regulated Electric,Utilities,PPL
2016Q1,2016,Q1,2016-04-29,2016-03-31,481000000.0,2011000000.0,823000000.0,0.71,1131000000.0,0.5624067628045748,38709000000.0,9762000000.0,2713000000.0,4066000000.0,28947000000.0,332000000.0,3185000000.0,25714038870.0,44724038870.0,14.452779739459109,0.6672405312346287,0.5121289622568395,2.0307314074984633,0.020272846084040567,14.452779739459109,0.04927269002253636,12.786692625559423,13.364885067567567,2.6340953564843272,0.5301455301455301,2.6506024096385543,0.009916761862622166,0.05195174248882689,0.49434333497294636,0.012426050789222145,-244.89560828571427,0.5624067628045748,0.2033898305084746,-0.14022966526559436,-0.5046629263179467,-0.17970224179340513,0.25666666666666665,0.20551378446115287,0.3338735818476499,0.00463407042543703,-0.2939754676457068,-0.19985104642736085,Utilities—Regulated Electric,Utilities,PPL
2015Q4,2015,Q4,2016-02-19,2015-12-31,399000000.0,1780000000.0,617000000.0,0.59,900000000.0,0.5056179775280899,39301000000.0,9919000000.0,2646000000.0,3876000000.0,29382000000.0,357000000.0,2953000000.0,22970445640.0,42098445640.0,14.7378712326976,0.6826625386996904,0.5079768962621817,2.0127028934368383,0.019091580451431816,14.7378712326976,0.04022582921665491,12.904744741573033,14.392509799498747,2.315802564774675,0.6365914786967418,2.4649859943977592,0.011057687081076586,0.04529146841047302,0.5214138286893705,0.010152413424594794,-58.30062345177665,0.5056179775280899,0.017241379310344845,-0.1914989619752546,-0.312704996619519,-0.1309179655474116,-0.09182643794147326,0.015267175572519083,-0.10058309037900874,-0.039739513087015094,-0.5226850052294488,-0.18225627682788234,Utilities—Regulated Electric,Utilities,PPL
2015Q3,2015,Q3,2015-10-30,2015-09-30,393000000.0,1878000000.0,686000000.0,0.58,991000000.0,0.527689030883919,39246000000.0,10222000000.0,2990000000.0,4468000000.0,29024000000.0,321000000.0,2791000000.0,22061395070.0,40842395070.0,15.239361741777648,0.6692032229185317,0.5035417622178057,1.9332811582860496,0.01677783706865884,15.239361741777648,0.03844648796712972,11.747281719914803,14.03396632951654,2.158226870475445,0.6361323155216285,2.763239875389408,0.011332012286927418,0.04785201039596392,0.48769024171888986,0.010013759364011618,-129.01400625730994,0.527689030883919,1.513274336283186,0.14002897903509318,-0.3799690349686279,-0.11655640470707748,0.06559139784946237,1.5191545574636725,0.07523510971786834,-0.0417895340670797,-0.32354559394817267,-0.21100902114767467,Utilities—Regulated Electric,Utilities,PPL
2015Q2,2015,Q2,2015-08-03,2015-06-30,-757000000.0,1781000000.0,638000000.0,-1.13,930000000.0,0.5221785513756316,38244000000.0,9941000000.0,2870000000.0,4509000000.0,28303000000.0,315000000.0,2654000000.0,19698190050.0,38055190050.0,14.872496876940223,0.6365047682412952,0.5021179792908692,1.9316970123730006,0.0170492978040932,14.872496876940223,-0.07614928075646313,11.060185317237506,-6.5053467800528395,1.9815099134895886,-0.33025099075297226,2.7015873015873018,0.012691521371528245,0.04656939650664157,0.4701707695719672,-0.019793954607258656,-195.03158465346536,0.5221785513756316,-2.1770833333333335,-6.08833710652637,-0.32297631696405127,-0.28439623695149757,-0.36344969199178645,-2.170015455950541,-0.4020618556701031,-3.4233675065369855,-0.39384069573346175,-0.21325685445201845,Utilities—Regulated Electric,Utilities,PPL
2015Q1,2015,Q1,2015-05-07,2015-03-31,647000000.0,3165000000.0,1067000000.0,0.96,1461000000.0,0.46161137440758293,48921000000.0,14036000000.0,5699000000.0,7217000000.0,34885000000.0,687000000.0,6860000000.0,22450344839.999996,43017344840.0,21.044298578355377,0.7896632949979215,0.447701396128452,1.5604160729552579,0.020993927915319854,21.044298578355377,0.04609575377600456,7.093315905213269,8.67478548686244,1.5994831034482757,0.38639876352395675,2.480349344978166,0.011135686412913025,0.06469614276077758,0.46030206456976586,0.013225404223135258,-77.68285411764704,0.46161137440758293,-0.07692307692307698,0.46562174237676446,-0.40903885000409473,0.34908169146650675,0.05792903692976104,-0.06906474820143885,0.08545269582909461,0.038263117634378674,-0.33177761581580156,0.0815222945868001,Utilities—Regulated Electric,Utilities,PPL
2014Q4,2014,Q4,2015-02-23,2014-12-31,695000000.0,4023000000.0,983000000.0,1.04,1381000000.0,0.3432761620681084,48864000000.0,13628000000.0,6159000000.0,7443000000.0,35236000000.0,836000000.0,6462000000.0,24166897650.0,44272897650.0,20.486917566765133,0.8274889157597742,0.44730271774721675,1.6038303492808923,0.018797681112743814,20.486917566765133,0.050997945406516,6.007183109619687,8.693128651079137,1.7733268014382153,0.35827338129496406,3.160287081339713,0.010303349797155284,0.08233055009823183,0.49711137981996506,0.014223149967256057,-52.766152074235805,0.3432761620681084,0.4054054054054055,1.5793150993356857,0.32272244098428426,0.4079798112383235,0.08911671924290221,0.3983903420523139,0.13118527042577677,0.3325476956244187,-0.16977220671542842,0.09556383771492874,Utilities—Regulated Electric,Utilities,PPL
2014Q3,2014,Q3,2014-11-07,2014-09-30,497000000.0,3449000000.0,869000000.0,0.74,1268000000.0,0.36764279501304725,48189000000.0,13974000000.0,5760000000.0,5412000000.0,34215000000.0,763000000.0,6017000000.0,21819946880.000004,42487946880.0,21.031497579887784,1.06430155210643,0.4535474900910996,1.5640475168169456,0.015740629499494483,21.031497579887784,0.03556605123801345,6.32645603943172,10.975828410462778,1.5614675025046516,0.49899396378269617,2.8584534731323723,0.011365747192873091,0.07157235053642948,0.5384331116038433,0.010313557035838054,-4363.989376,0.36764279501304725,1.176470588235294,13.076899366677102,0.08242197597037787,0.40902797883739483,0.12911843276936777,1.1703056768558953,0.21030640668523676,-0.026925026336929975,-0.039026337919320905,0.11980898273002259,Utilities—Regulated Electric,Utilities,PPL
2014Q2,2014,Q2,2014-07-31,2014-06-30,229000000.0,2874000000.0,718000000.0,0.34,1123000000.0,0.3907446068197634,48193000000.0,13735000000.0,5537000000.0,5156000000.0,34458000000.0,651000000.0,5768000000.0,23205779960.0,43867779960.0,21.029439684474195,1.0738944918541504,0.45506608843607993,1.5967236985802693,0.01219589625914978,21.029439684474195,0.01667273389151802,8.074384119693807,25.333820917030568,1.6895362184200948,1.0305676855895196,2.6897081413210446,0.01016988010774881,0.05963521673272052,0.5905740884406516,0.004751727429294711,-64.82061441340782,0.3907446068197634,-0.3061224489795918,19.82724844070024,-0.011355319314967971,0.4322462072911479,-0.0008896797153024911,-0.27531645569620256,0.004195804195804196,0.0047216445417727435,-0.007048092380344555,0.10893126069517413,Utilities—Regulated Electric,Utilities,PPL
2014Q1,2014,Q1,2014-05-02,2014-03-31,316000000.0,1223000000.0,715000000.0,0.49,1124000000.0,0.9190515126737531,47973000000.0,12717000000.0,6094000000.0,6376000000.0,35256000000.0,607000000.0,5788000000.0,20903021860.0,42044021860.0,20.16174421203997,0.955771643663739,0.46686677922998354,1.7611858142643706,0.015033809769940258,20.16174421203997,0.02484862782102697,17.091595960752247,16.537200838607596,1.6437069953605412,0.740506329113924,0.1630971993410214,0.011194553666318559,0.025493506764221543,0.5239962358845671,0.006587038542513498,535.9749194871795,0.9190515126737531,4.0625,-0.22021580757946152,-0.6916791439375637,0.4441306463369748,0.0017825311942959,4.224489795918367,22.06451612903226,-0.3951393788651278,-0.6774135886741187,0.14432198350862924,Utilities—Regulated Electric,Utilities,PPL
2013Q4,2013,Q4,2014-02-24,2013-12-31,-98000000.0,2848000000.0,31000000.0,-0.16,1122000000.0,0.39396067415730335,46259000000.0,12466000000.0,5153000000.0,4912000000.0,33793000000.0,702000000.0,5709000000.0,18962477280.0,39468477280.0,19.78127300886079,1.0490635179153094,0.4671091030934521,1.7333547248515964,0.00034030110486964383,19.78127300886079,-0.007861382961655703,6.658173202247191,-48.37366653061225,1.5211356714262796,-2.377551020408163,2.4586894586894585,0.012287424082809502,0.0615663978901403,0.6019951140065146,-0.002118506668972524,-20.953013569060772,0.39396067415730335,-1.2580645161290323,-1.207590668633824,-0.3254167268179923,0.46153099879846143,-0.09223300970873786,-1.2390243902439024,-0.9638273045507585,-1.2120772135798006,0.1744199394093441,0.16648793568378137,Utilities—Regulated Electric,Utilities,PPL
2013Q3,2013,Q3,2013-11-01,2013-09-30,410000000.0,3105000000.0,857000000.0,0.62,1236000000.0,0.39806763285024155,44988000000.0,12344000000.0,4971000000.0,4948000000.0,32626000000.0,686000000.0,6040000000.0,19171177480.0,38222177480.0,19.561173036513978,1.0046483427647535,0.45216502178358675,1.6479261179520415,0.021760854911696895,19.561173036513978,0.03321451717433571,6.174292264090177,11.689742365853657,1.5530765942968243,0.5341463414634147,2.7244897959183674,0.011423398496439146,0.06901840490797546,0.5895311236863379,0.009113541388814796,62.85631960655738,0.39806763285024155,-0.015873015873015886,0.16914637638265564,-0.3821998709526397,0.3111695947367215,0.09380530973451327,0.012345679012345678,0.13060686015831136,0.2641985201630924,0.0896511360843389,0.13398404266168817,Utilities—Regulated Electric,Utilities,PPL
2013Q2,2013,Q2,2013-08-02,2013-06-30,405000000.0,3450000000.0,758000000.0,0.63,1130000000.0,0.32753623188405795,43746000000.0,10936000000.0,4775000000.0,5542000000.0,32792000000.0,642000000.0,5863000000.0,17636036600.0,37757036600.0,18.540809787160455,0.8616023096355107,0.47620353860924425,1.9049012435991222,0.018790716122688712,18.540809787160455,0.037033650329188005,5.111894666666666,10.886442345679011,1.612658796634967,0.5333333333333333,3.6137071651090342,0.012247649792244138,0.07886435331230283,0.4366654637315049,0.009257989301879028,-66.30088947368421,0.32753623188405795,-0.030769230769230795,0.35567682723323124,1.1314840740678733,0.3348739144428364,0.05312208760484623,-0.01937046004842615,0.09379509379509379,2.084973259674856,0.4861937169277106,-0.10789201279105087,Utilities—Regulated Electric,Utilities,PPL
2013Q1,2013,Q1,2013-05-03,2013-03-31,413000000.0,2457000000.0,693000000.0,0.65,1073000000.0,0.4367114367114367,43341000000.0,10524000000.0,4989000000.0,5650000000.0,32799000000.0,616000000.0,5676000000.0,18207500000.0,38047500000.0,18.06261156116985,0.8830088495575221,0.47744629796266813,1.9662675788673507,0.01625597482004827,18.06261156116985,0.03924363359939187,7.4104599104599105,11.021489104116222,1.7300931204865069,0.5084745762711864,2.2467532467532467,0.011533708636550871,0.05668997023603516,0.45256637168141595,0.009529083316028702,-31.17722602739726,0.4367114367114367,0.08333333333333341,0.012632155909705423,0.026421246954702937,0.20146310900669706,1.8577138289368504,0.15041782729805014,-0.15693430656934307,0.07096746533022115,-0.4748311227194258,0.15793541260189947,Utilities—Regulated Electric,Utilities,PPL
2012Q4,2012,Q4,2013-02-28,2012-12-31,359000000.0,3222000000.0,822000000.0,0.6,-1251000000.0,-0.388268156424581,43634000000.0,10480000000.0,5068000000.0,5625000000.0,33136000000.0,673000000.0,5478000000.0,16648115960.0,35875115960.0,18.022603922323952,0.9009777777777778,0.46129165329788696,1.9206106870229007,0.017870722066066113,18.022603922323952,0.03425572519083969,5.167013022967101,11.593395515320333,1.5885606832061068,0.584958217270195,6.646359583952452,0.012614039961312235,0.07384149974790301,0.4590222222222222,0.008227528991153688,-46.633378039215685,-0.388268156424581,-0.016393442622950834,-0.4740559787573023,0.2696209628321383,0.20484341622890223,-1.6877405167674546,0.011267605633802818,0.23795180722891565,0.524143313735786,0.21186986433568697,0.23861788313836182,Utilities—Regulated Electric,Utilities,PPL
2012Q3,2012,Q3,2012-11-08,2012-09-30,355000000.0,2403000000.0,664000000.0,0.61,1819000000.0,0.7569704535996671,43240000000.0,11214000000.0,5227000000.0,4887000000.0,32008000000.0,663000000.0,5335000000.0,16720848000.0,35324848000.0,19.315001248740494,1.069572334765705,0.4521276595744681,1.7433565186374176,0.02059731874848832,19.315001248740494,0.03165685749955413,6.958322097378277,11.775245070422535,1.4910690208667738,0.5915492957746479,0.8808446455505279,0.012559171640098636,0.05557354301572618,0.5056271741354614,0.008209990749306197,44.23504761904762,0.7569704535996671,0.326086956521739,-0.2806444217994519,-0.11065023875448331,0.418018785985907,0.014500836586726157,0.30996309963099633,0.16083916083916083,10.507042035188645,-0.13693817609743464,0.29402944642327206,Utilities—Regulated Electric,Utilities,PPL
2012Q2,2012,Q2,2012-08-08,2012-06-30,271000000.0,2549000000.0,572000000.0,0.46,1793000000.0,0.7034131031777168,43508000000.0,10962000000.0,6151000000.0,5318000000.0,32528000000.0,719000000.0,5190000000.0,16126490610.0,34744490610.0,18.903878554393057,1.1566378337720948,0.450468879286568,1.787903667214012,0.0142041540095197,18.903878554393057,0.024721766101076445,6.326594982346018,14.87683635608856,1.4711266748768472,0.7749077490774908,1.0514603616133518,0.013022052043349065,0.05858692654224511,0.47912749153817225,0.0062287395421531675,-39.52571227941176,0.7034131031777168,-0.5053763440860215,-0.47490195112745404,0.05639339423631647,0.3648552748493939,-0.1901535682023487,-0.49907578558225507,-0.45575642245480497,26.0947425912755,-0.012390204184698708,0.2874812058169626,Utilities—Regulated Electric,Utilities,PPL
2012Q1,2012,Q1,2012-05-07,2012-03-31,541000000.0,4112000000.0,1051000000.0,0.93,2214000000.0,0.5384241245136187,44082000000.0,11267000000.0,7062000000.0,5888000000.0,32547000000.0,669000000.0,5129000000.0,16363698660.0,34010698660.0,19.458034923261046,1.1993885869565217,0.4253436776915748,1.664151948167214,0.02373427031481497,19.458034923261046,0.04801633087778468,3.9794987013618677,7.561783114602588,1.4523563202272123,0.3752310536044362,2.8370702541106128,0.012405508327785352,0.09328070414228029,0.45584239130434784,0.012272582913660905,355.7325795652174,0.5384241245136187,0.186141255506608,0.7628366854545121,0.6605427513711521,0.4133879214511497,0.09225456339417859,0.19162995594713655,0.1252676659528908,0.45422586369574697,0.1292154380365561,0.39372587285359884,Utilities—Regulated Electric,Utilities,PPL
2011Q4,2011,Q4,2012-02-28,2011-12-31,454000000.0,4218000000.0,934000000.0,0.7840550151025575,2027000000.0,0.48055950687529636,42648000000.0,10828000000.0,6426000000.0,5255000000.0,31552000000.0,654000000.0,4797000000.0,17035386220.000002,34404386220.0,18.69988480953853,1.222835394862036,0.435448321140499,1.7150905060953086,0.020209115200441437,18.69988480953853,0.041928333949021054,4.038735471787578,9.38071928414097,1.5732717233099371,0.44713656387665196,3.350152905198777,0.011916372037498778,0.09890264490714688,0.5470980019029495,0.010645282311011067,-120.81834198581562,0.48055950687529636,0.031651335661259834,0.6871228333387892,0.6183787470002355,0.3983617164154323,0.02425467407781708,0.02252252252252252,0.21773142112125163,0.04664926984039339,0.08734091120226371,0.38163308857112815,Utilities—Regulated Electric,Utilities,PPL
2011Q3,2011,Q3,2011-11-08,2011-09-30,444000000.0,3120000000.0,767000000.0,0.76,1979000000.0,0.6342948717948718,40956000000.0,10848000000.0,5412000000.0,4540000000.0,29840000000.0,633000000.0,4547000000.0,16484561300.0,33578561300.0,18.78132601563379,1.1920704845814978,0.45426799492137904,1.7150626843657817,0.0209170463939789,18.78132601563379,0.04092920353982301,5.283513237179487,9.28184757882883,1.5195945151179941,0.4572072072072072,1.8025276461295419,0.012314552768838319,0.07617931438617052,0.675330396475771,0.010840902431878113,47.09874657142857,0.6342948717948718,1.1714285714285715,0.3028893463106517,0.1810097801618827,0.33448392470258936,0.13085714285714287,1.2653061224489797,0.28907563025210087,0.3832656565986148,-0.32176753031493976,0.25889708017865093,Utilities—Regulated Electric,Utilities,PPL
2011Q2,2011,Q2,2011-08-08,2011-06-30,196000000.0,2489000000.0,595000000.0,0.35,1750000000.0,0.7030936118923262,40537000000.0,10651000000.0,5364000000.0,4593000000.0,29618000000.0,647000000.0,4306000000.0,15630775159.999998,32826775160.0,18.963699942313035,1.1678641410842587,0.45550978118755703,1.7336400337996432,0.013830085440196718,18.963699942313035,0.018402027978593558,6.279941807955002,19.937213214285713,1.4675406215378837,0.8673469387755102,1.1421947449768162,0.010875980126375256,0.06140069566075437,0.6011321576311779,0.004835088931099983,363.5063990697674,0.7030936118923262,-0.573170731707317,-0.27297804873413484,0.01770467897174186,0.3775563822499146,-0.017957351290684626,-0.5112219451371571,-0.2608695652173913,-0.3109992189707031,0.6149176718579743,0.36532053696192307,Utilities—Regulated Electric,Utilities,PPL
2011Q1,2011,Q1,2011-05-06,2011-03-31,401000000.0,2910000000.0,805000000.0,0.82,1782000000.0,0.6123711340206186,32741000000.0,8530000000.0,5747000000.0,4902000000.0,23943000000.0,621000000.0,4312000000.0,12248691400.0,24633691400.0,17.618943359124877,1.1723786209710323,0.4162976085031001,1.5978898007033997,0.023365342960288808,17.618943359124877,0.047010550996483,4.2091723024054986,7.6363412718204495,1.4359544431418523,0.4239401496259352,1.816425120772947,0.013879033641095733,0.08887938670168902,0.5385556915544676,0.012247640572981888,-52.79608362068966,0.6123711340206186,0.11829059154929576,0.11929220872974222,0.27555381271022394,0.3967373162161203,0.267425320056899,0.1295774647887324,0.2538940809968847,0.18325176333226026,0.4630008924889417,0.17195181848311128,Utilities—Regulated Electric,Utilities,PPL
2010Q4,2010,Q4,2011-02-28,2010-12-31,355000000.0,1863000000.0,642000000.0,0.7332620038088313,1406000000.0,0.7546967257112185,32837000000.0,8210000000.0,6188000000.0,5214000000.0,24359000000.0,643000000.0,4082000000.0,12742512160.0,25174512160.0,16.957974792311283,1.1868047564250095,0.4067667570119073,1.6269183922046284,0.022408647708188175,16.957974792311283,0.043239951278928136,6.839781084272678,8.973600112676056,1.5520721266747868,0.476056338028169,0.7107309486780715,0.013262690894697173,0.056734780887413586,0.502301495972382,0.010810975424064317,-41.37179272727273,0.7546967257112185,0.4377686349192771,0.4997323656768401,-0.028018092682541303,0.43578675231139635,0.20068317677198974,0.4314516129032258,0.22988505747126436,-0.3753338113685532,-0.11826927264983705,0.1336710482653351,Utilities—Regulated Electric,Utilities,PPL
2010Q3,2010,Q3,2010-10-29,2010-09-30,248000000.0,2179000000.0,522000000.0,0.51,1171000000.0,0.5374024782010096,26728000000.0,8324000000.0,9192000000.0,4345000000.0,18136000000.0,0.0,3897000000.0,13139890960.0,17306890960.0,17.249954409058507,2.115535097813579,0.3374738102364562,1.0836136472849591,0.028337354527391428,17.249954409058507,0.029793368572801536,6.030239082147774,13.245857822580646,1.5785548966842864,0.5403225806451613,0.0,0.010197953727920433,0.08152499251721042,1.116915995397008,0.009278659084106555,17.613794852546917,0.5374024782010096,1.3181818181818183,-0.011664904265755336,0.04121023746924666,0.5002476778115607,0.3857988165680473,1.9176470588235295,1.1932773109243697,-0.395371471747672,-0.029718516582102235,0.2664125202187312,Utilities—Regulated Electric,Utilities,PPL
2010Q2,2010,Q2,2010-08-05,2010-06-30,85000000.0,1503000000.0,238000000.0,0.22,845000000.0,0.5622089155023287,25913000000.0,7937000000.0,8599000000.0,4195000000.0,17708000000.0,378000000.0,3818000000.0,9528305200.0,14200305200.0,20.783145149464776,2.0498212157330156,0.3541465673600124,1.1562303137205494,0.0123021188230958,20.783145149464776,0.010709336021166688,6.339524417831004,28.024427058823527,1.2004920246944688,1.5529411764705883,1.7407407407407407,0.013853460529370953,0.05800177517076371,1.3613825983313468,0.0032802068459846408,-16.232206473594548,0.5622089155023287,-0.6666666666666667,-0.3356009407665961,0.018808772609271218,0.8221713215488685,-0.256816182937555,-0.66,-0.516260162601626,-0.7499172081677598,-0.05417978583763753,0.5005378501342332,Utilities—Regulated Electric,Utilities,PPL
2010Q1,2010,Q1,2010-05-06,2010-03-31,250000000.0,3033000000.0,492000000.0,0.66,1137000000.0,0.37487636003956476,24935000000.0,5892000000.0,7221000000.0,5792000000.0,18724000000.0,339000000.0,3866000000.0,10466538070.0,16983538070.0,15.598980188871563,1.2467196132596685,0.33049929817525564,1.3986761710794298,0.02299765844022864,15.598980188871563,0.04243041412084182,3.450886274315859,10.46653807,1.7763981788866259,0.524,5.592920353982301,0.01251607734323179,0.12163625426107881,0.5281422651933702,0.010026067776218167,21.230300344827587,0.37487636003956476,0.6293674509803923,0.48735098758115325,0.8923115396156082,0.3479178751779631,1.033989266547406,0.6339869281045751,0.8636363636363636,0.24881356491895418,0.877639226146606,0.13307485945306505,Utilities—Regulated Electric,Utilities,PPL
2009Q4,2009,Q4,2010-02-26,2009-12-31,153000000.0,1727000000.0,264000000.0,0.4050651678372962,559000000.0,0.3236826867400116,22165000000.0,5496000000.0,4752000000.0,4182000000.0,16350000000.0,357000000.0,3749000000.0,12204036270.0,19185036270.0,14.550576225057384,1.1362984218077474,0.3510940672230995,1.415938864628821,0.016549605719226118,14.550576225057384,0.027838427947598252,7.0666104632310365,19.941235735294118,2.220530616812227,0.8562091503267973,3.2717086834733893,0.010734153611295354,0.07791563275434243,0.4469153515064562,0.006902774644710129,67.8002015,0.3236826867400116,7.101303356745923,-0.1360255415867578,0.17825000991903195,0.28047814700357215,0.16458333333333333,6.65,0.4585635359116022,-0.1283842581389259,0.015801179588983437,0.08807989739734334,Utilities—Regulated Electric,Utilities,PPL
2009Q3,2009,Q3,2009-10-30,2009-09-30,20000000.0,1805000000.0,181000000.0,0.05,480000000.0,0.2659279778393352,21944000000.0,5618000000.0,4299000000.0,3793000000.0,16007000000.0,361000000.0,3726000000.0,11419490560.0,18593490560.0,14.926245536473388,1.133403638281044,0.3586401749908859,1.4008543965824136,0.007987699824888436,14.926245536473388,0.00355998576005696,6.326587567867036,142.743632,2.032661189035244,6.5,3.670360110803324,0.01138404548932873,0.0822548304775793,0.47376746638544687,0.0009114108640174991,31.45865168044077,0.2659279778393352,3.5000000000000004,-0.8978130354388397,0.23384656390605082,0.3341347867358466,0.25326370757180156,3.857142857142857,0.7403846153846154,-0.9099369127161415,0.04849986289110689,0.06056594236247467,Utilities—Regulated Electric,Utilities,PPL
2009Q2,2009,Q2,2009-08-04,2009-06-30,-7000000.0,1673000000.0,104000000.0,-0.02,383000000.0,0.22893006575014943,22410000000.0,5519000000.0,4795000000.0,4516000000.0,16572000000.0,382000000.0,3837000000.0,12389037760.0,19737037760.0,14.682838451531202,1.0617803365810452,0.3713074520303436,1.5077006704113063,-0.10895953757225434,14.682838451531202,-0.0012683457148034065,7.405282582187687,-442.4656342857143,2.2447975647762277,-18.571428571428573,3.3769633507853403,0.010493147451671016,0.07465417224453369,0.4273693534100974,-0.0003123605533244087,-884.9312685714285,0.22893006575014943,-1.03125,-1.0459825067730968,0.19419473537296478,0.30644764417359555,-0.6063720452209661,-1.0290456431535269,-0.750599520383693,-1.0387977400306,0.02213851156134528,0.06658710483605172,Utilities—Regulated Electric,Utilities,PPL
2009Q1,2009,Q1,2009-05-01,2009-03-31,241000000.0,2359000000.0,417000000.0,0.64,973000000.0,0.4124629080118694,21790000000.0,5237000000.0,4451000000.0,4610000000.0,16234000000.0,349000000.0,3973000000.0,10769465520.0,17995465520.0,13.961163599138391,0.9655097613882864,0.3605782469022487,1.500286423524919,0.022577162076565415,13.961163599138391,0.04601871300362803,4.565267282746927,11.171644730290456,2.05641885048692,0.5228215767634855,3.9713467048710602,0.011699744965616455,0.10826067003212483,0.4084598698481562,0.011060119320789354,1076.946552,0.4124629080118694,-0.145652384341637,0.28494956173089636,0.4646257230121304,0.4189640867341344,-0.22716441620333597,-0.1423487544483986,-0.24456521739130435,-0.1317908375365225,0.3345718228413025,0.10676774306193725,Utilities—Regulated Electric,Utilities,PPL
2008Q4,2008,Q4,2009-02-27,2008-12-31,281000000.0,2513000000.0,552000000.0,0.7491095992663525,1259000000.0,0.5009948269001194,21405000000.0,5077000000.0,4383000000.0,4293000000.0,16310000000.0,337000000.0,3875000000.0,11512187280.0,18609187280.0,13.534624325534773,1.020964360587002,0.3978976874562018,1.677565491431948,0.026236393574119124,13.534624325534773,0.05534764624778413,4.58105343414246,10.24215950177936,2.2675176836714597,0.4483985765124555,3.72106824925816,0.010944922709770231,0.11740247605699602,0.5944560913114372,0.0131277738846064,-201.96819789473685,0.5009948269001194,0.38723999864139336,0.2749269141360036,0.8158986929380021,0.4475096710692779,0.08910034602076125,0.35096153846153844,0.39746835443037976,0.532145270889905,0.6921779387061071,0.1459407471772637,Utilities—Regulated Electric,Utilities,PPL
2008Q3,2008,Q3,2008-11-04,2008-09-30,208000000.0,2981000000.0,395000000.0,0.54,1156000000.0,0.38778933243877894,20506000000.0,5584000000.0,3350000000.0,3505000000.0,14903000000.0,321000000.0,3725000000.0,13856252820.000002,20421252820.0,14.918873283087224,0.9557774607703281,0.33716960889495756,1.2381805157593124,0.024749548163000196,14.918873283087224,0.03724928366762178,4.648189473331097,16.654150024038465,2.481420633954155,0.6057692307692307,5.685358255451713,0.009093367567466194,0.1453720862186677,0.4099857346647646,0.010143372671413246,-110.85002256000001,0.38778933243877894,0.08000000000000007,0.1325626095105161,0.9286152163411903,0.7400120276448876,0.023008849557522124,0.10052910052910052,0.005089058524173028,0.06868719836286882,0.8364449355335668,0.2975109654065538,Utilities—Regulated Electric,Utilities,PPL
2008Q2,2008,Q2,2008-08-01,2008-06-30,189000000.0,1024000000.0,393000000.0,0.5,1130000000.0,1.103515625,23901000000.0,5183000000.0,5686000000.0,5462000000.0,18699000000.0,325000000.0,3647000000.0,19504968660.0,26239968660.0,13.889558846386786,1.0410106188209447,0.321743860089536,1.48369670075246,0.020174768135616424,13.889558846386786,0.036465367547752266,19.04782095703125,25.800223095238096,3.7632584719274553,0.6666666666666666,-0.3261538461538461,0.00645989246106279,0.04284339567382118,0.4148663493225925,0.007907618928078322,-267.1913515068493,1.103515625,-0.27536231884057966,0.3292441811408408,-0.3002705396450965,0.6052813926006352,-0.07980456026058631,-0.27307692307692305,-0.18125,0.51190408385992,-0.2896277222878672,0.21777313379843127,Utilities—Regulated Electric,Utilities,PPL
2008Q1,2008,Q1,2008-05-02,2008-03-31,260000000.0,1526000000.0,480000000.0,0.69,1228000000.0,0.8047182175622543,21055000000.0,5584000000.0,3989000000.0,3556000000.0,15452000000.0,305000000.0,3583000000.0,17055999980.32,24187999980.32,15.033846171192899,1.1217660292463443,0.3754452624079791,1.4156518624641834,0.023343465045592704,15.033846171192899,0.04656160458452722,11.176933145688073,16.399999981076924,3.0544412572206308,0.4346153846153846,0.9770491803278688,0.006625234529220486,0.07247684635478509,0.5261529808773904,0.012348610781287106,181.4468083012766,0.8047182175622543,-0.412188729380734,-0.07148407115085764,-0.07645062989293007,0.9691612951633558,0.005733005733005733,-0.4036697247706422,0.21518987341772153,0.5730337101483723,-0.03179797800029324,0.29908428252787095,Utilities—Regulated Electric,Utilities,PPL
2007Q4,2007,Q4,2008-02-29,2007-12-31,436000000.0,1621000000.0,395000000.0,1.1738461552005917,1221000000.0,0.7532387415175817,19972000000.0,5556000000.0,3168000000.0,2882000000.0,14397000000.0,316000000.0,3448000000.0,19347714263.39,26374714263.39,14.958461555721302,1.099236641221374,0.3835369517324254,1.3786897048236142,0.022107642492025056,14.958461555721302,0.07847372210223182,11.935665800980876,11.093872857448396,3.4823099826115915,1.864678899082569,1.2658227848101267,0.04202046758248695,0.08116362908071299,0.6332408049965302,0.021830562787903064,-156.02995373701611,0.7532387415175817,0.39743589904832344,1.9952408142839975,0.06172693093562818,1.1683005773781276,-0.04758190327613104,0.35403726708074534,-0.2418426103646833,1.5037282312244236,0.12465509114540792,0.3163728252843571,Utilities—Regulated Electric,Utilities,PPL
2007Q3,2007,Q3,2007-11-01,2007-09-30,322000000.0,1763000000.0,521000000.0,0.84,1282000000.0,0.7271695972773681,19825000000.0,5160000000.0,3957000000.0,3024000000.0,14639000000.0,320000000.0,3144000000.0,17994117627.5,25253117627.5,13.621118027227924,1.308531746031746,0.3951071878940731,1.5180232558139535,0.03171687733190154,13.621118027227924,0.0624031007751938,10.206532970788428,13.970588220108695,3.487232098352713,3.251552795031056,1.503125,0.05818568165853789,0.0889281210592686,0.5168650793650794,0.016242118537200506,216.79659792168675,0.7271695972773681,-0.0454545454545455,0.8554303121616996,-0.04110114119374338,0.6301754487918221,0.07460184409052809,-0.06666666666666667,0.37467018469656993,0.6346153867257354,0.19737578202002085,0.2174801325593832,Utilities—Regulated Electric,Utilities,PPL
2007Q2,2007,Q2,2007-08-02,2007-06-30,345000000.0,1613000000.0,379000000.0,0.88,1193000000.0,0.7396156230626162,20006000000.0,5369000000.0,4079000000.0,3040000000.0,14611000000.0,350000000.0,2937000000.0,18137696608.71,25075696608.71,13.850463783772987,1.3417763157894738,0.3838848345496351,1.4304339728068542,0.02558421146840858,13.850463783772987,0.0642577761221829,11.244697215567266,13.143258412108695,3.378226226245111,0.34782608695652173,1.2,0.006616055091712922,0.0806258122563231,0.5710526315789474,0.017244826552034388,-1007.649811595,0.7396156230626162,0.6923076923076923,23.250000025152175,-0.040490591436140706,1.1286573438175698,-0.02132895816242822,0.6995073891625616,-0.05955334987593052,1.1975308680922734,0.11643865363055145,0.23238472184749087,Utilities—Regulated Electric,Utilities,PPL
2007Q1,2007,Q1,2007-05-03,2007-03-31,203000000.0,1638000000.0,403000000.0,0.52,1219000000.0,0.7442002442002442,20107000000.0,5273000000.0,4606000000.0,3258000000.0,14808000000.0,308000000.0,2711000000.0,15665471701.199999,22719471701.199997,13.766945810095184,1.4137507673419276,0.39881633262048044,1.5207661672672104,0.022889832653411005,13.766945810095184,0.03849800872368671,9.563780037362637,19.29245283399015,2.970884070017068,0.5172413793103449,1.3603896103896105,0.006702638899277883,0.0814641667081116,0.5893186003683242,0.010095986472372805,-284.82675820363636,0.7442002442002442,0.11893152449438206,10.357142854904994,0.006247464304767192,1.1783142104580986,0.019230769230769232,0.1404494382022472,0.09809264305177112,0.05999999979113291,-0.004013611811498619,0.39922446648684884,Utilities—Regulated Electric,Utilities,PPL
