Quarters,Year,Quarter,FillingDate,Date,NetIncome,Revenue,OperatingIncome,EPSDiluted,GrossProfit,GrossProfitRatio,TotalAssets,CommonStockEquity,CurrentAssets,CurrentLiability,TotalLiability,Inventory,RetainedEarnings,MarketCap,EnterpriseValue,bookValuePerShare,currentRatio,debtToAssets,debtToEquity,roic,shareholdersEquityPerShare,roe,priceToSalesRatio,peRatio,pbRatio,payoutRatio,inventoryTurnover,dividendYield,assetTurnover,quickRatio,returnOnAssets,priceToFreeCashFlowsRatio,grossProfitMargin,epsdilutedGrowth,fiveYNetIncomeGrowthPerShare,fiveYRevenueGrowthPerShare,fiveYShareholdersEquityGrowthPerShare,grossProfitGrowth,netIncomeGrowth,operatingIncomeGrowth,threeYNetIncomeGrowthPerShare,threeYRevenueGrowthPerShare,threeYShareholdersEquityGrowthPerShare,Industry,Sector,Symbol
2020Q2,2020,Q2,2020-05-01,2020-06-30,333000000.0,1804500000.0,486000000.0,0.17,2431000000.0,1.3471875866,14964000000.0,2079000000.0,2247000000.0,4761000000.0,12867000000.0,237000000.0,0.0,36839300217.35865,44472300217.35865,1.0647505944186575,0.47195967233774416,0.5231221598503074,3.7652717652717653,0.03998952807004777,1.0647505944186575,0.16017316017316016,20.415239799034996,27.657132295314305,17.719721124270635,0.0,-2.6434599156118144,0.0,0.12058941459502806,0.04095778197857593,0.022253408179631114,0.0,1.3471875865890828,0.0,0.0,0.0,0.0,0.0,0.0,0.0,0.0,0.0,0.0,Publishing,Communication Services,RELX
2019Q4,2019,Q4,2019-11-01,2019-12-31,271000000.0,1750500000.0,294000000.0,0.14,1124000000.0,0.6421022565,13789000000.0,2166000000.0,2445000000.0,5947000000.0,11599000000.0,217000000.0,0.0,37355912537.824486,43631912537.824486,1.1093072570999578,0.4111316630233731,0.46515338313148163,2.961218836565097,0.026816998572210406,1.1093072570999578,0.12511542012927054,21.340138553455862,34.46117392788236,17.246497016539465,0.0,2.8870967741935485,0.0,0.12694901733265646,0.023204977299478728,0.019653346870694033,-4980.788338376598,0.6421022564981433,0.0,0.0,0.0,0.0,0.0,0.0,0.0,0.0,0.0,0.0,Publishing,Communication Services,RELX
2019Q2,2019,Q2,2019-05-01,2019-06-30,0.0,0.0,0.0,0.0,0.0,0.0,14088000000.0,2205000000.0,2111000000.0,4708000000.0,11856000000.0,214000000.0,0.0,0.0,6757000000.0,0.0,0.4483857264231096,0.48800397501419646,3.1179138321995463,,0.0,0.0,0.0,0.0,0.0,0.0,0.0,,0.0,0.02506372132540357,0.0,0.0,0.0,0.0,0.0,0.0,-1.0,0.0,0.0,0.0,0.0,0.0,0.0,Publishing,Communication Services,RELX
2018Q2,2018,Q2,2018-05-01,2018-06-30,0.0,0.0,0.0,0.0,0.0,0.0,13131000000.0,2145000000.0,1934000000.0,4736000000.0,10968000000.0,199000000.0,0.0,0.0,6274000000.0,0.0,0.4083614864864865,0.4857969690046455,2.973892773892774,,0.0,0.0,0.0,0.0,0.0,0.0,0.0,,0.0,0.022170608108108107,0.0,0.0,0.0,0.0,0.0,0.0,-1.0,0.0,0.0,0.0,0.0,0.0,0.0,Publishing,Communication Services,RELX
2017Q2,2017,Q2,2017-06-30,2017-06-30,0.0,0.0,0.0,0.0,0.0,0.0,12345000000.0,1882000000.0,2007000000.0,4246000000.0,10429000000.0,202000000.0,0.0,0.0,5036000000.0,0.0,0.4726801695713613,0.42089914945321993,2.760892667375133,,0.0,0.0,0.0,0.0,0.0,0.0,0.0,,0.0,0.037682524729156855,0.0,0.0,0.0,0.0,0.0,0.0,-1.0,0.0,0.0,0.0,0.0,0.0,-1.0,Publishing,Communication Services,RELX
2016Q2,2016,Q2,2016-06-30,2016-06-30,0.0,0.0,0.0,0.0,0.0,0.0,12074000000.0,1972000000.0,1909000000.0,4307000000.0,10065000000.0,188000000.0,0.0,0.0,4607000000.0,0.0,0.4432319479916415,0.39903925790955774,2.443204868154158,,0.0,0.0,0.0,0.0,0.0,0.0,0.0,,0.0,0.048990016252612026,0.0,0.0,0.0,0.0,0.0,0.0,-1.0,0.0,0.0,0.0,0.0,0.0,-1.0,Publishing,Communication Services,RELX
2015Q2,2015,Q2,2015-06-30,2015-06-30,0.0,0.0,0.0,0.0,0.0,0.0,10455000000.0,1793000000.0,1640000000.0,3255000000.0,8630000000.0,147000000.0,0.0,0.0,3812000000.0,0.0,0.5038402457757296,0.37838354854136774,2.2063580591187955,,0.0,0.0,0.0,0.0,0.0,0.0,0.0,,0.0,0.04423963133640553,0.0,0.0,0.0,0.0,0.0,0.0,-1.0,0.0,0.0,0.0,0.0,0.0,-1.0,Publishing,Communication Services,RELX
2014Q2,2014,Q2,2014-06-30,2014-06-30,0.0,0.0,0.0,0.0,0.0,0.0,9870000000.0,1902000000.0,1526000000.0,3550000000.0,7937000000.0,145000000.0,0.0,18409622799.00253,21719622799.00253,0.9741008324118743,0.4298591549295775,0.35106382978723405,1.8217665615141956,,0.9741008324118743,0.0,0.0,0.0,9.67908664511174,0.0,0.0,,0.0,0.04366197183098591,0.0,0.0,0.0,0.0,0.0,0.0,2.1334431630972,0.0,0.0,0.0,0.0,0.0,-0.03939393939393939,Publishing,Communication Services,RELX
2013Q2,2013,Q2,2013-06-30,2013-06-30,0.0,0.0,0.0,0.0,0.0,0.0,10809000000.0,2403000000.0,1899000000.0,4093000000.0,8367000000.0,166000000.0,0.0,14879575110.732979,18295575110.73298,1.2306857519903962,0.46396286342536036,0.3506337311499676,1.5771951727007907,,1.2306857519903962,0.0,0.0,0.0,6.192082859231369,0.0,0.0,,0.0,0.09137551917908625,0.0,0.0,0.0,0.0,0.0,0.0,3.9590972503116197,0.0,0.0,0.0,0.0,0.0,0.5056390977443608,Publishing,Communication Services,RELX
2012Q2,2012,Q2,2012-06-30,2012-06-30,0.0,0.0,0.0,0.0,0.0,0.0,10650000000.0,2242000000.0,1950000000.0,4266000000.0,8380000000.0,178000000.0,0.0,10075325304.567888,13500325304.567888,1.1482303187525877,0.4571026722925457,0.3615023474178404,1.7172167707404105,,1.1482303187525877,0.0,0.0,0.0,4.493900671082912,0.0,0.0,,0.0,0.0996249413970933,0.0,0.0,0.0,0.0,0.0,0.0,0.0,0.0,0.0,0.0,0.0,0.0,2.6935749588138385,Publishing,Communication Services,RELX
2011Q2,2011,Q2,2011-06-30,2011-06-30,0.0,0.0,0.0,0.0,0.0,0.0,10829000000.0,1980000000.0,2374000000.0,4037000000.0,8818000000.0,221000000.0,0.0,11074445577.969408,14614445577.969408,1.0140481851606262,0.5880604409214764,0.39929818081078583,2.183838383838384,,1.0140481851606262,0.0,0.0,0.0,5.5931543323077815,0.0,0.0,,0.0,0.1942036165469408,0.0,0.0,0.0,0.0,0.0,0.0,0.0,0.0,0.0,0.0,0.0,0.0,3.0861475470732453,Publishing,Communication Services,RELX
2010Q2,2010,Q2,2010-06-30,2010-06-30,0.0,0.0,0.0,0.0,0.0,0.0,11252000000.0,1596000000.0,2275000000.0,3631000000.0,9631000000.0,268000000.0,0.0,9425396780.8108,13333396780.8108,0.817384294705232,0.6265491600110162,0.4110380376821898,2.8978696741854635,,0.817384294705232,0.0,0.0,0.0,5.905637080708522,0.0,0.0,,0.0,0.19746626273753787,0.0,0.0,0.0,0.0,0.0,0.0,0.0,0.0,0.0,0.0,0.0,0.0,0.0,Publishing,Communication Services,RELX
2009Q2,2009,Q2,2009-06-30,2009-06-30,0.0,0.0,0.0,0.0,0.0,0.0,10528000000.0,607000000.0,1927000000.0,3671000000.0,9896000000.0,307000000.0,0.0,8836851588.645731,13909851588.645731,0.31087234767297983,0.5249250885317353,0.5189969604863222,9.00164744645799,,0.31087234767297983,0.0,0.0,0.0,14.558239849498733,0.0,0.0,,0.0,0.10651048760555706,0.0,0.0,0.0,0.0,0.0,0.0,0.0,0.0,0.0,0.0,0.0,0.0,0.0,Publishing,Communication Services,RELX
2008Q2,2008,Q2,2008-06-30,2008-06-30,0.0,0.0,0.0,0.0,0.0,0.0,3925180000.0,484564000.0,1382277000.0,1692271000.0,3435326000.0,146533000.0,0.0,11156578479.75731,12632488479.75731,0.24816729535059276,0.8168177555486089,0.44380053908355793,3.5949781659388647,,0.24816729535059276,0.0,0.0,0.0,23.023952418581057,0.0,0.0,,0.0,0.15723663644889027,0.0,0.0,0.0,0.0,0.0,0.0,0.0,0.0,0.0,0.0,0.0,0.0,0.0,Publishing,Communication Services,RELX
2023Q1,2023,Q1,2023-04-03,2023-04-03,,,,,,,0.0,0.0,0.0,0.0,0.0,0.0,0.0,0.0,0.0,0.0,0.0,0.0,0.0,0.0,0.0,0.0,0.0,0.0,0.0,0.0,0.0,,0.0,0.0,0.0,0.0,0.0,0.0,0.0,0.0,0.0,0.0,0.0,0.0,0.0,0.0,0.0,Publishing,Communication Services,RELX
2022Q4,2022,Q4,2022-12-31,2022-12-31,,,,,,,15829000000.0,3776000000.0,3069000000.0,5187000000.0,12075000000.0,309000000.0,0.0,0.0,6396000000.0,0.0,0.5916714864083286,0.4251689936193063,1.7823093220338984,,0.0,,0.0,0.0,0.0,0.0,,,,0.06439174860227492,,0.0,0.0,0.0,0.0,0.0,0.0,0.0,0.0,0.0,-1.0,-1.0,-1.0,Publishing,Communication Services,RELX
2022Q2,2022,Q2,2022-05-03,2022-06-30,,,,,,,15278000000.0,3652000000.0,2387000000.0,4662000000.0,11638000000.0,287000000.0,0.0,0.0,6797000000.0,0.0,0.512012012012012,0.45156434088231445,1.8891018619934283,,0.0,,0.0,0.0,0.0,0.0,,,,0.021879021879021878,,0.0,0.0,0.0,0.0,0.0,0.0,0.0,0.0,0.0,0.0,0.0,0.0,Publishing,Communication Services,RELX
2022Q3,2022,Q3,2022-02-17,2022-01-25,,,,,,,0.0,0.0,0.0,0.0,0.0,0.0,0.0,0.0,0.0,0.0,0.0,0.0,0.0,0.0,0.0,0.0,0.0,0.0,0.0,0.0,0.0,,0.0,0.0,0.0,0.0,0.0,0.0,0.0,0.0,0.0,0.0,0.0,0.0,0.0,0.0,0.0,Publishing,Communication Services,RELX
2021Q4,2021,Q4,2022-02-17,2021-12-31,,,,,,,13858000000.0,3232000000.0,2357000000.0,3748000000.0,10634000000.0,253000000.0,0.0,0.0,6054000000.0,0.0,0.6288687299893276,0.4450137104921345,1.9081064356435644,,0.0,,0.0,0.0,0.0,0.0,,,,0.03014941302027748,,0.0,0.0,0.0,0.0,0.0,0.0,0.0,0.0,0.0,0.0,0.0,0.0,Publishing,Communication Services,RELX
2021Q2,2021,Q2,2021-05-04,2021-06-30,,,,,,,13329000000.0,2420000000.0,1964000000.0,3733000000.0,10916000000.0,238000000.0,0.0,0.0,6409000000.0,0.0,0.5261184034288776,0.48578287943581666,2.675619834710744,,0.0,,0.0,0.0,0.0,0.0,,,,0.017680150013394052,,0.0,0.0,0.0,0.0,0.0,0.0,0.0,0.0,0.0,0.0,0.0,0.0,Publishing,Communication Services,RELX
2020Q4,2020,Q4,2020-11-02,2020-12-31,,,,,,,14145000000.0,2099000000.0,2274000000.0,4374000000.0,12044000000.0,240000000.0,0.0,0.0,7035000000.0,0.0,0.5198902606310014,0.503570166136444,3.3935207241543592,,0.0,,0.0,0.0,0.0,0.0,,,,0.020118884316415182,,0.0,0.0,0.0,0.0,0.0,0.0,0.0,0.0,0.0,0.0,0.0,0.0,Publishing,Communication Services,RELX
2018Q4,2018,Q4,2018-11-01,2018-12-31,,,,,,,13999000000.0,2329000000.0,2352000000.0,5325000000.0,11640000000.0,212000000.0,0.0,0.0,6251000000.0,0.0,0.4416901408450704,0.45467533395242515,2.7329325890940317,,0.0,,0.0,0.0,0.0,0.0,,,,0.02140845070422535,,0.0,0.0,0.0,0.0,0.0,0.0,0.0,0.0,0.0,0.0,0.0,0.0,Publishing,Communication Services,RELX
2017Q4,2017,Q4,2017-11-01,2017-12-31,,,,,,,12283000000.0,2353000000.0,2159000000.0,4526000000.0,9909000000.0,197000000.0,0.0,0.0,4775000000.0,0.0,0.4770216526734423,0.39778555727428155,2.076498087547811,,0.0,,0.0,0.0,0.0,0.0,,,,0.024524966858152895,,0.0,0.0,0.0,0.0,0.0,0.0,0.0,0.0,0.0,0.0,0.0,0.0,Publishing,Communication Services,RELX
2016Q4,2016,Q4,2016-12-31,2016-12-31,,,,,,,13323000000.0,2320000000.0,2353000000.0,5309000000.0,10965000000.0,209000000.0,0.0,0.0,4681000000.0,0.0,0.4432096440007534,0.36350671770622234,2.0875,,0.0,,0.0,0.0,0.0,0.0,,,,0.030514221133923526,,0.0,0.0,0.0,0.0,0.0,0.0,0.0,0.0,0.0,0.0,0.0,0.0,Publishing,Communication Services,RELX
2015Q4,2015,Q4,2015-12-31,2015-12-31,,,,,,,11185000000.0,2144000000.0,1927000000.0,4185000000.0,9007000000.0,158000000.0,0.0,0.0,3780000000.0,0.0,0.46045400238948625,0.34886008046490835,1.819962686567164,,0.0,,0.0,0.0,0.0,0.0,,,,0.02915173237753883,,0.0,0.0,0.0,0.0,0.0,0.0,0.0,0.0,0.0,0.0,0.0,0.0,Publishing,Communication Services,RELX
2014Q4,2014,Q4,2014-12-31,2014-12-31,,,,,,,11087000000.0,2106000000.0,1936000000.0,3938000000.0,8950000000.0,142000000.0,0.0,0.0,3549000000.0,0.0,0.49162011173184356,0.34499864706412914,1.8162393162393162,,0.0,,0.0,0.0,0.0,0.0,,,,0.07008633824276282,,0.0,0.0,0.0,0.0,0.0,0.0,0.0,0.0,0.0,0.0,0.0,0.0,Publishing,Communication Services,RELX
2013Q4,2013,Q4,2013-12-31,2013-12-31,,,,,,,10495000000.0,2390000000.0,1835000000.0,3855000000.0,8072000000.0,142000000.0,0.0,0.0,3149000000.0,0.0,0.47600518806744485,0.3126250595521677,1.3728033472803347,,0.0,,0.0,0.0,0.0,0.0,,,,0.034241245136186774,,0.0,0.0,0.0,0.0,0.0,0.0,0.0,0.0,0.0,0.0,0.0,0.0,Publishing,Communication Services,RELX
2012Q4,2012,Q4,2012-12-31,2012-12-31,,,,,,,11014000000.0,2280000000.0,2534000000.0,4014000000.0,8700000000.0,159000000.0,0.0,0.0,3251000000.0,0.0,0.6312904833084205,0.3533684401670601,1.707017543859649,,0.0,,0.0,0.0,0.0,0.0,,,,0.1596910812157449,,0.0,0.0,0.0,0.0,0.0,0.0,0.0,0.0,0.0,0.0,0.0,0.0,Publishing,Communication Services,RELX
2011Q4,2011,Q4,2011-12-31,2011-12-31,,,,,,,11503000000.0,2172000000.0,2592000000.0,4441000000.0,9306000000.0,190000000.0,0.0,0.0,3556000000.0,0.0,0.583652330556181,0.3722507172042076,1.9714548802946592,,0.0,,0.0,0.0,0.0,0.0,,,,0.1634766944381896,,0.0,0.0,0.0,0.0,0.0,0.0,0.0,0.0,0.0,0.0,0.0,0.0,Publishing,Communication Services,RELX
2010Q4,2010,Q4,2010-12-31,2010-12-31,,,,,,,11158000000.0,1943000000.0,2579000000.0,3897000000.0,9188000000.0,228000000.0,0.0,0.0,3560000000.0,0.0,0.661791121375417,0.38555296648144827,2.214101904271745,,0.0,,0.0,0.0,0.0,0.0,,,,0.19040287400564537,,0.0,0.0,0.0,0.0,0.0,0.0,0.0,0.0,0.0,0.0,0.0,0.0,Publishing,Communication Services,RELX
2009Q4,2009,Q4,2009-12-31,2009-12-31,,,,,,,11334000000.0,1732000000.0,2577000000.0,3869000000.0,9575000000.0,275000000.0,0.0,0.0,3972000000.0,0.0,0.6660635823210131,0.41521086994882656,2.7170900692840645,,0.0,,0.0,0.0,0.0,0.0,,,,0.18971310416128198,,0.0,0.0,0.0,0.0,0.0,0.0,0.0,0.0,0.0,0.0,0.0,0.0,Publishing,Communication Services,RELX
2008Q4,2008,Q4,2008-12-31,2008-12-31,,,,,,,12866000000.0,953000000.0,2533000000.0,4110000000.0,11885000000.0,348000000.0,0.0,0.0,5767000000.0,0.0,0.616301703163017,0.4773822477848593,6.444910807974816,,0.0,,0.0,0.0,0.0,0.0,,,,0.09124087591240876,,0.0,0.0,0.0,0.0,0.0,0.0,0.0,0.0,0.0,0.0,0.0,0.0,Publishing,Communication Services,RELX
2007Q4,2007,Q4,2007-12-31,2007-12-31,,,,,,,9778000000.0,2965000000.0,4437000000.0,3951000000.0,6802000000.0,271000000.0,0.0,0.0,662000000.0,0.0,1.1230068337129842,0.3200040908161178,1.0553119730185498,,0.0,,0.0,0.0,0.0,0.0,,,,0.6243988863578841,,0.0,0.0,0.0,0.0,0.0,0.0,0.0,0.0,0.0,0.0,0.0,0.0,Publishing,Communication Services,RELX
2007Q2,2007,Q2,2007-06-30,2007-06-30,,,,,,,4612880000.0,1241563000.0,1803361000.0,1574304000.0,3364440000.0,135424000.0,0.0,0.0,1378045000.0,0.0,1.145497311827957,0.36410550458715596,1.3527907967618236,,0.0,,0.0,0.0,0.0,0.0,,,,0.19153225806451613,,0.0,0.0,0.0,0.0,0.0,0.0,0.0,0.0,0.0,0.0,0.0,0.0,Publishing,Communication Services,RELX
