Quarters,Year,Quarter,FillingDate,Date,NetIncome,Revenue,OperatingIncome,EPSDiluted,GrossProfit,GrossProfitRatio,TotalAssets,CommonStockEquity,CurrentAssets,CurrentLiability,TotalLiability,Inventory,RetainedEarnings,MarketCap,EnterpriseValue,bookValuePerShare,currentRatio,debtToAssets,debtToEquity,roic,shareholdersEquityPerShare,roe,priceToSalesRatio,peRatio,pbRatio,payoutRatio,inventoryTurnover,dividendYield,assetTurnover,quickRatio,returnOnAssets,priceToFreeCashFlowsRatio,grossProfitMargin,epsdilutedGrowth,fiveYNetIncomeGrowthPerShare,fiveYRevenueGrowthPerShare,fiveYShareholdersEquityGrowthPerShare,grossProfitGrowth,netIncomeGrowth,operatingIncomeGrowth,threeYNetIncomeGrowthPerShare,threeYRevenueGrowthPerShare,threeYShareholdersEquityGrowthPerShare,Industry,Sector,Symbol
2023Q1,2023,Q1,2023-05-03,2023-03-31,25588000.0,442526000.0,36940000.0,1.23,91336000.0,0.2063969123,1717984000.0,821994000.0,699854000.0,245817000.0,895990000.0,434485000.0,792421000.0,2385656000.0,2875114000.0,39.9685889331907,2.847052888937706,0.2937751457522305,0.6139959659072938,0.02240894722995559,39.9685889331907,0.031129180991588748,5.390996235249454,23.308347662967016,2.9022790920614994,0.10047678599343442,0.8082902746930274,0.001077690999875925,0.2575844711010114,0.9081593217718872,0.014894201575800473,294.85304659498206,0.2063969122718213,-0.10869565217391298,1.3633730520606457,0.4275190061939052,0.5957193383085145,-0.07196781109338644,-0.11041579752468363,0.38201952935014405,9.173238002618078,0.5780397656665848,0.3658839333792014,Other Industrial Metals & Mining,Basic Materials,MTRN
2022Q4,2022,Q4,2023-02-16,2022-12-31,28764000.0,434578000.0,26729000.0,1.38,98419000.0,0.2264702769,1691979000.0,799990000.0,690448000.0,238964000.0,891989000.0,423080000.0,769418000.0,1797192870.0,2289003870.0,38.95359594877538,2.8893389799300313,0.2984150512506361,0.6311478893486169,0.016732182512672326,38.95359594877538,0.035955449443118036,4.135489762482224,15.620157749269922,2.2465191689896127,0.08955638993185927,0.7945518578046705,0.0014333464387714825,0.2568459774027928,0.9554242480038835,0.01700021099552654,30.783338528998662,0.22647027691231494,0.43749999999999994,4.417435870208517,0.3769957003567184,0.5807110338116055,0.18945409279334807,0.44165998396150763,-0.08138296044265732,0.9373412644147116,0.5411267890254765,0.3015213799419544,Other Industrial Metals & Mining,Basic Materials,MTRN
2022Q3,2022,Q3,2022-11-02,2022-09-30,19952000.0,428191000.0,29097000.0,0.96,82743000.0,0.1932385314,1702323000.0,766677000.0,709664000.0,202290000.0,935646000.0,420299000.0,743283000.0,1642080000.0,2188682000.0,37.351505407775505,3.5081516634534577,0.33324110641752475,0.7399256792625839,0.016918751783479243,37.351505407775505,0.026023997067865606,3.8349241343232343,20.575380914194067,2.1418146103248175,0.12389735364875702,0.8219101163695369,0.0015054077755042386,0.25153334590439064,1.2835879183350636,0.011720454931290947,-441.77562550443906,0.1932385314030421,-0.14285714285714296,1.0900848458084564,0.4206525978202315,0.4619841098529296,-0.0535761263682844,-0.1420339711889916,-0.08672316384180791,4.726392020386503,0.39089083396387686,0.2746958190152294,Other Industrial Metals & Mining,Basic Materials,MTRN
2022Q2,2022,Q2,2022-08-03,2022-07-01,23255000.0,445295000.0,31860000.0,1.12,87427000.0,0.1963350139,1703114000.0,749154000.0,706968000.0,210225000.0,953960000.0,422376000.0,725918000.0,1487892840.0,2029849840.0,36.51381780962129,3.3629111666072067,0.33710720480249706,0.7663738029830983,0.018680834523348618,36.51381780962129,0.031041681683605774,3.3413643539675943,15.995407869275423,1.9860974379099625,0.11145990109653837,0.8472735193287497,0.0017420609403564307,0.2614593033701796,1.2129194910215246,0.013654400116492495,87.69850524578568,0.1963350138672116,0.6470588235294118,2.101682974661942,0.46813037666987856,0.4528369661942098,0.1611879241874859,0.658820172622869,0.6250127511986127,0.48668710801332526,0.4853016622113605,0.25131122744102613,Other Industrial Metals & Mining,Basic Materials,MTRN
2022Q1,2022,Q1,2022-04-28,2022-04-01,14019000.0,449045000.0,19606000.0,0.68,75291000.0,0.1676691646,1666908000.0,730964000.0,672912000.0,201461000.0,935944000.0,386992000.0,705255000.0,1789986080.0,2344682080.0,35.719507427677875,3.3401601302485346,0.3449098570526988,0.7865407872343918,0.011640734663730919,35.719507427677875,0.01917878308644475,3.9862064603770224,31.920716170910907,2.448801965623478,0.17975604536700193,0.9657925745235043,0.001407832177108327,0.2693879926186688,1.2803917383513435,0.008410182205616627,-53.784023316607076,0.16766916456034472,-0.2842105263157894,3.485212111793281,0.820687880852751,0.4348909247922436,0.06704931972789116,-0.2877610120408474,0.16751027213720002,-0.17875051265392689,0.4753208614862321,0.2770446799512901,Other Industrial Metals & Mining,Basic Materials,MTRN
2021Q4,2021,Q4,2022-02-17,2021-12-31,19683000.0,397231000.0,16793000.0,0.95,70560000.0,0.1776296412,1607479000.0,720440000.0,627252000.0,204509000.0,887039000.0,361115000.0,693756000.0,1879713300.0,2388424300.0,35.237955490339935,3.0671119608427992,0.32546179452422086,0.7261853867081228,0.017462392135001663,35.237955490339935,0.02732080395313975,4.7320408024549945,23.874832342630697,2.6091184553883737,0.0,0.9046176425792337,0.0,0.24711427023307925,1.163836310382428,0.012244638965734545,76.87045761256287,0.17762964119114572,0.07954545454545449,1.8327932478453548,0.6536378020236527,0.42238702804421807,-0.03382171710256059,0.0841044282881692,-0.20637996219281662,1.9359662503534874,0.31990091976979845,0.2881849279911996,Other Industrial Metals & Mining,Basic Materials,MTRN
2021Q3,2021,Q3,2021-11-02,2021-10-01,18156000.0,388028000.0,21160000.0,0.88,73030000.0,0.18820806745904936,1182662000.0,697428000.0,556493000.0,172769000.0,485234000.0,311745000.0,676527000.0,1423576350.0,1554594350.0,34.122413033905765,3.221023447493474,0.12600979823482955,0.21368083873890925,0.019438758702126448,34.122413033905765,0.0260327947831174,3.668746456441288,19.602009666226042,2.0411803799101844,0.0,1.0104348105021732,0.0,0.3280971232693703,1.20745041066395,0.015351808039828793,-60.642230031948884,0.18820806745904936,0.011494252873563229,1.2035846543144904,0.5178226868983715,0.36209820365568024,0.06494983667755483,0.016118200134318333,0.021087680355160933,-0.0994632751503183,0.2929948960588903,0.28678298966038973,Other Industrial Metals & Mining,Basic Materials,MTRN
2021Q2,2021,Q2,2021-08-03,2021-07-02,17868000.0,370999000.0,20723000.0,0.87,68576000.0,0.184841468575387,1141497000.0,681701000.0,516565000.0,161227000.0,459796000.0,290739000.0,660851000.0,1556281220.0000002,1663355220.0000002,33.369278966175536,3.2039608750395407,0.1151286424756263,0.19278099929441206,0.019783754653068395,33.369278966175536,0.026210904780835,4.194839393098095,21.774698063577347,2.2829381503034325,0.13728453100514887,1.0401872469809692,0.001576193279515382,0.3250109286314375,1.2632561543662042,0.015653129180365783,722.8431119368324,0.184841468575387,0.074074074074074,2.182890810300865,0.45508643147324157,0.35549193366699405,0.044999466650412205,0.06566469851494006,0.05096865807891267,0.5933400981381795,0.1880350529983361,0.3083314880434859,Other Industrial Metals & Mining,Basic Materials,MTRN
2021Q1,2021,Q1,2021-04-29,2021-04-02,16767000.0,354386000.0,19718000.0,0.81,65623000.0,0.18517379354714916,1098272000.0,661336000.0,494755000.0,147435000.0,436936000.0,272828000.0,645468000.0,1379727280.0,1487271280.0,32.45980170805929,3.3557499915216877,0.11516090731622039,0.1912462046524006,0.018970610716504657,32.45980170805929,0.02535322438215975,3.893289464030746,20.572065366493707,2.0862727569646897,0.13944056778195266,1.0584067617693198,0.001694537778509388,0.32267598554820665,1.352989452979279,0.01526670988607558,-87.32451139240506,0.18517379354714916,2.096060100166945,2.0507455580641993,0.47852961676104805,0.3311160584658531,0.28290193931811075,2.1101836393989983,4.870199464126228,0.5632370196199001,0.1539664792272477,0.2959360008878605,Other Industrial Metals & Mining,Basic Materials,MTRN
2020Q4,2020,Q4,2021-02-18,2020-12-31,5391000.0,339689000.0,3359000.0,0.26162282830243616,51152000.0,0.15058479962553983,1057888000.0,655630000.0,463999000.0,126884000.0,402230000.0,250778000.0,631058000.0,1295300160.0,1385201160.0,32.252558048012595,3.6568755713880394,0.10944353277473608,0.17659198023275324,0.006299489137809027,32.252558048012595,0.008222625566249257,3.8131943042017844,60.06771285475793,1.9756572457026065,0.43350027824151366,1.150567434144941,0.0018042150168498397,0.32110109954929067,1.5157545474606728,0.005096002601409601,2075.8015384615383,0.15058479962553983,-0.18242866155488702,-0.21004548487456498,0.5615911575909731,0.33576211976707643,0.11849211728948461,-0.17010467980295566,3.7110799438990183,1.6470871511870053,0.08739838056855041,0.30878736952000374,Other Industrial Metals & Mining,Basic Materials,MTRN
2020Q3,2020,Q3,2020-10-22,2020-09-25,6496000.0,287171000.0,713000.0,0.32,45733000.0,0.15925354579675524,1084814000.0,611781000.0,504423000.0,251626000.0,473033000.0,211700000.0,592980000.0,1050396000.0,1148144000.0,30.099926199261994,2.004653732126251,0.1986534097089455,0.3522535024788282,0.011134874019050809,30.099926199261994,0.01061817872735505,3.6577370277639454,40.42472290640394,1.7169477312960029,0.3599137931034483,1.1404723665564478,0.00222582721183249,0.26471911313828916,1.0658993903650655,0.005988123309618054,36.522809457579974,0.15925354579675524,0.0,-0.07440402570115673,0.16146373225520474,0.27251401191359026,-0.046911470490163386,-0.027253668763102725,-0.9181024580748909,-0.31277766339895163,-0.03780143280791763,0.17814833246068368,Other Industrial Metals & Mining,Basic Materials,MTRN
2020Q2,2020,Q2,2020-07-23,2020-06-26,6678000.0,271468000.0,8706000.0,0.32,47984000.0,0.17675748154478613,1041222000.0,604940000.0,656444000.0,268528000.0,436282000.0,209847000.0,588803000.0,1189154010.0,1138891010.0,29.77506521632131,2.4446016802717034,0.2063008657135558,0.3550848017985255,0.007936334709134617,29.77506521632131,0.011039111316824808,4.380457401977397,44.51759546271339,1.9657387674810725,0.3499550763701707,1.064985441774245,0.0019652626828378606,0.26072057639965346,1.5327824286480367,0.006413617845185753,118.22966892026248,0.17675748154478613,3.1333333333333333,-0.2538753325681172,-0.027372832021322263,0.27275499732645697,0.05285792649478881,3.1521108604576216,2.9079552925706773,-0.1005402063603924,-0.09616380904839586,0.18471083036725214,Other Industrial Metals & Mining,Basic Materials,MTRN
2020Q1,2020,Q1,2020-04-23,2020-03-27,-3103000.0,277946000.0,-4563000.0,-0.15,45575000.0,0.16397069934447697,846076000.0,596478000.0,478784000.0,113670000.0,249598000.0,204702000.0,584505000.0,718128319.9999999,629207319.9999999,29.262068288854003,4.212052432479986,0.022048846675712348,0.031275252398244364,-0.0055158276044214825,29.262068288854003,-0.005202203601809287,2.583697264936354,-57.857582984208825,1.2039477063697235,-0.7234933934901708,1.1351672186886304,0.0031261822399651362,0.3285118594547062,2.167493621887921,-0.003667519229950974,-126.90021558579252,0.16397069934447697,-1.2112676056338028,-1.3184614667263808,-0.05292844600182705,0.2678716923895556,-0.1757546163167128,-1.2103586197545928,-1.27531072764571,-1.9966641628278043,0.13137657177073653,0.17548866857532525,Other Industrial Metals & Mining,Basic Materials,MTRN
2019Q4,2019,Q4,2020-02-13,2019-12-31,14751000.0,280161000.0,16574000.0,0.71,55293000.0,0.1973615171276516,852670000.0,610677000.0,491987000.0,122440000.0,241993000.0,190390000.0,589888000.0,1213017800.0,1090138800.0,29.929278572828856,4.0181885004900355,0.0024956900090304574,0.0034846571919361627,0.02292416237094069,29.929278572828856,0.02415515894654621,4.329716841387631,20.55822995051183,1.9863492484570404,0.15212527964205816,1.1810914438783549,0.0018499316333198078,0.3285690829981118,2.284857889578569,0.01729977599774825,36.477350093221865,0.1973615171276516,3.1764705882352935,0.2152334344242297,-0.04164853388780738,0.31513404829955,-0.1486180614366002,3.2596015015882185,1.6353951343615838,1.1272417554886713,0.16862920911554097,0.20810123653127008,Other Industrial Metals & Mining,Basic Materials,MTRN
2019Q3,2019,Q3,2019-10-24,2019-09-27,3463000.0,305979000.0,6289000.0,0.17,64945000.0,0.21225312848267364,839839000.0,597796000.0,475617000.0,126975000.0,242043000.0,191956000.0,577409000.0,1258537690.0,1183870690.0,29.30228910347532,3.7457531010041345,0.0236461988547805,0.03322036279934961,0.00581002785055755,29.30228910347532,0.005792946088632242,4.1131505430111215,90.8560272884782,2.1052962716378163,0.6479930695928385,1.2556731751026278,0.0017830216908323183,0.3643305443067064,2.047670801338846,0.004123409367747866,50.710681360303006,0.21225312848267364,-0.7733333333333333,-0.7239597265306789,0.053888350304784206,0.23443378372920207,-0.06680173578182028,-0.7771557271557271,-0.7235604395604396,-0.5789145409553981,0.19910657238032906,0.1696885361297269,Other Industrial Metals & Mining,Basic Materials,MTRN
2019Q2,2019,Q2,2019-07-25,2019-06-28,15540000.0,297843000.0,22750000.0,0.75,69594000.0,0.23366001551152787,836846000.0,594785000.0,454416000.0,125037000.0,242061000.0,213329000.0,576211000.0,1382171230.0,1328156230.0,29.18044448805377,3.634252261330646,0.02490422371619151,0.035039552107063894,0.028199981117821966,29.18044448805377,0.026127087939339426,4.640603371574957,22.235701898326898,2.323816555562094,0.14433719433719433,1.0699389206343253,0.001622809063968145,0.3559113624251057,1.7369498628405993,0.018569724895619984,37.74567780872795,0.23366001551152787,-0.08536585365853654,0.5896425868853874,0.047318027482052,0.2346706824385135,0.004068559556786704,-0.08079971607713238,0.06373030345537009,1.7744430519193803,0.1707992985174579,0.185337482552973,Other Industrial Metals & Mining,Basic Materials,MTRN
2019Q1,2019,Q1,2019-05-02,2019-03-29,16906000.0,301441000.0,21387000.0,0.82,69312000.0,0.22993554294206828,824762000.0,566877000.0,434846000.0,131156000.0,257885000.0,224198000.0,562941000.0,1156435020.0,1135778020.0,27.970444565056496,3.3154869010948795,0.025712872319529755,0.037410231849237134,0.027794727242367395,27.970444565056496,0.02982304803334762,3.836356102852631,17.10095557790134,2.040010478463582,0.12569501951969714,1.035374981043542,0.0018375437990454492,0.3654884681883986,1.4243801274817773,0.020498034584522564,-52.57478723404255,0.22993554294206828,1.796116504854369,1.354399073735494,0.18367464568177058,0.20345443648730985,0.04935505359413795,1.8116957941232956,0.4865503579620491,2.092276515919877,0.2642781369775073,0.14701587698644245,Other Industrial Metals & Mining,Basic Materials,MTRN
2018Q4,2018,Q4,2019-02-14,2018-12-31,-20828000.0,298070000.0,14387000.0,-1.03,66052000.0,0.22159895326601134,800341000.0,553906000.0,439353000.0,139780000.0,246435000.0,214871000.0,548374000.0,911002510.0,843246510.0,27.35473356708973,3.143174989268851,0.003609711360532573,0.005215686416106704,0.01934608323610903,27.35473356708973,-0.03760204800092434,3.056337471063844,-10.934829436335702,1.6446879253880624,-0.10212214326867679,1.0798013691936093,0.0023347904936068726,0.37242875224435584,1.4392831592502504,-0.026023907309509323,45.84352405394525,0.22159895326601134,-2.061855670103093,-18.11424192230158,0.061146188590882104,0.2178297320612704,0.017201817201817203,-2.043173394771111,-0.22924033001178615,-4.063877480395141,0.37560959649788633,0.13291531297595605,Other Industrial Metals & Mining,Basic Materials,MTRN
2018Q3,2018,Q3,2018-10-25,2018-09-28,19966000.0,297193000.0,18666000.0,0.97,64935000.0,0.21849437907353134,788351000.0,536743000.0,407313000.0,126594000.0,251608000.0,199913000.0,571350000.0,1224580500.0,1189970500.0,26.51761276616768,3.217474761837054,0.02410347675083814,0.03540241791695467,0.035518882461115384,26.51761276616768,0.03719843575044295,4.120489042474082,15.333322898928179,2.281502506786302,0.10643093258539517,1.1617953809907309,0.0017352881251987925,0.37698055815239656,1.4811602445613536,0.025326282328556698,90.602286179343,0.21849437907353134,0.7962962962962962,3.064813635689936,0.09848521610885132,0.24947720542565333,0.04903069466882068,0.7987387387387387,0.22867298578199052,1.8567030403590594,0.20698601467303795,0.1210669947846725,Other Industrial Metals & Mining,Basic Materials,MTRN
2018Q2,2018,Q2,2018-07-26,2018-06-29,11100000.0,309100000.0,15192000.0,0.54,61900000.0,0.2002588159171789,786200000.0,515741000.0,407400000.0,117100000.0,270400000.0,209200000.0,553500000.0,1094967150.0,1071165150.0,25.505217348301272,3.4790777113578137,0.02429152887306029,0.037030214778348045,0.02191145334020745,25.505217348301272,0.021522430832530283,3.542436590100291,24.661422297297296,2.1230950225016043,0.19144144144144143,1.181644359464627,0.0019406974903311027,0.3931569575171712,1.525192143467122,0.014118544899516663,41.43051761322789,0.2002588159171789,0.058823529411764754,1.6879481726917558,0.027029404143346994,0.2176637045359165,0.06174957118353345,0.04716981132075472,0.14647951098030337,0.24607709723081467,0.11271440272729023,0.09023750584948464,Other Industrial Metals & Mining,Basic Materials,MTRN
2018Q1,2018,Q1,2018-04-26,2018-03-30,10600000.0,303500000.0,13251000.0,0.51,58300000.0,0.19209225700164745,777900000.0,504329000.0,396400000.0,113800000.0,273500000.0,216400000.0,545100000.0,1027891750.0,1011078750.0,25.04738018375962,3.483304042179262,0.004354030080987273,0.006715854134900036,0.021569617009157657,25.04738018375962,0.0210180259314852,3.3867932454695224,24.242729952830185,2.0381373071943116,0.189811320754717,1.133086876155268,0.0019574045613266183,0.3901529759609204,1.3567662565905096,0.013626430132407764,-58.06313901598599,0.19209225700164745,2.24390243902439,0.5856103653281529,0.031802628381420076,0.21820386585764406,0.012768175106401458,2.2876579203109815,-0.04442200908632004,0.10133326600643502,0.04693287210619418,0.0852569951661346,Other Industrial Metals & Mining,Basic Materials,MTRN
2017Q4,2017,Q4,2018-02-15,2017-12-31,-8232000.0,308668000.0,13867000.0,-0.41,57565000.0,0.1864948747521609,791084000.0,494981000.0,410943000.0,127109000.0,296103000.0,220352000.0,536116000.0,976179600.0,937939600.0,24.643084735636762,3.2329968766963786,0.004555774102370924,0.007281087556896123,-0.01707976340668112,24.643084735636762,-0.0166309413896695,3.1625552373423873,-29.645881924198253,1.9721556989056146,-0.24416909620991253,1.1395539863491142,0.0020590473310444102,0.3901835961794196,1.3048485945133703,-0.010405974586769546,45.1914078051942,0.1864948747521609,-1.891304347826087,-4.346161883445729,0.03386751399173284,0.21352324644266285,0.06554494298830149,-1.8832618025751073,0.19977504758608755,-1.6889147208087387,0.07258222908374468,0.08285135280170534,Other Industrial Metals & Mining,Basic Materials,MTRN
2017Q3,2017,Q3,2017-10-26,2017-09-30,9320000.0,294268000.0,11558000.0,0.46,54024000.0,0.18358774994222954,778943000.0,511992000.0,387241000.0,113096000.0,266951000.0,220223000.0,531683000.0,864726000.0,846017000.0,25.548502994011976,3.424002617245526,0.004848878544386431,0.00737706839169362,0.018943698313781766,25.548502994011976,0.018203409428272317,2.9385662049560266,23.19543991416309,1.6889443585056017,0.21502145922746782,1.090912393346744,0.0023174971031286215,0.37777860510974487,1.3077650845299569,0.011964931965496833,30.26056830907055,0.18358774994222954,0.2777777777777779,0.17312436854685698,0.03242993984501746,0.21361135937444692,0.013108298171589311,0.2744427731437167,0.18738442572426547,-0.2437078224503374,0.031810063001568974,0.07629595449505606,Other Industrial Metals & Mining,Basic Materials,MTRN
2017Q2,2017,Q2,2017-07-27,2017-06-30,7313000.0,295842000.0,9734000.0,0.36,53325000.0,0.18024824061492284,789422000.0,502957000.0,390320000.0,109615000.0,286465000.0,215987000.0,524367000.0,748448800.0,756345800.0,25.13277033779732,3.560826529215892,0.03343458885108345,0.05247764719449177,0.014877254455318574,25.13277033779732,0.014540010378620837,2.5298936594533568,25.58624367564611,1.4880969943752647,0.27403254478326267,1.1228314667086445,0.002677537862309352,0.3747577341396617,1.388231537654518,0.009263739799498873,63.97545089323874,0.18024824061492284,1.4,-0.054968348105061036,-0.07098926433128123,0.22097737163035402,0.2711258372863579,1.397704918032787,1.8461988304093566,-0.23805844775962706,0.05956748242721031,0.06340719783217681,Other Industrial Metals & Mining,Basic Materials,MTRN
2017Q1,2017,Q1,2017-04-28,2017-03-31,3050000.0,240669000.0,3420000.0,0.15,41951000.0,0.1743099443634203,771320000.0,497099000.0,364543000.0,96355000.0,274221000.0,218548000.0,519058000.0,669959950.0,685977950.0,24.893534979217787,3.7833324684759484,0.04195275631385158,0.06509568516532924,0.006730877834505358,24.893534979217787,0.006135598743912178,2.7837401160930573,54.91474999999999,1.3477394844890052,0.6213114754098361,0.9092647839376247,0.002828527287340087,0.3120222475755847,1.3682528151107882,0.003954260229217446,-28.931206546616576,0.1743099443634203,-0.5454545454545455,-0.48995943712754764,-0.3057072837898743,0.23047225457389606,-0.04754228629810421,-0.5500147536146356,-0.06147091108671789,-0.5689057765564022,-0.04085707586039941,0.07106753490856312,Other Industrial Metals & Mining,Basic Materials,MTRN
2016Q4,2016,Q4,2017-02-17,2016-12-31,6778000.0,234330000.0,3644000.0,0.33,44045000.0,0.1879614219263432,741298000.0,494089000.0,345284000.0,90377000.0,247209000.0,200865000.0,517903000.0,789782400.0,762656400.0,24.773816686722824,3.8204853004636137,0.0058518976174224135,0.008779794733337516,0.015144853533176255,24.773816686722824,0.013718176279981946,3.370385353987966,29.130362938920037,1.5984618155838322,0.2795809973443494,0.9473278072337142,0.0023993950738836417,0.3161076921831706,1.4636577890392468,0.009143421404077713,24.10224609375,0.1879614219263432,-0.17500000000000002,8.232188711068158,-0.2727354289163845,0.26315453743063105,-0.13220372377105705,-0.15748912367930393,-0.6410205891045218,7.315422191144213,-0.15301414335272448,0.10292759619579446,Other Industrial Metals & Mining,Basic Materials,MTRN
2016Q3,2016,Q3,2016-10-27,2016-09-30,8045000.0,249619000.0,10151000.0,0.4,50755000.0,0.20332987472908712,748117000.0,499950000.0,358716000.0,98659000.0,248167000.0,210213000.0,513020000.0,612879470.0,613652470.0,25.051360424913565,3.6359176557637927,0.02216097214740475,0.03316131613161316,0.016365078185815656,25.051360424913565,0.016091609160916093,2.455259695776363,19.045353325046612,1.2258815281528153,0.23579863269111248,0.9460119022134692,0.0030952252324588387,0.3336630500309444,1.364619548140565,0.01075366553627307,58.55909325434741,0.20332987472908712,0.48148148148148145,-0.39274717125889563,-0.3511298706670683,0.19175222168167513,0.12041942604856512,0.4627272727272727,0.7571403842824995,0.6611633010973593,-0.06422812751118609,0.18038920365286853,Other Industrial Metals & Mining,Basic Materials,MTRN
2016Q2,2016,Q2,2016-07-28,2016-07-01,5500000.0,249800000.0,5777000.0,0.27,45300000.0,0.18134507606084868,753900000.0,492726000.0,358400000.0,97300000.0,261200000.0,212000000.0,506900000.0,512784300.0,520507300.0,24.6178366225331,3.683453237410072,0.03809921740283857,0.05829406201418232,0.01170584275739334,24.6178366225331,0.011162390456359113,2.0527794235388312,23.308377272727274,1.0407088320892341,0.346,0.964622641509434,0.0037111120601781293,0.33134367953309457,1.3648509763617678,0.007295397267542115,34.54954184072228,0.18134507606084868,0.0,-0.5962901924276217,-0.39988900483808326,0.20997020729838706,0.046189376443418015,0.018518518518518517,-0.23300584174190123,0.34557415271879427,-0.16146085470199867,0.17529859597334987,Other Industrial Metals & Mining,Basic Materials,MTRN
2016Q1,2016,Q1,2016-04-29,2016-04-01,5400000.0,235500000.0,7532000.0,0.27,43300000.0,0.18386411889596602,757000000.0,488147000.0,357900000.0,100100000.0,268900000.0,213200000.0,503200000.0,526273220.0,544582220.0,24.385403137176542,3.5754245754245755,0.04915323645970938,0.07622498960354156,0.010904155240030931,24.385403137176542,0.011062241496926131,2.2347058174097665,24.364500925925924,1.0781039727786916,0.3335185185185185,0.9015009380863039,0.0034221767925033315,0.31109643328929987,1.3166833166833167,0.007133421400264201,-18.83583464566929,0.18386411889596602,-0.1818181818181818,-0.5346459373004973,-0.36105557292993395,0.2433728753002438,0.03707606821230121,-0.19583023082650783,-0.06597222222222222,-0.1875150599754338,-0.19469611373827722,0.18600796387746785,Other Industrial Metals & Mining,Basic Materials,MTRN
2015Q4,2015,Q4,2016-02-25,2015-12-31,6715000.0,214039000.0,8064000.0,0.33,41752000.0,0.19506725409855213,742640000.0,482957000.0,346091000.0,96483000.0,259683000.0,211820000.0,499659000.0,560056000.0,549433000.0,24.145435456454354,3.587067151726211,0.01833055046859851,0.02818677439192309,0.014526120479951908,24.145435456454354,0.01390392933532385,2.6166072538182292,20.850930752047653,1.1596394710088063,0.2682055100521221,0.8133651213294306,0.00321574985358607,0.2882136701497361,1.258998994641543,0.009042066142410859,16.303921283223197,0.19506725409855213,-0.029411764705882377,-0.4523906545128209,-0.38075177276233785,0.2941022656156263,-0.023276487238870564,-0.031862745098039214,-0.20622108475243625,1.7409911825437512,-0.28007669935109136,0.18901702186315783,Other Industrial Metals & Mining,Basic Materials,MTRN
2015Q3,2015,Q3,2015-09-30,2015-09-30,6936000.0,244354000.0,10159000.0,0.34,42747000.0,0.17493881827185148,774137000.0,475136000.0,389155000.0,101445000.0,299001000.0,221547000.0,494745000.0,603011740.0,624457740.0,23.653905511027034,3.836118093548228,0.05977236587322399,0.09738685344827586,0.014116736085368366,23.653905511027034,0.014597925646551725,2.4677792874272573,21.734852220299885,1.2691350266029093,0.2606689734717416,0.9099965244395094,0.00299828325067104,0.3156469720475833,1.368100941396816,0.008959654428092186,64.0956356292517,0.17493881827185148,-0.20930232558139528,-0.47759511795332094,-0.24187934314811418,0.27720178135783774,-0.14625524266027562,-0.21874296012615455,-0.20762811013181498,-0.12899656863016246,-0.14469769373151087,0.12361371734697983,Other Industrial Metals & Mining,Basic Materials,MTRN
2015Q2,2015,Q2,2015-06-30,2015-06-30,8878000.0,276855000.0,12821000.0,0.43,50070000.0,0.18085279297827384,779262000.0,471463000.0,399837000.0,94094000.0,307799000.0,229232000.0,491262000.0,710393250.0,734404250.0,23.394184488661736,4.249335770612366,0.05728496962510683,0.09468399429011397,0.018120675988133644,23.394184488661736,0.018830745997034763,2.5659397518556646,20.00431544266727,1.5067847317817094,0.20443793647217842,0.9893252250994625,0.0025549229247321817,0.3552784557696898,1.464567347546071,0.011392830652591812,75.65423322683706,0.18085279297827384,-0.08510638297872336,-0.34650437293391684,-0.14332494115627603,0.30992891978000453,-0.020137380379263783,-0.07799356111745769,-0.09863610798650169,0.1392438981035584,-0.1366953830572313,0.1365149764427116,Other Industrial Metals & Mining,Basic Materials,MTRN
2015Q1,2015,Q1,2015-03-31,2015-03-31,9629000.0,290024000.0,14224000.0,0.47,51099000.0,0.17618886712823767,781146000.0,464917000.0,406600000.0,94503000.0,316229000.0,237028000.0,484198000.0,774133920.0,803649920.0,23.07967633042097,4.302508915060898,0.06586988859957038,0.11067351806881659,0.019550472660174425,23.07967633042097,0.020711223723804465,2.6692064105039583,20.099021705265343,1.6651013406694097,0.17738082874649497,1.0080032738748166,0.0022063365987114994,0.37128014481287747,1.4715300043384867,0.012326760938416122,-51.571109186596495,0.17618886712823767,-0.1896551724137931,0.44522611080815166,-0.011687828657051123,0.34606582104281447,-0.08419807516533147,-0.1959752839011356,0.02220625224577794,0.5962344073490542,-0.17059433391796258,0.1408143276090568,Other Industrial Metals & Mining,Basic Materials,MTRN
2014Q4,2014,Q4,2015-02-27,2014-12-31,11976000.0,288425000.0,13915000.0,0.58,55797000.0,0.1934541041865303,762069000.0,458133000.0,386694000.0,104066000.0,303936000.0,232409000.0,476277000.0,709215129.9999999,720331129.9999999,22.757587799910585,3.715853400726462,0.03184226100261262,0.05296715146038378,0.02605224028373501,22.757587799910585,0.0261408804866709,2.4589239143624857,14.804925058450232,1.548055106268267,0.14270207080828323,1.0009423042997474,0.002409706064787422,0.3784762272182703,1.210097438164242,0.015715112411080888,24.281536907696516,0.1934541041865303,-0.03333333333333337,4.417637006472712,0.35846450485647396,0.3660217652561089,0.01633879781420765,-0.049523809523809526,-0.20125136329717008,15.160761187450547,-0.11316187163457418,0.16035210294581803,Other Industrial Metals & Mining,Basic Materials,MTRN
2014Q3,2014,Q3,2014-10-30,2014-09-26,12600000.0,291600000.0,17421000.0,0.6,54900000.0,0.1882716049382716,766800000.0,486380000.0,401000000.0,107500000.0,280400000.0,227300000.0,466000000.0,648098700.0,678911700.0,23.73743289409468,3.730232558139535,0.06574465310380803,0.103649409926395,0.024244935691609026,23.73743289409468,0.02590567046342366,2.2225606995884775,12.85910119047619,1.3324945515851803,0.13896825396825396,1.0413550373955125,0.002701748977431987,0.38028169014084506,1.3637209302325581,0.01643192488262911,42.65490983282875,0.1882716049382716,0.2765957446808511,123.30893118594435,0.5101647433163095,0.39472864449951295,0.10462776659959759,0.2727272727272727,0.19584019769357497,-0.073666559836241,-0.2617202415423071,0.12924559420028459,Other Industrial Metals & Mining,Basic Materials,MTRN
2014Q2,2014,Q2,2014-08-01,2014-06-27,9900000.0,288000000.0,14568000.0,0.47,49700000.0,0.17256944444444444,790900000.0,487857000.0,421600000.0,123300000.0,303000000.0,254800000.0,455400000.0,752400900.0,814568900.0,23.634192423214806,3.419302514193025,0.10148944240738399,0.16453181977505704,0.018395523030563927,23.634192423214806,0.020292831710931686,2.612503125,19.00002272727273,1.5422570548336911,0.17747474747474748,0.935243328100471,0.0023351912524293894,0.3641421165760526,1.1346309813463098,0.012517385257301807,51.07602335211459,0.17256944444444444,0.34285714285714286,13.101625327003196,0.6176784939234602,0.3976428850931727,0.09230769230769231,0.3561643835616438,0.3180132090835067,-0.29539515369585934,-0.32913449999768446,0.16162395356349865,Other Industrial Metals & Mining,Basic Materials,MTRN
2014Q1,2014,Q1,2014-05-01,2014-03-28,7300000.0,258900000.0,11053000.0,0.35,45500000.0,0.1757435303205871,791300000.0,478874000.0,415800000.0,122400000.0,312500000.0,227000000.0,0.0,687967560.0,719809392.0,23.241797709182684,3.3970588235294117,0.06463014280298243,0.10679600897104458,0.014838489985681439,23.241797709182684,0.015244093435851602,2.6572713789107762,23.560532876712326,1.4366358582842251,0.22575342465753426,0.9400881057268723,0.0023954617860179337,0.3271831163907494,1.1503267973856208,0.0092253254138759,-23.3915052191357,0.1757435303205871,7.604594594594594,1.8806326711102481,0.8684020641615818,0.37608622840406475,0.0916244811784746,7.576576576576577,6.357731459040233,-0.38880224014425363,-0.31754602260401815,0.18506225557356384,Other Industrial Metals & Mining,Basic Materials,MTRN
2013Q4,2013,Q4,2014-03-14,2013-12-31,-1110000.0,286138000.0,-2063000.0,-0.05299341162990547,41681000.0,0.14566747513437572,777945000.0,463321000.0,394505000.0,129016000.0,314624000.0,213392000.0,441518000.0,636342950.0,678401950.0,22.461870364085907,3.0577990326781173,0.08333879644447872,0.13993106291318547,-0.0015806504010872525,22.461870364085907,-0.0023957472249261313,2.223902277921842,-143.32048423423424,1.373438609516944,-1.4864864864864864,1.1455771537827097,0.002592941431974692,0.36781263456928187,1.052474111738079,-0.0014268360873840695,21.927737767057202,0.14566747513437572,-1.2208058817912728,0.6645848562835002,0.4558524584784715,0.33309861364451343,-0.06123873873873874,-1.222,-1.3448679371447676,-1.0877778961107794,-0.19724180027107024,0.20386966640346363,Other Industrial Metals & Mining,Basic Materials,MTRN
2013Q3,2013,Q3,2013-11-01,2013-09-27,5000000.0,275400000.0,5982000.0,0.24,44400000.0,0.16122004357298475,801100000.0,437278000.0,396600000.0,118200000.0,368700000.0,205300000.0,0.0,672514560.0,740727560.0,21.22296641428849,3.3553299492385786,0.11036449881413057,0.20218945384858145,0.01236881345323294,21.22296641428849,0.011434373556410339,2.4419555555555554,33.625728,1.5379565402329867,0.3298,1.1251826595226497,0.0024519915226816798,0.34377730620396957,1.206429780033841,0.006241418050181001,49.58449900464499,0.16122004357298475,0.1925142857142857,-0.5005873136333241,0.13233156995533224,0.1374819938303857,-0.034782608695652174,0.19047619047619047,-0.5532486930545183,-0.6328600155889161,-0.16699740985472672,0.1459422841352975,Other Industrial Metals & Mining,Basic Materials,MTRN
2013Q2,2013,Q2,2013-08-06,2013-06-28,4200000.0,306100000.0,13390000.0,0.2012554506684556,46000000.0,0.15027768703038222,798700000.0,430776000.0,387900000.0,112400000.0,372700000.0,200800000.0,0.0,557132940.0,637594940.0,20.94602742390353,3.451067615658363,0.1203981469888569,0.22322970639032816,0.01827805834608992,20.94602742390353,0.0097498467881219,1.8201010780790592,33.162675,1.2933240013371219,0.39380952380952383,1.2953187250996017,0.002968770792838061,0.3832477776386628,1.298932384341637,0.0052585451358457495,36.808465909090906,0.15027768703038222,-0.390134997974377,-0.4214034490583163,0.2312019759697558,0.15685964921552076,-0.049586776859504134,-0.38235294117647056,0.40621718126444023,-0.6970529631856419,-0.0718525948847971,0.17284734120030365,Other Industrial Metals & Mining,Basic Materials,MTRN
2013Q1,2013,Q1,2013-04-30,2013-03-29,6800000.0,299200000.0,9522000.0,0.33,48400000.0,0.16176470588235295,812400000.0,421108000.0,399000000.0,122300000.0,391300000.0,201300000.0,0.0,583708500.0,628257165.0,20.560910111810948,3.2624693376941947,0.07970047390448055,0.15375786021638155,0.015318268318127711,20.560910111810948,0.01614787655423312,1.9508973930481284,21.459871323529413,1.3861254120083208,0.22705882352941176,1.2459016393442623,0.0026451559297149176,0.3682914820285574,1.2273098937040066,0.008370260955194485,-40.476284584980235,0.16176470588235295,1.7500000000000002,0.4716205687986532,0.3161997486736519,0.16554545580084581,0.1007254781560574,1.7167399121054734,8.0,0.003825168867833117,0.002804675642959039,0.19916492566070132,Other Industrial Metals & Mining,Basic Materials,MTRN
2012Q4,2012,Q4,2013-03-08,2012-12-31,2503000.0,303759000.0,1058000.0,0.12,43971000.0,0.14475620475442702,814917000.0,414995000.0,400989000.0,149067000.0,399922000.0,206125000.0,428394000.0,526840080.0,605096080.0,20.307056175376786,2.6899917486767695,0.11573203160567272,0.22726056940445066,0.023527435874247615,20.307056175376786,0.006031397968650225,1.734401548596091,52.620862964442665,1.2695094639694455,0.6120655213743508,1.2603420254699818,0.00290790328632552,0.37274839032686763,0.9589178020621599,0.0030714784450440965,16.64055843335439,0.14475620475442702,-0.6923076923076923,-0.7952704714599212,0.27103195598789676,0.18266553546866063,-0.16085877862595419,-0.6909876543209876,-0.9209799088804242,1.7036301667853688,0.40933423966908156,0.21892886749412677,Other Industrial Metals & Mining,Basic Materials,MTRN
2012Q3,2012,Q3,2012-11-02,2012-09-28,8100000.0,290600000.0,13389000.0,0.39,52400000.0,0.18031658637302134,818400000.0,430127000.0,416100000.0,146600000.0,388200000.0,211400000.0,0.0,486281600.0,597836600.0,21.051634690681283,2.838335607094134,0.14962732160312806,0.2846949854345345,0.015576356605380351,21.051634690681283,0.018831647397164093,1.6733709566414314,15.008691358024691,1.1305535341887398,0.18925925925925927,1.1267738883632923,0.0031524943571790503,0.3550830889540567,1.0231923601637107,0.009897360703812317,-49.24370632911393,0.18031658637302134,0.026315789473684233,-0.1834199473197124,0.25608959934450104,0.2735817729081368,-0.011320754716981131,0.02531645569620253,0.07585375652872639,79.13973179326545,0.5092580317632576,0.2369205232776978,Other Industrial Metals & Mining,Basic Materials,MTRN
2012Q2,2012,Q2,2012-08-08,2012-06-29,7900000.0,325100000.0,12445000.0,0.38,53000000.0,0.16302676099661642,800100000.0,420534000.0,398600000.0,141600000.0,379600000.0,209100000.0,0.0,470502900.0,570552900.0,20.584140969162995,2.8149717514124295,0.14429446319210099,0.2745319046735817,0.015812923777446777,20.584140969162995,0.01878563921109827,1.4472559212549985,14.889332278481014,1.1188224971108163,0.0,1.3012912482065997,0.0,0.40632420947381576,0.9830508474576272,0.00987376577927759,102.57311968606933,0.16302676099661642,0.2666666666666667,-0.0038668624571708246,0.3863137115375589,0.2827230725477792,0.0728744939271255,0.29508196721311475,0.259105625252934,10.757060695056289,0.8450158468290737,0.2172735863420818,Other Industrial Metals & Mining,Basic Materials,MTRN
2012Q1,2012,Q1,2012-05-01,2012-03-30,6100000.0,353600000.0,9884000.0,0.3,49400000.0,0.13970588235294118,796300000.0,412103000.0,395600000.0,138600000.0,384200000.0,189000000.0,0.0,585230100.0,630488155.0,20.23087874324988,2.854256854256854,0.07579813512495291,0.1464635176157417,0.013871030574425729,20.23087874324988,0.01480212471154056,1.6550625,23.98484016393443,1.4201063811716974,0.0,1.6095238095238096,0.0,0.44405374858721586,1.12987012987013,0.007660429486374482,-18.055412951593496,0.13970588235294118,7.149606299212599,-0.7387438449294119,0.39765532220441985,0.28783027620263124,0.25066457378667817,7.005249343832021,9.231884057971014,1.7443244422625865,1.5811370009332517,0.19781756882340945,Other Industrial Metals & Mining,Basic Materials,MTRN
2011Q4,2011,Q4,2012-02-29,2011-12-31,762000.0,334421000.0,966000.0,0.03681159420289855,39499000.0,0.11811160184318568,772103000.0,405982000.0,370901000.0,139671000.0,366121000.0,187176000.0,408380000.0,502596000.0,571748000.0,19.61265700483092,2.6555333605401263,0.10543541470503288,0.20051874221024577,0.009498592364543033,19.61265700483092,0.0018769305043080727,1.5028840892168853,164.8937007874016,1.2379760679044884,0.0,1.5756400393212806,0.0,0.43313003575947767,0.9638221248505416,0.0009869149582374373,8.547405656366388,0.11811160184318568,-0.9433667781493867,-0.9749903090076281,0.601358050751474,0.38838740309112346,-0.3112641673931997,-0.9436682191173209,-0.943807806410331,1.2294459426867503,0.6955128721025778,0.16399949956213078,Other Industrial Metals & Mining,Basic Materials,MTRN
2011Q3,2011,Q3,2011-11-07,2011-09-30,13527000.0,392794000.0,17191000.0,0.65,57350000.0,0.14600528521311426,788332000.0,428337000.0,414160000.0,137227000.0,359995000.0,193605000.0,0.0,462150360.0,565482360.0,21.020611473720372,3.018064958062189,0.14244886672112764,0.2621697401812125,0.026253024050994122,21.020611473720372,0.031580274410102326,1.1765718417287434,8.54125748502994,1.0789410207383439,0.0,1.7326205418248495,0.0,0.49825961650675094,1.2242051491324593,0.017159014222434203,-37.51524961441675,0.14600528521311426,-0.02985074626865674,0.8497668802232841,0.9030096297565344,0.6863540707841688,-0.08532695374800638,-0.02683453237410072,-0.1752938354521468,0.36616247373375516,0.6329986319213389,0.12663642696825825,Other Industrial Metals & Mining,Basic Materials,MTRN
2011Q2,2011,Q2,2011-08-09,2011-07-01,13900000.0,424700000.0,20845000.0,0.67,62700000.0,0.14763362373440075,766700000.0,415482000.0,391600000.0,129200000.0,351200000.0,182400000.0,0.0,759252780.0,844783780.0,20.34582047891876,3.0309597523219813,0.12394808921351246,0.22872471009574422,0.02789477165979404,20.34582047891876,0.03345511959603545,1.7877390628679068,13.655625539568344,1.8274023423397403,0.0,1.9846491228070176,0.0,0.5539324377200991,1.2507739938080495,0.018129646537107084,74.46574931345626,0.14763362373440075,0.17543859649122825,0.913950014648593,1.1781283905161872,0.6778654403411631,0.12365591397849462,0.17796610169491525,0.15312275266913758,0.9284757248801616,0.7203668337060434,0.12370991720288126,Other Industrial Metals & Mining,Basic Materials,MTRN
2011Q1,2011,Q1,2011-04-29,2011-04-01,11800000.0,374800000.0,18077000.0,0.57,55800000.0,0.14887940234791888,759800000.0,399228000.0,388100000.0,147100000.0,360600000.0,176400000.0,0.0,830931920.0,923626920.0,19.612301041461976,2.638341264445955,0.13779284022111082,0.26224363020629815,0.02418834396751658,19.612301041461976,0.02955704509703728,2.2170008537886874,17.604489830508477,2.081346799322693,0.0,1.808390022675737,0.0,0.4932877072913925,1.1447994561522774,0.015530402737562517,-29.03427513190538,0.14887940234791888,-0.07023517301449056,1.1360444298113064,1.1144028471969887,0.7240327643418047,-0.05849798370087907,-0.06564256869110777,-0.04892934182143421,1.5693759771715634,0.6588935246904698,0.11177123154403215,Other Industrial Metals & Mining,Basic Materials,MTRN
2010Q4,2010,Q4,2011-03-09,2010-12-31,12629000.0,355977000.0,19007000.0,0.6130582524271845,59267000.0,0.16649109352570532,735410000.0,384356000.0,355725000.0,147360000.0,351054000.0,154467000.0,368401000.0,795983979.4000001,866019979.4000001,18.658058252427185,2.4139861563517915,0.11713194000625501,0.22411514325260956,0.02759689118762198,18.658058252427185,0.03285755913788259,2.2360545186908145,15.757066660068098,2.0709549984909823,0.0,1.920863355927156,0.0,0.48405243333650616,1.082043973941368,0.017172733577188234,107.04464488972567,0.16649109352570532,-0.0568334578043316,1.8799908167061334,1.3667367714656444,0.699317253536988,0.018333333333333333,-0.05753731343283582,-0.09157386608039,0.024748458292762097,0.4776716036263409,0.08662931068603462,Other Industrial Metals & Mining,Basic Materials,MTRN
2010Q3,2010,Q3,2010-11-05,2010-10-01,13400000.0,325300000.0,20923000.0,0.65,58200000.0,0.17891177374731018,725100000.0,375458000.0,341400000.0,137400000.0,349700000.0,152300000.0,0.0,584470590.0,667186590.0,18.520100626448972,2.48471615720524,0.13531374982761,0.26132350356098416,0.029454038158063297,18.520100626448972,0.03568974425901166,1.7967125422686752,10.904302052238805,1.5566870062696758,0.0,1.7537754432042023,0.0,0.44862777547924426,1.0902474526928676,0.01848020962625845,25.584179908076166,0.17891177374731018,-0.02985074626865674,2.2519630432518336,1.2749659221035727,0.6459623435009049,0.043010752688172046,-0.021897810218978103,0.020733730120011708,0.36148043847940264,0.41710468048769644,0.12042902780898712,Other Industrial Metals & Mining,Basic Materials,MTRN
2010Q2,2010,Q2,2010-08-09,2010-07-02,13700000.0,325900000.0,20498000.0,0.67,55800000.0,0.1712181650813133,715500000.0,362951000.0,344100000.0,127300000.0,352500000.0,140300000.0,0.0,386746710.32299995,491107710.32299995,17.859125129164003,2.7030636292223096,0.1683591893780573,0.3318932858705445,0.029339279115867204,17.859125129164003,0.037746142041212176,1.1867036217336604,7.057421721222627,1.0655617709360214,0.0,1.925160370634355,0.0,0.4554856743535989,1.3055773762765122,0.01914744933612858,-18.198988768669707,0.1712181650813133,1.0303030303030303,1.3562455668230797,1.2886502941123719,0.6215269468117113,0.13184584178498987,1.044776119402985,0.5522907989397955,0.7365664767174686,0.39704198849538863,0.11291075459575109,Other Industrial Metals & Mining,Basic Materials,MTRN
2010Q1,2010,Q1,2010-04-30,2010-04-02,6700000.0,295100000.0,13205000.0,0.33,49300000.0,0.16706201287699085,677800000.0,347327000.0,310400000.0,133600000.0,330500000.0,140500000.0,0.0,460036449.743,557692449.743,17.146023596781358,2.3233532934131738,0.16045441133077604,0.3131227920662661,0.015395676552746648,17.146023596781358,0.019290178995586292,1.5589171458590307,17.165539169514926,1.3245052925427625,0.0,1.7494661921708186,0.0,0.43537916789613457,0.9715568862275449,0.00988492180584243,-14.53465766462355,0.16706201287699085,2.895803998873557,0.476642460659594,1.1446707233824494,0.5314058644023624,0.671526412151624,2.8867924528301887,3.2074557004346373,-0.7114458002546071,0.17293227492167115,0.09145868474879015,Other Industrial Metals & Mining,Basic Materials,MTRN
2009Q4,2009,Q4,2010-03-08,2009-12-31,-3551000.0,215154000.0,-5982000.0,-0.1740686274509804,29494000.0,0.1370832055179081,621953000.0,339859000.0,280176000.0,139694000.0,282094000.0,130098000.0,321974000.0,378216020.4,430416020.4,16.659754901960785,2.005640900826091,0.10363001705916686,0.18964629449271608,-0.008130429641629437,16.659754901960785,-0.010448450681017716,1.7578851445941046,-26.627430329484653,1.112861570239423,0.0,1.4270780488554782,0.0,0.34593289203525024,0.7681503858433433,-0.005709434635736141,145.80417131842714,0.1370832055179081,-36.54655441176471,-2.907736802841523,0.7546273032568973,0.5448081061980182,0.1703968253968254,-36.51,-9.856624319419238,-1.1182617237389993,0.04540484605550039,0.17935034701165697,Other Industrial Metals & Mining,Basic Materials,MTRN
2009Q3,2009,Q3,2009-11-05,2009-10-02,100000.0,190500000.0,-551000.0,0.004896919837422261,25200000.0,0.13228346456692913,565400000.0,344047000.0,280300000.0,92400000.0,221300000.0,129500000.0,0.0,461912750.0,481807750.0,17.01939154093495,3.0335497835497836,0.0827644145737531,0.13601339351890876,0.00017622210509617698,17.01939154093495,0.0002906579624295518,2.424738845144357,1154.781875,1.3425861873523093,0.0,1.2764478764478764,0.0,0.3369296073576229,1.2478354978354977,0.00017686593562079943,-329.9376785714286,0.13228346456692913,1.1224229959355565,-0.9724481805880898,0.4185463778294306,0.5270794013225396,0.14027149321266968,1.125,0.6467948717948718,-0.9862157859350016,-0.0696687258675822,0.36536086227588943,Other Industrial Metals & Mining,Basic Materials,MTRN
2009Q2,2009,Q2,2009-08-11,2009-07-03,-800000.0,174100000.0,-1560000.0,-0.04,22100000.0,0.12693854106835153,550300000.0,341346000.0,267300000.0,83100000.0,208900000.0,132900000.0,0.0,313892300.0,330661300.0,16.91003665907064,3.216606498194946,0.06863347265128111,0.11064726113679375,-0.001828820630503497,16.91003665907064,-0.0023436630281298155,1.802942561746123,-98.09134375000001,0.9195722229057908,0.0,1.143717080511663,0.0,0.3163728875159004,1.200962695547533,-0.001453752498637107,19.979142002418687,0.12693854106835153,0.9,-1.1003069514124701,0.12032178839437091,0.6779023299907238,0.5136986301369864,0.9012345679012346,0.863061797752809,-1.1114377961195099,-0.09671099834623972,0.39452553090965786,Other Industrial Metals & Mining,Basic Materials,MTRN
2009Q1,2009,Q1,2009-05-01,2009-04-03,-8100000.0,135400000.0,-11392000.0,-0.4,14600000.0,0.10782865583456426,551000000.0,340042000.0,269600000.0,90800000.0,211000000.0,149300000.0,0.0,283069980.0,322246980.0,16.889782943426216,2.9691629955947136,0.094513611615245,0.15314872868645638,-0.0201132034682564,16.889782943426216,-0.023820586868680927,2.09062023633678,-8.736727777777778,0.832455931914293,0.0,0.8091091761553918,0.0,0.24573502722323048,0.961453744493392,-0.0147005444646098,-13.856960054826708,0.10782865583456426,-1.493192133131619,-2.759488565513023,-0.11227600120832687,0.7512756634339935,-0.418442541326429,-1.4508320726172466,-1.5136804942630184,-2.4825086705073782,-0.22769158707042494,0.4847079450559747,Other Industrial Metals & Mining,Basic Materials,MTRN
2008Q4,2008,Q4,2009-02-27,2008-12-31,-3305000.0,196286000.0,-4532000.0,-0.1604368932038835,25105000.0,0.12790010494890108,581897000.0,347097000.0,294379000.0,104480000.0,234800000.0,156718000.0,334329000.0,262032000.0,285313000.0,16.849368932038836,2.817563169984686,0.0718804186995293,0.12050521900218095,-0.007697791050662976,16.849368932038836,-0.009521833954197242,1.3349500219068096,-19.82087745839637,0.7549244159413651,0.0,1.0922867826286706,0.0,0.3373208660639254,1.05093797856049,-0.005679699328231628,9.154915799035706,0.12790010494890108,-1.3342435275080908,0.6294347534180512,0.49831115398024955,0.8212805914571224,-0.4445796460176991,-1.3338383838383838,-1.348053144919745,-1.7536914759057542,0.3050205320116341,0.5345875197757494,Other Industrial Metals & Mining,Basic Materials,MTRN
2008Q3,2008,Q3,2008-10-31,2008-09-26,9900000.0,240500000.0,13021000.0,0.48,45200000.0,0.18794178794178795,592700000.0,380135000.0,320100000.0,107300000.0,212600000.0,176400000.0,0.0,402590240.00000006,453036240.00000006,18.65784823795033,2.983224603914259,0.09709127720600641,0.15138306128086074,0.023561982357013442,18.65784823795033,0.026043379325765847,1.6739718918918922,10.166420202020204,1.0590717508253646,0.0,1.1071428571428572,0.0,0.40577020415049775,1.0931966449207828,0.01670322254091446,24.052469829131322,0.18794178794178795,0.37142857142857144,3.5962037353109753,1.0755320668050972,1.012606929652608,0.013452914798206279,0.375,0.12133999311057526,1.3906594557918408,0.6735844481305607,0.6582045761977743,Other Industrial Metals & Mining,Basic Materials,MTRN
2008Q2,2008,Q2,2008-08-01,2008-06-27,7200000.0,246600000.0,11612000.0,0.35,44600000.0,0.18085969180859693,615600000.0,369343000.0,342900000.0,116300000.0,246200000.0,181100000.0,0.0,521602430.0,592926430.0,18.10593656551792,2.9484092863284608,0.14055230669265756,0.2342646266478585,0.016672805485331947,18.10593656551792,0.019494074613570583,2.1151761151662614,18.11119548611111,1.412243984588851,0.0,1.1154058531198232,0.0,0.40058479532163743,1.1633705932932072,0.011695906432748537,92.43353358142832,0.18085969180859693,0.5909090909090908,0.0,0.9668805593632958,0.9437556824846173,0.20540540540540542,0.5652173913043478,0.4567808305106009,0.23370526719224194,0.7253097973818753,0.6439362973221476,Other Industrial Metals & Mining,Basic Materials,MTRN
2008Q1,2008,Q1,2008-05-02,2008-03-28,4600000.0,226300000.0,7971000.0,0.22,37000000.0,0.16349977905435262,603100000.0,359674000.0,328300000.0,116600000.0,243400000.0,175800000.0,0.0,540512390.0,578252162.0,17.64059051449311,2.8156089193825045,0.08297093682639695,0.13912535240245333,0.011775422163692723,17.64059051449311,0.01278935925310142,2.3884771984091913,29.37567336956522,1.5027841601005356,0.0,1.07679180887372,0.0,0.37522798872492125,1.0823327615780447,0.0076272591610014925,-53.37339685987953,0.16349977905435262,-0.6322622525154171,2.245484951035689,0.8474103850953231,0.8579267328752955,-0.05694040882907682,-0.6267445634534242,-0.5765287148701057,0.007250713163846937,0.6340117305825015,0.575578361532563,Other Industrial Metals & Mining,Basic Materials,MTRN
2007Q4,2007,Q4,2008-02-29,2007-12-31,12324000.0,240904000.0,18823000.0,0.598252427184466,39234000.0,0.16286155481021486,550551000.0,353714000.0,329436000.0,113183000.0,196837000.0,165189000.0,315972000.0,762612000.0000001,766390000.0000001,17.170582524271843,2.9106491257521006,0.06449538734831106,0.10038618771097553,0.03203761409889687,17.170582524271843,0.034841708272785356,3.1656261415335574,15.47005842259007,2.156013050091317,0.0,1.2208440029299772,0.0,0.43756890823920036,1.2406191742576183,0.02238484718037021,38.086800179793244,0.16286155481021486,0.24635922330097093,1.3703382417684267,1.1807803483811479,0.7915928313004423,-0.1507792207792208,0.24484848484848484,0.16406926406926406,5.556656356990457,0.9455500899787903,0.592175588880678,Other Industrial Metals & Mining,Basic Materials,MTRN
2007Q3,2007,Q3,2007-11-02,2007-09-28,9900000.0,230900000.0,16170000.0,0.48,46200000.0,0.20008661758336943,539800000.0,337069000.0,317200000.0,117800000.0,202700000.0,163800000.0,0.0,1058140859.608,1050770767.608,16.529472342094937,2.692699490662139,0.017839770285290848,0.028569545107974926,0.029039933427039144,16.529472342094937,0.029370840985080207,4.582680206184496,26.7207287779798,3.139241103774005,0.0,1.1275946275946276,0.0,0.42775101889588735,1.1366723259762308,0.018340125972582437,156.85455968099615,0.20008661758336943,0.26315789473684204,3.7720189171548,1.0052628824242704,0.3685094791518732,0.10526315789473684,0.25316455696202533,0.2816041848299913,1.7039546347471903,0.7044584361537708,0.4831209839454207,Other Industrial Metals & Mining,Basic Materials,MTRN
2007Q2,2007,Q2,2007-08-06,2007-06-29,7900000.0,233600000.0,12617000.0,0.38,41800000.0,0.17893835616438356,533600000.0,326577000.0,307900000.0,125500000.0,207000000.0,163200000.0,0.0,854538530.7019999,852669248.7019999,16.04722126676822,2.453386454183267,0.019173009745127437,0.03132712346552268,0.02466152413605518,16.04722126676822,0.024190313463593578,3.658127271840753,27.042358566518985,2.6166525220759573,0.0,1.1752450980392157,0.0,0.43778110944527737,1.005577689243028,0.014805097451274363,153.08823552525973,0.17893835616438356,-0.6607142857142857,4.213840027517075,0.8874285832790437,0.2980604338135387,-0.3976945244956772,-0.658008658008658,-0.6576583909917243,-0.01749979377083694,0.4910127743330062,0.5922892715282201,Other Industrial Metals & Mining,Basic Materials,MTRN
2007Q1,2007,Q1,2007-04-30,2007-03-30,23100000.0,250300000.0,36855000.0,1.12,69400000.0,0.27726727926488215,518000000.0,316589000.0,299000000.0,101500000.0,201500000.0,168600000.0,0.0,976815930.1530001,990939099.1530001,15.709274053490795,2.9458128078817736,0.0583458861003861,0.09546500036324698,0.06781183509526642,15.709274053490795,0.0729652641121454,3.9025806238633645,10.571600975681818,3.0854386291153517,0.0,1.0729537366548043,0.0,0.4832046332046332,1.1014778325123153,0.0445945945945946,-85.05145234244668,0.27726727926488215,-0.23907522838956488,5.993546836438091,1.2947405196784776,0.2360351747494311,0.43095733932658403,-0.23815177599683388,1.8167991439926627,4.012821017897297,0.6394151143671485,0.6288705090080128,Other Industrial Metals & Mining,Basic Materials,MTRN
