Quarters,Year,Quarter,FillingDate,Date,NetIncome,Revenue,OperatingIncome,EPSDiluted,GrossProfit,GrossProfitRatio,TotalAssets,CommonStockEquity,CurrentAssets,CurrentLiability,TotalLiability,Inventory,RetainedEarnings,MarketCap,EnterpriseValue,bookValuePerShare,currentRatio,debtToAssets,debtToEquity,roic,shareholdersEquityPerShare,roe,priceToSalesRatio,peRatio,pbRatio,payoutRatio,inventoryTurnover,dividendYield,assetTurnover,quickRatio,returnOnAssets,priceToFreeCashFlowsRatio,grossProfitMargin,epsdilutedGrowth,fiveYNetIncomeGrowthPerShare,fiveYRevenueGrowthPerShare,fiveYShareholdersEquityGrowthPerShare,grossProfitGrowth,netIncomeGrowth,operatingIncomeGrowth,threeYNetIncomeGrowthPerShare,threeYRevenueGrowthPerShare,threeYShareholdersEquityGrowthPerShare,Industry,Sector,Symbol
2023Q1,2023,Q1,2023-05-04,2023-03-31,-80546000.0,2584659000.0,-72587000.0,-1.05,225165000.0,0.0871159406,9055336000.0,2646304000.0,3656663000.0,2378535000.0,6407704000.0,164917000.0,2115202000.0,7270368960.0,10627959960.0,34.374727216044896,1.5373593409388553,0.38641868175846816,1.3222785439616915,-0.007255172909030705,34.374727216044896,-0.030437168216501203,2.812892903860819,-22.56589079532193,2.747367256369638,0.0,14.307160571681512,0.0,0.28542938660696854,1.3803610205441585,-0.008894865966320852,-48.56074433765037,0.08711594063278753,-27.25,-4.196715291097884,0.9505024832778299,1.0335552754764339,-0.39356028980042557,-25.983250620347395,-2.160445076817317,-3.1583240140604114,0.7713149539190958,0.5242261171234602,Engineering & Construction,Industrials,MTZ
2022Q4,2022,Q4,2023-03-16,2022-12-31,3224000.0,3008361000.0,62551000.0,0.04,371290000.0,0.1234193636,9293259000.0,2737329000.0,3859127000.0,2496037000.0,6552072000.0,117969000.0,2195742000.0,6527062360.0,9671145360.0,35.785820739423734,1.5461016803837444,0.3781961742376921,1.283979748141345,0.0025552602281817775,35.785820739423734,0.001177790466546038,2.1696406648005344,506.1307661290323,2.384463964689666,0.0,22.353931965177292,0.0,0.32371431808798184,1.4022941166336877,0.0003469181263537366,35.55064221482688,0.12341936356707191,-0.9384615384615385,-0.9787630191613851,0.98828995409216,1.0267224201147214,0.14015396945791328,-0.9340641361256544,-0.2826391118858663,-0.9685321072167256,0.7336597980264673,0.5086261779697752,Engineering & Construction,Industrials,MTZ
2022Q3,2022,Q3,2022-11-03,2022-09-30,48896000.0,2513484000.0,87196000.0,0.65,325649000.0,0.1295608009,7475663000.0,2542073000.0,3114275000.0,1986483000.0,4929150000.0,127546000.0,2192518000.0,4694936000.0,7077156000.0,34.38207368534949,1.567733023640273,0.3314617044668814,0.9747540688249314,0.013494453943938762,34.38207368534949,0.019234695463112194,1.8678996961985834,24.004703861256544,1.846892673813852,0.0,17.153301553949163,0.0,0.33622221868481766,1.3947061213209477,0.006540690772176327,50.119412863624234,0.12956080086445745,2.25,-0.16023742619399794,0.4071465767756427,1.1485395541560344,0.18988530442376345,2.016037503084135,1.3169474411436468,-0.613182664420911,0.2679804054261164,0.5443179816511111,Engineering & Construction,Industrials,MTZ
2022Q2,2022,Q2,2022-08-04,2022-06-30,16212000.0,2301792000.0,37634000.0,0.2,273681000.0,0.1188991012,7404686000.0,2480828000.0,3057222000.0,1897690000.0,4919744000.0,123766000.0,2143622000.0,5334728700.0,7730784700.0,33.324306535025855,1.611022875179824,0.34234875050744895,1.0218302115261517,0.006348661417504791,33.324306535025855,0.00653491495581314,2.317641515827668,82.26512305699482,2.1503823320278554,0.0,16.386657078680738,0.0,0.3108561254319224,1.4085187780933661,0.002189424372620257,-22.54212316611453,0.11889910122200442,1.425531914893617,-0.7842097347870939,0.323762538016698,1.199614774605424,0.23790504966438095,1.4637432420835836,2.173641863656209,-0.8632301781491448,0.19886709484487952,0.6183627366483941,Engineering & Construction,Industrials,MTZ
2022Q1,2022,Q1,2022-05-05,2022-03-31,-34959000.0,1954400000.0,-32066000.0,-0.47,221084000.0,0.1131211625,7087996000.0,2508006000.0,2784278000.0,1866037000.0,4575919000.0,101420000.0,2127410000.0,6514121900.0,8477456900.0,33.53442351147896,1.4920808108306534,0.30988561505960216,0.8757825938215459,-0.004680784401077732,33.53442351147896,-0.013938961868512276,3.33305459476054,-46.58401198546869,2.5973310669910674,0.0,17.090475251429698,0.0,0.27573378991748865,1.3182659293465242,-0.0049321416095607275,134.7925983404722,0.11312116250511665,-1.4563106796116505,-1.9206884617768671,0.8207719587273645,1.368960353826722,-0.11586911836453943,-1.4576084822305124,-1.3030268666307563,-1.8130780729315044,0.2906718530851517,0.7566084317243434,Engineering & Construction,Industrials,MTZ
2021Q4,2021,Q4,2022-03-01,2021-12-31,76395000.0,1809366000.0,105819000.0,1.03,250058000.0,0.138202,7121393000.0,2543861000.0,2873954000.0,1784598000.0,4577532000.0,92595000.0,2162388000.0,6695190840.0,8620403840.0,35.06210632227475,1.6104209463419772,0.32099745092006576,0.8986139572877606,0.01759358942875653,35.06210632227475,0.030031121983473155,3.700296590076303,21.90978087571176,2.6319012084386686,0.0,16.8400885576975,0.0,0.2540747294805946,1.4613728133730959,0.010727536031223105,26.12665639060482,0.13820200003758223,-0.3133333333333333,0.5819563521635978,0.49633999402629353,1.5745058648938803,-0.2793634508755144,-0.3122957681816954,-0.30894165589122685,1.525297211791647,-0.003733910978389553,0.9324422315245687,Engineering & Construction,Industrials,MTZ
2021Q3,2021,Q3,2021-11-04,2021-09-30,111087000.0,2404332000.0,153126000.0,1.5,346996000.0,0.144321167,6013248000.0,2273181000.0,2588419000.0,1704308000.0,3735766000.0,91781000.0,2085744000.0,6255558840.0,7733522840.0,31.352923327310595,1.5187507187667957,0.28568387666698597,0.7557198480895274,0.029273028642730032,31.352923327310595,0.04886852388789102,2.6017866251416195,14.078062329525507,2.751896500982544,0.0,22.415706954598445,0.0,0.3998391551454389,1.386549262222556,0.018473710048213545,54.66425635289594,0.1443211669603033,0.47058823529411764,1.1906204958725863,0.682195781787985,1.4615854423024828,0.20725334520885375,0.4723065300658706,0.31262858318474834,-0.008366624692564837,0.3098172859310232,0.6459895885591533,Engineering & Construction,Industrials,MTZ
2021Q2,2021,Q2,2021-08-05,2021-06-30,75451000.0,1962658000.0,116656000.0,1.02,287426000.0,0.1464473179,5901628000.0,2158362000.0,2408289000.0,1638991000.0,3740259000.0,87355000.0,1974657000.0,7692356100.0,9267011100.0,29.770099722762446,1.4693729251716452,0.3070213846077726,0.839491243822862,0.02047199237134802,29.770099722762446,0.03495752797723459,3.9193563524567194,25.487919643212148,3.5639786560363826,0.0,19.17728807738538,0.0,0.3325621337027681,1.34607023467487,0.012784777352960911,178.03495035526652,0.1464473178719879,0.14606741573033707,2.4714550559389212,0.7649760596244717,1.4769574773161744,0.09887026169403398,0.14930920501454706,0.08126946462998666,0.021192011579236576,0.32164205999626044,0.6465748362100213,Engineering & Construction,Industrials,MTZ
2021Q1,2021,Q1,2021-05-06,2021-03-31,65649000.0,1775424000.0,107888000.0,0.89,261565000.0,0.1473253713,5538303000.0,2084909000.0,2550424000.0,1632900000.0,3449328000.0,92677000.0,1899206000.0,6787534300.0,7778958300.0,28.781581744640317,1.5618984628574928,0.2715328142934758,0.7212933514124598,0.019852728181900533,28.781581744640317,0.03148770521878892,3.823049761634404,25.847820606559125,3.255554223229887,0.0,16.33478640870982,0.0,0.32057184303567354,1.6297207422377364,0.01185363097685338,32.45977781603589,0.14732537129159007,-0.4220779220779221,26.214388901937863,1.0165379824801486,1.4536750795001954,-0.16847342319430314,-0.419661957886176,-0.35770629803599385,1.7689564304374414,0.4238799235022076,0.7026735085202456,Engineering & Construction,Industrials,MTZ
2020Q4,2020,Q4,2021-02-25,2020-12-31,113122000.0,1636795000.0,167973000.0,1.54,314560000.0,0.1921804502,5227849000.0,2001922000.0,2359015000.0,1415199000.0,3222324000.0,89645000.0,1833557000.0,4928595840.000001,5997206840.000001,27.693697432492254,1.6669139817085794,0.2853427862970028,0.745148412375707,0.033509754853154876,27.693697432492254,0.056506697064121376,3.011125913752181,10.892213362564313,2.461932003344786,0.0,14.749679290534887,0.0,0.3130914837058224,1.5385546484981971,0.02163834494837169,25.304047439353106,0.19218045020909766,-0.03144654088050317,2.6255528466479046,0.7613020854725427,1.355631085288782,-0.010061147354739628,-0.028920689151951652,-0.048457176522571616,-0.21151284267224435,0.14470575215029166,0.5684267210468729,Engineering & Construction,Industrials,MTZ
2020Q3,2020,Q3,2020-10-29,2020-09-30,116491000.0,1698279000.0,176527000.0,1.59,317757000.0,0.187105299,5201749000.0,1873345000.0,2334075000.0,1514154000.0,3324604000.0,85541000.0,1720435000.0,3044223600.0,4309519600.0,25.9689068174887,1.5415043648136186,0.2890316314762592,0.8025590587958972,0.036647592471593354,25.9689068174887,0.062183420565886154,1.7925344422206246,6.533173378200892,1.625020271226069,0.0,16.138717106416806,0.0,0.32648230431725944,1.4365467449149822,0.022394583052738608,18.451405573806262,0.18710529895264558,1.0384615384615385,15.925247682599775,0.6919000340375898,1.031854662801581,0.3969059928254906,1.043522498026489,0.911023784006149,1.0505360542316202,-0.025539798447793985,0.6227998341863138,Engineering & Construction,Industrials,MTZ
2020Q2,2020,Q2,2020-07-31,2020-06-30,57005000.0,1569297000.0,92373000.0,0.78,227472000.0,0.1449515293,4989985000.0,1746711000.0,2137048000.0,1523391000.0,3239149000.0,104893000.0,1603944000.0,3232659150.0,4638136150.0,24.24472204871955,1.4028230441167107,0.2914066875952533,0.8324874578565086,0.019832314984345605,24.24472204871955,0.032635622034784234,2.0599409480805737,14.177086001227961,1.8507120811628255,0.0,12.792321699255432,0.0,0.3144893221121907,1.2750009682346817,0.011423882035717542,14.62245459685627,0.14495152925163304,0.6250000000000001,17.535292078576546,0.6302493690084507,0.8919747963789015,0.19528971609031723,0.5734198178305272,0.7269532053319374,-0.21595698099782962,-0.06743128225186007,0.6003048336058655,Engineering & Construction,Industrials,MTZ
2020Q1,2020,Q1,2020-04-30,2020-03-31,36230000.0,1416604000.0,53489000.0,0.48,190307000.0,0.1343402955,4893548000.0,1685510000.0,2079779000.0,1260033000.0,3203735000.0,106586000.0,1546939000.0,2446174740.0,4017218740.0,22.5522491905055,1.650575024622371,0.33568833901292067,0.9746053123386986,0.014885365550552691,22.5522491905055,0.02149497778120569,1.726787966150032,16.879483439138834,1.4512964859300745,0.0,11.505235209126901,0.0,0.2894840308095476,1.4806469354374052,0.007403626162449004,17.145443675002802,0.1343402955236608,-0.6390977443609023,7.252782963312975,0.5566874755608073,0.8055323808215205,-0.30793679655253925,-0.6409885449284554,-0.6214588508382696,-0.045187078162292754,0.320647217101263,0.5931505190074492,Engineering & Construction,Industrials,MTZ
2019Q4,2019,Q4,2020-02-27,2019-12-31,100916000.0,1709223000.0,141303000.0,1.33,274985000.0,0.1608830445,4997006000.0,1787220000.0,2173559000.0,1219126000.0,3205315000.0,100069000.0,1510709000.0,4834071040.0,6431217040.0,23.720800594606075,1.7828829833831779,0.33391454803136117,0.9336136569644475,0.031469430362275244,23.720800594606075,0.05646534841821376,2.8282272354163265,11.97548218320187,2.7047990958024193,0.0,14.332490581498766,0.0,0.3420494191922123,1.5964674693181837,0.02019529294141332,71.60950197019524,0.16088304451788912,-0.21301775147928986,3.882750457700201,0.5136500348437587,0.7072216484977809,-0.15664294915046312,-0.21524775265171545,-0.2666517889579722,1.0123165141701786,0.3611603463691419,0.7417476203360489,Engineering & Construction,Industrials,MTZ
2019Q3,2019,Q3,2019-10-31,2019-09-30,128596000.0,2016618000.0,192682000.0,1.69,326060000.0,0.1616865465,4858652000.0,1674601000.0,2198696000.0,1334506000.0,3179348000.0,106690000.0,1409793000.0,4883839810.000001,6399817810.000001,22.26359732507279,1.6475729595820476,0.32088591650523646,0.931011626053012,0.041634535899323276,22.26359732507279,0.0767920238910642,2.4217971921305876,9.494540673893434,2.9164199770572217,0.0,15.845515043584216,0.0,0.41505709814162445,1.4959805351193625,0.026467423474659225,78.40110140786285,0.16168654648525402,0.06962025316455688,2.089605756545135,0.6748734292719755,0.6203983640940297,0.06692931421503505,0.07422938768691004,0.0911757710298898,1.4443947230551324,0.36002130438902924,0.7479629091219628,Engineering & Construction,Industrials,MTZ
2019Q2,2019,Q2,2019-08-01,2019-06-30,119710000.0,1939006000.0,176582000.0,1.58,305606000.0,0.1576096206,4797371000.0,1548121000.0,2127012000.0,1391153000.0,3246033000.0,126965000.0,1281198000.0,3892223910.0,5437068910.0,20.591370389582753,1.5289561967662795,0.3343541702319875,1.0361082886931965,0.03905188477409175,20.591370389582753,0.07732599712813146,2.00732948221924,8.128443551081782,2.5141600107485136,0.0,12.864962785019493,0.0,0.40418095661144404,1.366475146874571,0.02495325043654118,10.373482272546767,0.15760962059942052,1.7719298245614041,2.8884142930459253,0.8275175141183198,0.4831973475655176,0.4814243887305373,1.776721098534051,1.2814801416057262,4.31130600064946,0.6815031630534442,0.713260933945272,Engineering & Construction,Industrials,MTZ
2019Q1,2019,Q1,2019-05-02,2019-03-31,43112000.0,1518340000.0,77398000.0,0.57,206292000.0,0.1358668019,4860393000.0,1431611000.0,2262059000.0,1262652000.0,3426661000.0,121648000.0,1161487000.0,3650561880.0,5463271880.0,19.090437519168965,1.791514209774348,0.38184237365167795,1.2963745039679075,0.0172158882324184,19.090437519168965,0.03011432574910363,2.404311208293268,21.1690589627018,2.5499677496191357,0.0,10.785610943048797,0.0,0.3123903766629571,1.6073264842569448,0.008870064622346381,-44.9559976848146,0.13586680190207726,0.39024390243902435,1.7750923278947583,0.6244338612518568,0.43099973728267865,-0.21729826531696286,0.34973858050781126,-0.12332646172666108,16.994910119284892,0.6658529228200005,0.6274898027890093,Engineering & Construction,Industrials,MTZ
2018Q4,2018,Q4,2019-02-28,2018-12-31,31941000.0,1917552000.0,88286000.0,0.41,263564000.0,0.1374481631,4439953000.0,1389898000.0,2168989000.0,1283611000.0,3047929000.0,113709000.0,1118375000.0,3107058240.0,4486514240.0,18.143935042556524,1.6897556970141265,0.3168677686452987,1.0122167238171433,0.015245102010818473,18.143935042556524,0.022980823053202464,1.6203254149040025,24.31873015873016,2.2354577386254246,0.0,14.545796726732272,0.0,0.43188565284362246,1.520259642524098,0.007193995071569452,6.799112083679811,0.13744816307458677,-0.730263157894737,-0.2229110320840455,0.6703050723390297,0.3811217874285958,-0.1089459040058961,-0.7352941176470589,-0.4743723320016908,1.4331290257130787,0.9471592459288843,0.5433265095747177,Engineering & Construction,Industrials,MTZ
2018Q3,2018,Q3,2018-11-01,2018-09-30,120666000.0,1977227000.0,167963000.0,1.52,295789000.0,0.1495978964,4974806000.0,1487578000.0,2668962000.0,1372497000.0,3484986000.0,125815000.0,1086434000.0,3420604800.0,5124435800.0,19.048069043228846,1.9446031576025302,0.35625811338170776,1.1914097949821791,0.042647038139116036,19.048069043228846,0.08111574653564385,1.7300010570359396,7.086927552085923,2.2994456761258903,0.0,13.364368318562969,0.0,0.3974480612912343,1.7756570688314801,0.02425541820123237,-80.17543596474779,0.14959789644790406,0.504950495049505,1.5817388348969286,0.5376210863397347,0.5073441784228088,0.17741023803837275,0.49910550116781793,0.22619525620715583,15.194326200779926,0.8195227886396852,0.49035568477555613,Engineering & Construction,Industrials,MTZ
2018Q2,2018,Q2,2018-08-02,2018-06-30,80492000.0,1617804000.0,136979000.0,1.01,251220000.0,0.1552845709,4582157000.0,1428032000.0,2281770000.0,1252777000.0,3151759000.0,100231000.0,965768000.0,4008438000.0,5604947000.0,18.080016205813834,1.821369645196232,0.35293269087026047,1.1324627179222875,0.031128161347879768,18.080016205813834,0.056365683682158385,2.4777031086584036,12.449802464841225,2.8069665105543855,0.0,13.63434466382656,0.0,0.3530660341843372,1.674826405657192,0.017566399405345563,-31.879795762550106,0.15528457093689965,2.15625,1.238235184449909,0.6078383393597264,0.5156394826650318,0.5747014761651048,2.0305722891566265,1.5066151847310922,22.29689849040935,0.5329907093383432,0.41090233621913025,Engineering & Construction,Industrials,MTZ
2018Q1,2018,Q1,2018-04-30,2018-03-31,26560000.0,1396834000.0,54647000.0,0.32,159535000.0,0.1142118534,4154348000.0,1371740000.0,1907595000.0,1047340000.0,2780151000.0,80483000.0,885277000.0,3818107500.0,5207979500.0,16.903758471965496,1.8213712834418623,0.3442434288124153,1.0425496085263972,0.013730938237606535,16.903758471965496,0.01936226981789552,2.733401034052722,35.93851185993976,2.7834046539431667,0.0,15.373420473888896,0.0,0.3362342297756471,1.6664454713846506,0.006393301668516937,62.63710709364131,0.11421185337699398,-0.8358974358974358,0.3649115682263435,0.435427505608137,0.47006391159423344,-0.11954944066402866,-0.8348494929207887,-0.0647441382851275,5.221687074231529,0.41367869442833344,0.3533143865565681,Engineering & Construction,Industrials,MTZ
2017Q4,2017,Q4,2018-02-27,2017-12-31,160823000.0,1602862000.0,58430000.0,1.95,181197000.0,0.1130459141,4066576000.0,1430799000.0,1852366000.0,963827000.0,2633223000.0,76992000.0,857154000.0,3966565350.0,5294811350.0,17.65699159601644,1.9218863966251205,0.3365416015832484,0.9565089156478304,0.058346999532293754,17.65699159601644,0.11240083338050977,2.47467676568538,6.1660417819590485,2.772272939804962,0.0,18.46510027015794,0.0,0.39415518116469483,1.6998133482461064,0.03954752105948592,-63.52196127730446,0.11304591412111585,1.5324675324675323,3.1837284878249577,0.6252704456742983,0.5780576269262497,-0.21074227172345902,1.5226345840130506,-0.533146368161589,6.235014668893747,0.31980459303188374,0.27080020675681793,Engineering & Construction,Industrials,MTZ
2017Q3,2017,Q3,2017-11-02,2017-09-30,63752000.0,1955752000.0,125157000.0,0.77,229579000.0,0.1173865603,3942175000.0,1295453000.0,1747747000.0,1002151000.0,2639130000.0,84460000.0,696331000.0,3756219200.0,4991255200.0,16.002532333576273,1.7439956653238884,0.32440416775003644,0.9871898092790707,0.029014054461825076,16.002532333576273,0.04921212888464498,1.9206009759928662,14.729809260885931,2.8995410871718232,0.0,20.437757518351884,0.0,0.49610988857673743,1.5752336723707305,0.016171783342951544,15.641723820588737,0.11738656025917396,-0.2222222222222222,0.6622582576420791,0.7247061003429921,0.494377470207986,-0.12987170497830167,-0.21937601018758876,-0.18495291681319112,0.42315590622248245,0.5092291911422644,0.16470293798776423,Engineering & Construction,Industrials,MTZ
2017Q2,2017,Q2,2017-08-03,2017-06-30,81668000.0,1890180000.0,153558000.0,0.99,263845000.0,0.1395872351,3823485000.0,1226019000.0,1790707000.0,928731000.0,2590323000.0,95541000.0,632579000.0,3653763750.0,5024794750.0,15.150064874884151,1.928122351897374,0.36334940505847413,1.1331480180975988,0.0352600553677979,15.150064874884151,0.06661234450689589,1.933024235787068,11.18480846231082,2.9801852581403714,0.0,17.02237782732021,0.0,0.494360511418248,1.7094616202108037,0.021359571176557512,-13.526546731428487,0.1395872350781407,0.98,1.6912732092800284,0.8890419539733303,0.49061215309595035,0.41055867415129643,0.9933609958506224,0.90561167506391,1.4645121484859396,0.6550933796719434,0.09125986336691859,Engineering & Construction,Industrials,MTZ
2017Q1,2017,Q1,2017-05-04,2017-03-31,40970000.0,1158184000.0,80582000.0,0.5,187050000.0,0.1615028355,3115834000.0,1142327000.0,1267099000.0,813260000.0,1968028000.0,99652000.0,550911000.0,3231914850.0,4172282850.0,14.155755480377213,1.5580490863930354,0.306837591476311,0.8369363588534632,0.022948544305484028,14.155755480377213,0.0358653870564208,2.7905020704827557,19.721228032706858,2.82923790648387,0.0,9.74525348211777,0.0,0.3717091475348173,1.3547782996827582,0.013148967499552286,25.7991797847883,0.16150283547346536,-0.24242424242424246,1.8879740660987057,0.48624635185987897,0.37655259154744786,-0.15491239642537658,-0.23550596182194772,-0.24151692849276646,1.4507385677637759,0.15149568943363806,0.06110100164636992,Engineering & Construction,Industrials,MTZ
2016Q4,2016,Q4,2017-02-24,2016-12-31,53591000.0,1341892000.0,106241000.0,0.66,221338000.0,0.1649447198,3183132000.0,1096531000.0,1402486000.0,839990000.0,2079498000.0,111031000.0,509941000.0,3079698750.0,4066910750.0,13.618965410172018,1.669646067215086,0.3223174533761088,0.9356589097800244,0.029983239761612022,13.618965410172018,0.048873219270590615,2.29504218670355,14.366678873318282,2.8085833870633845,0.0,10.092262521277842,0.0,0.4215634161574198,1.422358599507137,0.016835933916658184,61.11968623481781,0.1649447198433257,-0.0434782608695651,5.2691389494418726,0.7353459575121037,0.3534933478077769,0.019084408797705267,-0.04772820157435542,-0.020305598332764678,0.2404770847870203,0.11209237775871574,0.03667973932377462,Engineering & Construction,Industrials,MTZ
2016Q3,2016,Q3,2016-11-03,2016-09-30,56277000.0,1586181000.0,108443000.0,0.69,217193000.0,0.1369282572,3214046000.0,1024835000.0,1422427000.0,942365000.0,2184466000.0,108444000.0,456350000.0,2392939880.0,3400259880.0,12.736882006412966,1.5094225698110604,0.3163448811871392,0.9921079978728283,0.03149279476441838,12.736882006412966,0.054913229934574835,1.5086171628584633,10.630185866339712,2.3349513629023204,0.0,12.623916491461031,0.0,0.49351533861058616,1.3003740588837658,0.017509705834950713,32.55877707630347,0.13692825724176497,1.2999999999999998,0.8611751027021888,0.9303503966589791,0.24196197334459202,0.32255727003690127,1.3363085353703088,0.9832659704822693,0.16868184143933632,0.19724630147340186,0.00791659774299097,Engineering & Construction,Industrials,MTZ
2016Q2,2016,Q2,2016-08-04,2016-06-30,24088000.0,1232404000.0,54679000.0,0.3,164222000.0,0.1332533812,3123943000.0,965724000.0,1321842000.0,866434000.0,2153727000.0,115799000.0,400073000.0,1793434320.0,2853483320.0,12.01881743848863,1.525611875803581,0.34213396339177765,1.106741677746437,0.015623183564641386,12.01881743848863,0.024942944360914713,1.4552324724684438,18.61335851876453,1.8570878636132064,0.0,9.224449261219872,0.0,0.3945027165988624,1.2692922946237106,0.007710768090198829,-47.303941128372855,0.13325338119642585,9.356545961002784,-0.44243981578292313,0.6902041555070231,0.1845514186335876,0.8282641610260064,9.360985768830266,6.604867872044506,-0.3415821741705873,0.20397484338936694,0.007531964427042244,Engineering & Construction,Industrials,MTZ
2016Q1,2016,Q1,2016-05-05,2016-03-31,-2881000.0,974225000.0,7190000.0,-0.0359,89824000.0,0.092200467,2986628000.0,940229000.0,1198536000.0,811662000.0,2042767000.0,99405000.0,375986000.0,1622357439.9999998,2631249440.0,11.729989021408255,1.4766442188989999,0.3391038321478269,1.0771599259329376,0.0021349464387251534,11.729989021408255,-0.0030641471386226122,1.6652800328466215,-140.78075668170774,1.7254918110375237,0.0,8.896946833660278,0.0,0.3261956293184153,1.2009740507748299,-0.000964633024266832,646.8729824561402,0.09220046703790193,0.9626041666666666,-1.1335553694081246,0.5411652636926104,0.3231198441385514,-0.19217936380887285,0.9625537777662243,1.1266558624577228,-1.1498898378428803,0.01355710858691909,0.02011831110621606,Engineering & Construction,Industrials,MTZ
2015Q4,2015,Q4,2016-02-26,2015-12-31,-76937000.0,1027424000.0,-56768000.0,-0.96,111193000.0,0.1082250366,2940197000.0,939570000.0,1132902000.0,752789000.0,1996806000.0,90599000.0,378678000.0,1389009600.0,2407143600.0,11.756381381381381,1.5049396311582661,0.34797600296850856,1.0889215279329907,-0.03259645675628313,11.756381381381381,-0.08188533052353736,1.3519341576603232,-4.5134642629684025,1.4783460519173663,0.0,10.113036567732536,0.0,0.3494405306855289,1.216920013443342,-0.02616729423232525,14.90881535307566,0.10822503659638086,-11.666666666666668,-2.9604467110251176,0.3797214473690376,0.41177888533920937,-0.19599563265099532,-11.099369913363088,-3.2762741088255343,-3.0293503156165165,0.05629604558385137,0.050702618453314856,Engineering & Construction,Industrials,MTZ
2015Q3,2015,Q3,2015-11-03,2015-09-30,7618000.0,1111010000.0,24939000.0,0.09,138299000.0,0.1244804277,3245786000.0,1020490000.0,1238314000.0,787410000.0,2221302000.0,90512000.0,455441000.0,1263946350.0,2434204350.0,12.780887970442732,1.5726419527311057,0.362750963865147,1.1537712275475507,0.00619124296226314,12.780887970442732,0.0074650413036874445,1.137655241626988,41.478942964032555,1.2385680898391949,0.0,10.746762860173236,0.0,0.3422930532080673,1.309170571874881,0.002347043212337474,17.454447344436158,0.12448042771892243,2.8789144050104385,-0.7580126732496821,0.6757030880081795,0.6630818414239442,0.14597868779105416,2.994240837696335,1.538578990228013,-0.7986132579765145,-0.006644943349406349,0.1935280388221849,Engineering & Construction,Industrials,MTZ
2015Q2,2015,Q2,2015-08-17,2015-06-30,-3820000.0,1066629000.0,9824000.0,-0.0479,120682000.0,0.1131433704,3356903000.0,1022982000.0,1354265000.0,852968000.0,2329752000.0,103299000.0,447824000.0,1586222100.0,2796612100.0,12.814505824877866,1.587709034805526,0.3619839477041785,1.1878459249527362,0.007057007093198069,12.814505824877866,-0.0037341810510839878,1.4871357332305797,-103.81034685863874,1.55058652058394,0.0,9.15736841595756,0.0,0.31774197824602024,1.326726207782707,-0.001137953643581599,86.88771362839614,0.11314337037526638,0.38193548387096776,-1.2493131443115333,1.0529268355642358,0.7627374921855864,0.03275882725452274,0.40200375704445834,162.73333333333332,-1.1276103235392756,0.08060856595259783,0.2608169190184974,Engineering & Construction,Industrials,MTZ
2015Q1,2015,Q1,2015-08-07,2015-03-31,-6388000.0,1003268000.0,60000.0,-0.0775,116854000.0,0.116473365,3351016000.0,1029191000.0,1358173000.0,881485000.0,2317536000.0,100379000.0,451524000.0,1590262100.0,2714517100.0,12.490636795028946,1.540778345632654,0.3440586377385247,1.1202449302413255,1.635422104019538e-05,12.490636795028946,-0.006206816810485128,1.5850820518545394,-62.23630635566687,1.5451574100434224,0.0,8.830671754052142,0.0,0.29939218434051046,1.3176525976051776,-0.0019062875259324337,16.03636427807918,0.11647336504303935,-1.2980769230769231,-1.7950005489858385,1.0552322223183268,0.7670803100549721,-0.314896461152412,-1.2829177554364675,-0.9989774179804005,-1.4409996272735184,0.26088706906538134,0.21463093044447176,Engineering & Construction,Industrials,MTZ
2014Q4,2014,Q4,2015-07-31,2014-12-31,22579000.0,1233623000.0,58675000.0,0.26,170564000.0,0.1382626621,3563980000.0,1143661000.0,1531751000.0,980848000.0,2415905000.0,112804000.0,457788000.0,1861051710.0,2971782710.0,13.894388356355773,1.5616599106079638,0.3184052660228172,0.9922433308471654,0.015424860288185594,13.894388356355773,0.019742738451341786,1.5086065272777827,20.60600236945835,1.6272756612317811,0.0,9.423947732349916,0.0,0.3461363419547809,1.3535828181328808,0.006335332970443156,8.319408627626284,0.13826266209368665,-0.5094339622641509,0.1464315698816218,1.2950262925780824,0.9992311781794475,-0.08610925067645404,-0.5012480395838396,-0.31029010720331013,1.5836855573264998,0.5605219504000363,0.38086570057217256,Engineering & Construction,Industrials,MTZ
2014Q3,2014,Q3,2014-10-30,2014-09-30,45271000.0,1309596000.0,85072000.0,0.53,186635000.0,0.1425134164,3470126000.0,1124049000.0,1573952000.0,910874000.0,2341239000.0,105038000.0,435208000.0,2505052820.0,3658072820.0,13.739582696703378,1.7279579832117284,0.33430688107578804,1.0320608799082602,0.023087362823867218,13.739582696703378,0.04027493463363252,1.9128439763102514,13.833650791897682,2.2285975255527117,0.0,10.690997543746073,0.0,0.3773914837674482,1.5336555879298344,0.013045923980858331,1087.2625086805556,0.14251341635130224,0.4324324324324325,0.9360724876733062,2.0515091145904023,1.0649567718139352,0.214541833965653,0.4125117004680187,0.36383602930567355,0.47250068721198757,0.5674722749247882,0.3397344208996572,Engineering & Construction,Industrials,MTZ
2014Q2,2014,Q2,2014-08-11,2014-06-30,32050000.0,1104556000.0,62377000.0,0.37,153667000.0,0.1391210586,3395870000.0,1086616000.0,1489652000.0,868474000.0,2304556000.0,115627000.0,389937000.0,2412250580.0,3561906580.0,13.883095478414187,1.7152522700737156,0.34323457611746033,1.0726696459466822,0.01715084699029781,13.883095478414187,0.02949524026887143,2.1839097157590923,18.816307176287054,2.2199660045499052,0.0,8.223762615997993,0.0,0.32526451248133764,1.5022027141860321,0.009437934903279571,55.19897897073294,0.13912105859730065,0.9473684210526315,0.6314292026555943,1.7530081444731753,1.1889006349169893,0.24957918276072372,1.0002496411408601,0.7420823325699604,-0.2384112059634376,0.5551608188347728,0.36829105926157274,Engineering & Construction,Industrials,MTZ
2014Q1,2014,Q1,2014-05-01,2014-03-31,16023000.0,964029000.0,35806000.0,0.19,122975000.0,0.1275635899,3013407000.0,1031831000.0,1357936000.0,820389000.0,1976560000.0,89146000.0,357887000.0,3359866800.0,4244889800.0,13.340629646389553,1.6552342851988509,0.2967684086484169,0.8666961934657904,0.011528693917942628,13.340629646389553,0.015528705766738933,3.4852341578935904,52.42256131810522,3.2562181209907433,0.0,9.434568012025217,0.0,0.31991330742909935,1.4686459716061526,0.0053172372666553175,-60.05338528633731,0.12756358989200534,-0.6481481481481481,0.3119552586279864,1.7522769638673437,1.2041913052532078,-0.2852368497529788,-0.6139129177610179,-0.5485083095856556,-0.23022160086060434,0.5804611811603587,0.5047969598459136,Engineering & Construction,Industrials,MTZ
2013Q4,2013,Q4,2014-02-27,2013-12-31,41501000.0,1159130000.0,79306000.0,0.54,172050000.0,0.1484302882,2919638000.0,1016089000.0,1305983000.0,825546000.0,1898580000.0,70185000.0,341865000.0,2530728400.0,3324602400.0,13.137100006464541,1.5819627252751511,0.27976105256884587,0.8038675745923831,0.026658671798583854,13.137100006464541,0.04084386308679653,2.1832998887096355,15.244984458205826,2.490656231885199,0.0,14.063973783571988,0.0,0.39701154732196253,1.4017716759574876,0.014214433433185895,50.07971662642973,0.14843028823341645,0.0,1.2325114680109688,1.735481539700986,1.2398504978410032,-0.08607034150850186,-0.10050283930816246,-0.13828735344930623,0.0927016197205303,0.6084111923870785,0.5775841053513854,Engineering & Construction,Industrials,MTZ
2013Q3,2013,Q3,2013-10-31,2013-09-30,46138000.0,1269385000.0,92033000.0,0.54,188253000.0,0.1483025245,2954338000.0,974212000.0,1332316000.0,882229000.0,1975251000.0,63255000.0,300366000.0,2335917900.0,3166332900.0,12.636841217749991,1.510170261916124,0.28204728098139076,0.8553199919524703,0.031146595091389454,12.636841217749991,0.04735930167150477,1.840196551873545,12.657234275434565,2.3977511055088625,0.0,17.091644929254603,0.0,0.4296681693157655,1.3918699113268778,0.015617035017658779,29.05551215871634,0.14830252445081674,0.3170731707317075,0.6771808556858586,1.7974941987832627,1.3132227857439904,0.2147784395588795,0.3204544804098337,0.3838092230892989,0.5179001271853344,0.9829202283397326,0.6443381094333817,Engineering & Construction,Industrials,MTZ
2013Q2,2013,Q2,2013-08-01,2013-06-30,34941000.0,977624000.0,66507000.0,0.41,154969000.0,0.158515953,2820906000.0,915441000.0,1272242000.0,798608000.0,1900593000.0,67015000.0,254226000.0,2497919550.0,3341028550.0,11.928968869313666,1.5930744495422033,0.30359182475417473,0.9355097707006786,0.023272411500804203,11.928968869313666,0.03816848928549191,2.5550922951973356,17.872410277324633,2.7286516007039228,0.0,12.27568454823547,0.0,0.3465638344560223,1.4140792478913309,0.012386446056692424,-39.788460496973556,0.15851595296351154,0.8636363636363635,0.9445899587562195,1.8067947817620391,1.3710608589180964,0.2187984176045427,0.9020685900925421,0.481488906709436,1.3722246721952236,0.9573595733042315,0.6409248203884066,Engineering & Construction,Industrials,MTZ
2013Q1,2013,Q1,2013-05-02,2013-03-31,18370000.0,918648000.0,44892000.0,0.22,127149000.0,0.1384088356,2540866000.0,880889000.0,1145749000.0,691729000.0,1655211000.0,70395000.0,219285000.0,2173368960.0,2798795960.0,11.498655492898914,1.656355306774763,0.2891431504062001,0.8340142742161611,0.01695241368346038,11.498655492898914,0.020853932788353582,2.365834313033937,29.57769406641263,2.4672449763818145,0.0,11.24368207969316,0.0,0.36154917260493075,1.4626349336228495,0.007229818494954083,364.35355574182734,0.13840883559317607,-0.5319148936170213,1.070545918167951,2.075191948264735,1.4108903422149108,-0.08009029149393354,-0.4945103326820946,-0.16625807889458435,1.4589457806572836,1.0240924696249911,0.6267423388448653,Engineering & Construction,Industrials,MTZ
2012Q4,2012,Q4,2013-02-28,2012-12-31,36341000.0,932358000.0,53844000.0,0.47,138219000.0,0.1482467035,2407934000.0,857172000.0,1047068000.0,705702000.0,1545999000.0,83939000.0,200915000.0,1909837440.0,2482374440.0,11.1890664160401,1.4837254251794667,0.24872733222754445,0.6987150770207147,0.0222829906971162,11.1890664160401,0.042396391856010227,2.0483949727465203,13.138310998596626,2.2280679256905263,0.0,9.460906134216515,0.0,0.38720247315748685,1.2802599397479388,0.015092191065037498,67.94156670224119,0.14824670351946356,0.04444444444444436,3.3924894276272037,1.98828614095355,1.3898393187242264,-0.033406528853953954,0.006731674885035182,-0.3082467207112299,0.9825495963980563,0.8636813646216348,0.6099687053468131,Engineering & Construction,Industrials,MTZ
2012Q3,2012,Q3,2012-11-01,2012-09-30,36098000.0,1067300000.0,77837000.0,0.45,142996000.0,0.1339791999,2195900000.0,815923000.0,1025562000.0,749500000.0,1379934000.0,91037000.0,164574000.0,1529213580.0,1971738580.0,10.708494107147544,1.3683282188125416,0.20629218088255385,0.5551957721500681,0.03716752534034276,10.708494107147544,0.04424191988704816,1.432787013960461,10.590708488004877,1.874213105893571,0.0,10.153058646484396,0.0,0.48604216949770024,1.1788845897264844,0.016438817796803132,13.656253226051312,0.13397919985008902,0.21621621621621626,1.978409695995272,2.4857492722099566,1.322541450841822,0.19072044765679647,0.19958793034693606,0.32916104574716964,0.6575841828667299,1.6702674918704354,0.6094067709778076,Engineering & Construction,Industrials,MTZ
2012Q2,2012,Q2,2012-08-02,2012-06-30,30092000.0,992244000.0,58561000.0,0.37,120092000.0,0.1210307142,2227322000.0,815623000.0,1059588000.0,719740000.0,1411652000.0,107795000.0,137753000.0,1206944960.0,1699980960.0,10.163653129634014,1.4721816211409675,0.22890718091052842,0.6251049811003367,0.02662937820425369,10.163653129634014,0.03689449659953189,1.2163791970523379,10.027124817227168,1.4797828898890786,0.0,8.090839092722296,0.0,0.4454874508490465,1.272605385278017,0.01351039499452706,-15.677053047228139,0.12103071421948633,1.176470588235294,0.5529917392853064,2.1771631574455466,1.015894262992947,0.2800392244641277,1.1233418007338414,0.8207001616714339,0.4939683847315735,1.4120615979526425,0.6024687594436362,Engineering & Construction,Industrials,MTZ
2012Q1,2012,Q1,2012-05-03,2012-03-31,14172000.0,778476000.0,32164000.0,0.17,93819000.0,0.1205162394,2070292000.0,829003000.0,823728000.0,578591000.0,1241239000.0,100827000.0,107661000.0,1458325350.0,1899472350.0,10.2834832227253,1.4236792483809806,0.22280818357990081,0.5564250069058857,0.0150194910190008,10.2834832227253,0.017095233672254503,1.8733080403249425,25.7254683530906,1.759131571297088,0.0,6.790413282156565,0.0,0.3760223195568548,1.187704267781559,0.006845411178712954,49.690791536050156,0.1205162394216392,0.5454545454545455,5.886039677761638,1.6211401447251368,1.1608650463739598,0.105860581343266,0.655800911321416,1.9463061578746066,0.11332694751082772,1.1323753333724162,0.6990775479163962,Engineering & Construction,Industrials,MTZ
2011Q4,2011,Q4,2012-02-29,2011-12-31,8559000.0,774231000.0,-33989000.0,0.11,84838000.0,0.1095771159,2081145000.0,811155000.0,822510000.0,580247000.0,1269938000.0,88992000.0,93489000.0,1400282550.0,1874918550.0,10.062085219872232,1.4175170229229965,0.23780947507261627,0.6101373966751115,-0.014864572152631393,10.062085219872232,0.010551620836954713,1.8086108022024434,40.90088065194532,1.7262823381474566,0.0,7.746685095289465,0.0,0.37202165154278055,1.1803749093058646,0.004112639916968784,44.44071693801771,0.10957711587368628,-0.6944444444444444,1.7086826475550834,1.605895621129281,1.1600836286603442,-0.2950609897962575,-0.7312040700960994,-1.5666249895807285,-0.5582520438730444,0.7530269146807426,0.7155663409701586,Engineering & Construction,Industrials,MTZ
2011Q3,2011,Q3,2011-11-03,2011-09-30,31842000.0,865313000.0,59985000.0,0.36,120348000.0,0.1390803097,2084352000.0,868965000.0,857352000.0,577977000.0,1215336000.0,96892000.0,84930000.0,1492130520.0,1927676520.0,10.255452485483643,1.4833669851914522,0.2168103084315893,0.5200543174926493,0.028052152796874532,10.255452485483643,0.03664359324023407,1.7243824142246793,11.715113058224986,1.7171353506758038,0.0,7.688612062915411,0.0,0.41514724960083516,1.2588788135168008,0.015276690309506263,-21.0711232242212,0.13908030966829343,-0.2941176470588236,4.205956445594936,1.615700827320167,1.1036029274586074,0.11680478095043662,-0.2843529464646919,0.15662720296170607,0.053146911327123,0.7350681972990281,0.8773003441883513,Engineering & Construction,Industrials,MTZ
2011Q2,2011,Q2,2011-08-03,2011-06-30,44494000.0,750942000.0,51862000.0,0.51,107761000.0,0.143501096,1996319000.0,839637000.0,788540000.0,553198000.0,1156619000.0,89433000.0,53087000.0,1631889160.0,1977015160.0,10.146302853068772,1.4254209161999862,0.21218152008772145,0.5044822941342508,0.02504354807814982,10.146302853068772,0.052991947710736904,2.1731227711327907,9.169152919494763,1.9435650882464681,0.0,7.191763666655485,0.0,0.3761633286062999,1.1958069262723292,0.022288021102839776,-26.202459216441877,0.14350109595681157,0.9615384615384615,2.4716726560088587,1.5316326881792135,1.0403395082698528,0.19815652831363478,1.1081209134843173,0.21034329856005973,1.2963488588623702,0.9993503724313862,1.0167293436003848,Engineering & Construction,Industrials,MTZ
2011Q1,2011,Q1,2011-05-04,2011-03-31,21106000.0,618492000.0,42849000.0,0.26,89939000.0,0.1454165939,1665859000.0,695278000.0,706455000.0,443072000.0,970509000.0,66191000.0,8594000.0,1631260800.0,1846851800.0,8.865401780021932,1.594447403582262,0.24826951140522696,0.594844076757786,0.02357158941976194,8.865401780021932,0.030356202842603965,2.637480840495916,19.322240121292523,2.3461993619818258,0.0,7.985269900741793,0.0,0.37127511992311474,1.361234742886032,0.012669739755885702,45.69229993557603,0.14541659390905623,-0.4693877551020408,4.777554462409652,1.1375228417553787,0.537651675289328,-0.2897664905672297,-0.4519487938511075,-0.20961761939018317,1.3237837107996635,1.0224194853477115,0.8587835373021774,Engineering & Construction,Industrials,MTZ
2010Q4,2010,Q4,2011-02-23,2010-12-31,38511000.0,730740000.0,54213000.0,0.49,126633000.0,0.1732941949,1655828000.0,653081000.0,721674000.0,486544000.0,1002666000.0,57483000.0,-12512000.0,1144235340.0,1379181340.0,8.327353173692398,1.4832656450392976,0.24915027406228182,0.6316980588931541,0.02956423344050276,8.327353173692398,0.058968183119704906,1.565858362755563,7.427977331152138,1.7520573098895849,0.0,10.509315797714107,0.0,0.44131395289848946,1.2783365944292808,0.02325785045306638,10.4218462183037,0.17329419492569176,0.4000000000000001,5.682338300120487,2.6678522350377545,1.7490470483310188,0.225069654051544,0.28344331133773243,-0.1662873312213576,3.546871769667435,1.2877913797610054,0.7786145238054811,Engineering & Construction,Industrials,MTZ
2010Q3,2010,Q3,2010-11-03,2010-09-30,30006000.0,631947000.0,65026000.0,0.35,103368000.0,0.1635706792,1527839000.0,584864000.0,670155000.0,450236000.0,942821000.0,63172000.0,-51023000.0,785393280.0,1144724280.0,7.685062545989698,1.4884527225721622,0.3135821248181255,0.8191699266838103,0.034195317208281055,7.685062545989698,0.05130423483066149,1.2428151094949418,6.543635272945411,1.3428648027575643,0.0,8.36729880326727,0.0,0.4136214614236186,1.2311498858376495,0.019639503900607327,12.322600728003012,0.16357067918670395,0.9444444444444444,1.49514946415401,0.6719766604714869,0.9792956182494621,0.3291158771794476,1.0550647215944113,0.6306642927000526,1.8142523151387224,1.0663485617142845,0.6667961094043616,Engineering & Construction,Industrials,MTZ
2010Q2,2010,Q2,2010-08-04,2010-06-30,14601000.0,495113000.0,39877000.0,0.18,77772000.0,0.157079293,1368442000.0,553025000.0,536459000.0,325910000.0,815257000.0,48318000.0,-81029000.0,715086200.0,1084148200.0,7.269662035150447,1.6460341812156731,0.32014071476905853,0.7921775688260024,0.023296445381500393,7.269662035150447,0.026402061389629763,1.4442888795083142,12.243788096705707,1.2930449798833688,0.0,8.63738151413552,0.0,0.3618078077112512,1.2962750452578933,0.010669798208473578,-48.77139544400491,0.15707929300987855,0.7999999999999998,7.408982161870834,0.3477731884581175,0.958826915173545,0.2671402502606882,0.9701794629604642,0.4808749257278669,-0.2051049741028335,0.6723780233605081,0.441890017657965,Engineering & Construction,Industrials,MTZ
2010Q1,2010,Q1,2010-05-05,2010-03-31,7411000.0,450231000.0,26928000.0,0.1,61376000.0,0.1363211329,1311692000.0,537179000.0,480544000.0,277864000.0,774314000.0,44067000.0,-95629000.0,958309560.0,1304655560.0,7.068516764040212,1.7294215875392278,0.34251867054156004,0.836367393364223,0.015925302923944097,7.068516764040212,0.013796146163569313,2.1284841781218975,32.327268924571584,1.7839669086096068,0.0,8.82417682165793,0.0,0.34324445067897036,1.2706683845334408,0.005649954410029184,33.29776094510076,0.13632113292954062,-0.5833333333333333,1.394939343902857,0.32476821000744216,0.9148757605724579,-0.1747209896463628,-0.5924439067311923,0.8745562130177514,2.8197972758099774,0.608072157882018,0.4853051708558108,Engineering & Construction,Industrials,MTZ
2009Q4,2009,Q4,2010-02-25,2009-12-31,18184000.0,496281000.0,14365000.0,0.24,74370000.0,0.1498546187,1363449000.0,528162000.0,525807000.0,322784000.0,835287000.0,31770000.0,-103040000.0,949950000.0,1299825000.0,6.9498657824096,1.6289747942896797,0.3215345788511341,0.8300407829415974,0.01056988776097046,6.9498657824096,0.03442883054820301,1.914137353636347,13.060245270567531,1.7985958853533577,0.0,13.280169971671388,0.0,0.36398941214522873,1.2786662288093587,0.013336765804954935,28.721956824091432,0.14985461865354507,-0.1111111111111112,5.572908943484839,0.36736937070399045,0.7704700639813022,0.1993807150805554,-0.15985954537054148,-0.5690973992860785,2.5971412244038623,0.7719000999572321,0.49196622468680673,Engineering & Construction,Industrials,MTZ
2009Q3,2009,Q3,2009-10-28,2009-09-30,21644000.0,397248000.0,33337000.0,0.27,62007000.0,0.1560914089,1079113000.0,503864000.0,424810000.0,254734000.0,575249000.0,31774000.0,-121224000.0,920083050.0,1134463050.0,6.6536902293765765,1.6676611681204707,0.28699126041480366,0.6146420462664528,0.040020738549719964,6.6536902293765765,0.042956035755680105,2.3161426866843886,10.627460843651821,1.8260543519679915,0.0,10.550796248505067,0.0,0.36812456156120815,1.452063721372098,0.020057213656030463,33.22919029217379,0.15609140889318512,0.08000000000000007,2.2754138860048463,0.01576459737724152,0.6421638395942567,0.03678499172337686,0.13969775156653153,0.10350877192982456,3.438324545886956,0.3436101195694878,0.36480786827605494,Engineering & Construction,Industrials,MTZ
2009Q2,2009,Q2,2009-07-29,2009-06-30,18991000.0,387854000.0,30210000.0,0.25,59807000.0,0.1541997762,1064655000.0,479886000.0,430168000.0,262093000.0,584769000.0,34340000.0,-142868000.0,886758640.0,1121327640.0,6.342496894081573,1.641280003662822,0.2939600152161968,0.6521673897550668,0.03734970169989451,6.342496894081573,0.03957398215409493,2.2863207289340832,11.673406350376494,1.8478526983491914,0.0,9.552912055911474,0.0,0.36430017235630324,1.327849274875712,0.01783770329355519,-779.9108531222515,0.15419977620444805,0.5625,17.411528922726752,0.07242487788372645,0.6015954919896503,0.16826519250678804,0.5920026825383519,0.30807534098289674,1.6870107519725341,0.43010690768990745,0.27542486967649277,Engineering & Construction,Industrials,MTZ
2009Q1,2009,Q1,2009-04-29,2009-03-31,11929000.0,342119000.0,23095000.0,0.16,51193000.0,0.1496350685,1016652000.0,457234000.0,378107000.0,273017000.0,559418000.0,31283000.0,-161859000.0,913351140.0,1133212140.0,6.052391920154608,1.3849210855001703,0.2729390194481494,0.6068752542461847,0.031169920743416426,6.052391920154608,0.026089485908746945,2.6696884417410316,19.14140204543549,1.9975573557521968,0.0,9.299811399162484,0.0,0.33651534645089964,1.1014845229417949,0.011733611894728973,21.413024335349558,0.14963506849955718,-0.3333333333333333,1.3446736391586491,0.09406176986271571,0.5202868038841817,-0.07838407114695663,-0.343008206201465,-0.018820630469878495,3.216447403684009,0.22744619076816888,0.04975169839514057,Engineering & Construction,Industrials,MTZ
2008Q4,2008,Q4,2009-03-02,2008-12-31,18157000.0,413883000.0,23538000.0,0.24,55547000.0,0.1342094263,1090897000.0,443090000.0,439365000.0,334048000.0,647807000.0,32769000.0,-173788000.0,874822680.0,1131897680.0,5.8651682418658835,1.3152750502921735,0.2789795920238116,0.6868536866099438,0.030944802885582174,5.8651682418658835,0.040978130853776884,2.113695609628808,12.045253621192929,1.9743679162246945,0.0,10.935213158778113,0.0,0.3793969549829177,1.1215304387393428,0.01664410113878762,189.5607107258938,0.13420942633546196,-0.3142857142857143,1.194456774509895,0.14015369266791425,0.31324785213320977,-0.10674599983918952,-0.24703491747532555,-0.15845548802288165,3.291768135542671,1.1566274534250918,0.9362242848308219,Engineering & Construction,Industrials,MTZ
2008Q3,2008,Q3,2008-11-05,2008-09-30,24114000.0,397754000.0,27970000.0,0.35,62185000.0,0.1563403511,866697000.0,369170000.0,399526000.0,282257000.0,497527000.0,29574000.0,-191945000.0,898111620.0,1070986620.0,5.462872532480985,1.4154688811969234,0.23070115622876275,0.5416149741311591,0.04894075858575366,5.462872532480985,0.06531950050112414,2.2579574812572596,9.311101642199551,2.432786033534686,0.0,11.346757286805978,0.0,0.4589308604968057,1.1353801677194897,0.027822872353313786,43.261638728323696,0.15634035107126515,0.5217391304347825,1.7462940673000091,0.13990319853064273,-0.07849299491018899,0.36751478899566775,0.5324097610574479,0.43509492047203696,1.258186811604759,0.1851307297805361,0.40696833654754344,Engineering & Construction,Industrials,MTZ
2008Q2,2008,Q2,2008-07-30,2008-06-30,15736000.0,305034000.0,19490000.0,0.23,45473000.0,0.1490751851,762837000.0,338123000.0,305855000.0,212267000.0,424714000.0,23976000.0,-216059000.0,716426620.0,881551620.0,5.031068192301397,1.4408975488417888,0.25435315801409736,0.5738444293940371,0.03570625118381621,5.031068192301397,0.04653927712696267,2.3486779178714503,11.381968416370107,2.1188343295191396,0.0,10.825867534200867,0.0,0.3998678616794938,1.1522657784771067,0.020628260034581437,-341.96974701670644,0.14907518506133743,0.9166666666666669,3.067216476282515,0.042499075418205204,-0.1337281353806804,0.2937578240582679,1.0223621642462408,0.8896645336435912,9.258201150641789,-0.06011056803549328,0.35563272948623925,Engineering & Construction,Industrials,MTZ
2008Q1,2008,Q1,2008-04-29,2008-03-31,7781000.0,261992000.0,10314000.0,0.12,35148000.0,0.1341567681,689055000.0,320446000.0,335376000.0,176141000.0,368609000.0,22309000.0,-231794000.0,551605270.0,633740270.0,4.769464330897346,1.9040200748264176,0.23751079376827686,0.5107194347877646,0.02121711294644866,4.769464330897346,0.02428178226596681,2.10542791382943,17.72282707878165,1.7213673130574265,0.0,10.168272894347572,0.0,0.3802192858334966,1.5603919587148931,0.011292277104149887,-4881.4625663716815,0.13415676814559224,0.09090909090909087,11.5322294153225,0.03696394173269566,-0.16051413716128896,-0.056277521211470304,0.07235391400220507,-0.20813819577735124,1.4690233743595311,-0.12803707768949868,0.29205771776794615,Engineering & Construction,Industrials,MTZ
2007Q4,2007,Q4,2008-02-28,2007-12-31,7256000.0,273635000.0,13025000.0,0.11,37244000.0,0.1361083195,710749000.0,314565000.0,367407000.0,207945000.0,395872000.0,32402000.0,-239576000.0,683291790.0,790026790.0,4.681932516707101,1.766847002813244,0.22929754385866177,0.51809006087772,0.017401727465404804,4.681932516707101,0.023066774752435903,2.497092075209677,23.54230257717751,2.1721799628057794,0.0,7.295568174804025,0.0,0.3849952655578833,1.336815023203251,0.010208948588038816,52.59732045262105,0.13610831947667512,1.25,1.0478421676513578,0.03214530212326751,-0.17874455489266933,0.03464177570353085,1.2256499564622465,1.5393151422301354,3.063981924065401,-0.14722329304038004,0.19271675481718295,Engineering & Construction,Industrials,MTZ
2007Q3,2007,Q3,2007-11-06,2007-09-30,-32156000.0,266864000.0,-24151000.0,-0.44,35997000.0,0.1348889322,706971000.0,306186000.0,385097000.0,209436000.0,398595000.0,27669000.0,-246834000.0,1002760800.0,1051297800.0,4.6106794362125045,1.8387335510609446,0.23138148523772545,0.5342504229455298,-0.06335273608111777,4.6106794362125045,-0.10502113094654883,3.757572396426644,-7.796062943152133,3.2750053888812682,0.0,8.343886660161191,0.0,0.3774751722489324,1.4686252602226932,-0.04548418534847964,90.09530997304583,0.13488893219017928,-2.833333333333333,-10.820850069662589,-0.1689904025991562,-0.4206049491982587,-0.16202248760388296,-3.0222627507703916,-2.2955850008046776,-6.549080586595004,-0.2218708312173934,0.13793861527852147,Engineering & Construction,Industrials,MTZ
2007Q2,2007,Q2,2007-08-01,2007-06-30,15901000.0,256284000.0,18641000.0,0.24,42957000.0,0.1676148335,675326000.0,332020000.0,342464000.0,148162000.0,340337000.0,22960000.0,-214677000.0,1041810280.0,1104077280.0,5.04175904273089,2.3114158826149755,0.2423718322706367,0.4929823504608156,0.03751341866900352,5.04175904273089,0.04789169327148967,4.065061728395062,16.37963461417521,3.1377937473646167,0.0,9.291245644599304,0.0,0.3794967171410548,1.885949163753189,0.023545665352733346,387.8668205510052,0.16761483354403708,2.10077519379845,5.4345031732142965,-0.12473699797426063,-0.3671666476128147,0.41282683769116924,8.521556886227545,4.386015602427044,16.787788650405197,-0.18582876092767253,0.2731355946064094,Engineering & Construction,Industrials,MTZ
2007Q1,2007,Q1,2007-05-02,2007-03-31,1670000.0,240996000.0,3461000.0,0.0774,30405000.0,0.1261639197,659436000.0,311303000.0,339305000.0,154778000.0,345211000.0,23172000.0,-230578000.0,720208140.0,783818140.0,4.758965970587336,2.1922043184431894,0.24276654595745456,0.5142546008229923,0.005448955762739504,4.758965970587336,0.005364548366061361,2.988465119753025,107.81558982035928,2.3135277848270013,0.0,9.088166752977731,0.0,0.36545775480865467,1.7905774722505783,0.002532467138585094,73.82207257072571,0.12616391973310762,1.516,-0.04966820734087681,-0.13387345645451199,-0.4022282364136242,-0.06451910651652205,1.170408163265306,-0.4338295435956159,1.0557264361707372,-0.1099482658583039,0.19539402944563214,Engineering & Construction,Industrials,MTZ
