Quarters,Year,Quarter,FillingDate,Date,NetIncome,Revenue,OperatingIncome,EPSDiluted,GrossProfit,GrossProfitRatio,TotalAssets,CommonStockEquity,CurrentAssets,CurrentLiability,TotalLiability,Inventory,RetainedEarnings,MarketCap,EnterpriseValue,bookValuePerShare,currentRatio,debtToAssets,debtToEquity,roic,shareholdersEquityPerShare,roe,priceToSalesRatio,peRatio,pbRatio,payoutRatio,inventoryTurnover,dividendYield,assetTurnover,quickRatio,returnOnAssets,priceToFreeCashFlowsRatio,grossProfitMargin,epsdilutedGrowth,fiveYNetIncomeGrowthPerShare,fiveYRevenueGrowthPerShare,fiveYShareholdersEquityGrowthPerShare,grossProfitGrowth,netIncomeGrowth,operatingIncomeGrowth,threeYNetIncomeGrowthPerShare,threeYRevenueGrowthPerShare,threeYShareholdersEquityGrowthPerShare,Industry,Sector,Symbol
2023Q1,2023,Q1,2023-05-05,2023-03-31,-18540000.0,527778000.0,33520000.0,-0.22,72432000.0,0.1372395212,6402034000.0,2099808000.0,628848000.0,455960000.0,4302226000.0,-571316000.0,319599000.0,788096910.0,3661787910.0,25.072034960776588,1.3791736117203264,0.45144511884816607,1.3763958419055458,0.00370851322747392,25.072034960776588,-0.008829378686051296,1.4932356217955276,-10.626980987055015,0.3753185576967037,-0.6472491909385113,-0.7970125114647586,0.015226553800344173,0.08243911231961593,1.2891306254934642,-0.0028959546294193375,105.8558643384822,0.13723952116230687,-1.261904761904762,0.317416574121655,1.0218381126355185,1.2601435403046948,-0.6455943946451638,-1.2167179043589054,-0.7956807694886533,-0.5198624190703962,0.18570434425553853,1.2960798112714988,Broadcasting,Communication Services,SSP
2022Q4,2022,Q4,2023-02-24,2022-12-31,85549000.0,680941000.0,164057000.0,0.84,204376000.0,0.3001376037,6431005000.0,2130825000.0,643941000.0,485005000.0,4300180000.0,-600098000.0,350715000.0,1100771450.0,3955149450.0,25.532622371337848,1.3276997144359337,0.4466494739158188,1.3480248260650218,0.02237252260813739,25.532622371337848,0.04014829936761583,1.616544531758258,3.2167864323370234,0.5165940187486068,0.14027048825819122,-0.7941452896026983,0.01090144552713463,0.10588407255164628,1.2744713972020907,0.01330258645421672,10.4933313950163,0.30013760369841147,1.2105263157894737,11.025856720788337,2.246556784118581,1.2291269270594907,-0.3188533796371902,0.8497880989448192,0.577001086214686,6.730646633605737,0.4858519425336434,1.3011448831432764,Broadcasting,Communication Services,SSP
2022Q3,2022,Q3,2022-11-08,2022-09-30,46248000.0,612101000.0,104031000.0,0.38,300047000.0,0.4901919781,6425224000.0,2059211000.0,652847000.0,467476000.0,4366013000.0,0.0,277742000.0,939467200.0,3997662200.0,24.70262715930902,1.3965358649427992,0.48191596121785013,1.5036914624096316,0.014693162915657244,24.70262715930902,0.022459087485449523,1.5348238280937296,5.078420688462204,0.4562267781203577,0.2594706798131811,0.0,0.01277319740380505,0.09526531682008285,1.2791480204331345,0.007197881350128805,11.513078431372548,0.49019197812125775,0.1875,2.7057079608906798,1.7830957677188486,1.186567809581847,0.04927314246547558,0.10800191662673694,0.1691635104912395,3.0617761987165344,0.697849409620005,1.235739134792253,Broadcasting,Communication Services,SSP
2022Q2,2022,Q2,2022-08-05,2022-06-30,41740000.0,594467000.0,88979000.0,0.32,285957000.0,0.4810309067,6535670000.0,2019614000.0,695407000.0,470980000.0,4516056000.0,0.0,244070000.0,1038376900.0,4167341900.0,24.253800888675393,1.4765106798590173,0.4876626267850121,1.5781243346500866,0.0125321345573168,24.253800888675393,0.020667315635562043,1.746735983662676,6.219315404887399,0.5141462180396849,0.2874940105414471,0.0,0.011556497452899809,0.09095731577634733,1.3572487154443926,0.006386491362017972,19.075537797373013,0.4810309066777466,0.3333333333333334,3.8279437556861526,1.5345372240818647,1.0893068713612455,0.06751358857962012,0.8663089649005142,0.24835500932979784,111.69101960112636,0.709627269696124,1.138476277745802,Broadcasting,Communication Services,SSP
2022Q1,2022,Q1,2022-05-06,2022-03-31,22365000.0,565706000.0,71277000.0,0.24,267872000.0,0.4735180465,6541861000.0,1984029000.0,627744000.0,457339000.0,4557832000.0,0.0,214907000.0,1721162520.0,4894634520.0,23.96517611248007,1.3726010683541092,0.4904564618538975,1.6171628539703804,0.008291728937289758,23.96517611248007,0.011272516681963822,3.0425035619208565,19.239464788732395,0.8675087511321659,0.5365526492287056,0.0,0.006972031903181345,0.08647478141158915,1.3099101541744744,0.0034187519422989882,69.69962420021058,0.4735180464764383,-0.5862068965517241,12.435515820584053,1.6580976840639796,1.0761300180655227,-0.20018631426199845,-0.5765567904273246,-0.42355376913683085,4.198361799604873,0.8868022527362089,1.1074771685258935,Broadcasting,Communication Services,SSP
2021Q4,2021,Q4,2022-02-25,2021-12-31,52817000.0,622291000.0,123649000.0,0.58,334918000.0,0.5382015809,6658314000.0,1970434000.0,702281000.0,511880000.0,4687880000.0,0.0,205118000.0,1597013550.0,4792687550.0,23.874498685374334,1.3719641322184888,0.48989834363473994,1.6554205824706638,0.01625721230974646,23.874498685374334,0.026804754688560996,2.5663452468378942,7.559183359524396,0.8104882223916153,0.227199575894125,0.0,0.007514025162779614,0.09346074696987856,1.2493572712354457,0.007932488614985715,24.671922601575776,0.5382015809323933,-0.10769230769230778,0.3754995588951732,1.278379022879282,1.079722778175594,0.24288598275119866,-0.10019080718252751,0.06941525475035244,0.43587831473897526,0.6523095261888617,1.0794695701634829,Broadcasting,Communication Services,SSP
2021Q3,2021,Q3,2021-11-05,2021-09-30,58698000.0,555243000.0,115623000.0,0.65,269468000.0,0.4853154385,6580549000.0,1902967000.0,660167000.0,459827000.0,4677582000.0,0.0,164891000.0,1489624920.0,4738630920.0,23.071300404936835,1.4356855947997833,0.5047016593904248,1.7452819728350517,0.016863648464592762,23.071300404936835,0.03084551650133712,2.6828342185313456,6.344444955535111,0.7827907262711333,0.2044362669937647,0.0,0.008055719153785371,0.08437639473545444,1.2996561750397433,0.00891992446222952,30.23575456187712,0.4853154384656808,43.21768707482993,3.730099931373275,1.404215163968865,1.0726176938808716,-0.09084529376438119,47.39076669414674,0.036698646104187216,2.02989934856159,0.8112397431310371,1.074973124978375,Broadcasting,Communication Services,SSP
2021Q2,2021,Q2,2021-08-06,2021-06-30,1213000.0,565077000.0,111530000.0,0.0147,296394000.0,0.5245196672,6562199000.0,1850739000.0,690133000.0,469328000.0,4711460000.0,0.0,118770000.0,1679748590.0,4970757590.0,22.46560493317634,1.470470545119831,0.5146087462449707,1.8246576097439995,0.0018221949430288025,22.46560493317634,0.0006554138644076771,2.9726012384152956,346.1971537510305,0.9076096575476066,9.892827699917559,0.0,0.007143926222911727,0.08611092104948356,1.3054729315105853,0.00018484657353426802,103.02677809126595,0.5245196672311915,-0.6549295774647887,-0.8926274214508924,1.5223102868105127,1.0359250174620989,0.07184857843385432,-0.6537253782472167,0.9492117865007516,-0.7893708772382253,0.9804737666276108,1.0158989257742612,Broadcasting,Communication Services,SSP
2021Q1,2021,Q1,2021-05-10,2021-03-31,3503000.0,540921000.0,57218000.0,0.0426,276526000.0,0.5112132825,6898680000.0,1569187000.0,1072737000.0,431810000.0,5329493000.0,0.0,125702000.0,1585572559.86,4877014559.86,19.070860744884435,2.484280123202334,0.5551246035473453,2.440516649704592,0.0015766593854976024,19.070860744884435,0.0022323661870764923,2.9312460781888667,113.1581901127605,1.010442069594,2.588352840422495,0.0,0.005718439022936031,0.0784093478752457,2.4122623376021863,0.0005077782996167383,34.828611968369025,0.5112132825310904,-0.9695714285714286,-0.26868778774483115,1.6348011644009701,0.7438706633634724,-0.07235301616268694,-0.9693528490564387,-0.6755116739351114,1.1312718908717512,1.109184314070683,0.7191617189443268,Broadcasting,Communication Services,SSP
2020Q4,2020,Q4,2021-02-26,2020-12-31,114301000.0,591110000.0,176333000.0,1.4,298094000.0,0.5042953088,4859386000.0,1163265000.0,2094185000.0,358456000.0,3696121000.0,0.0,131778000.0,1246471380.0,3646518380.0,14.269338338117318,5.84223726203495,0.6124370445155005,2.5583749188705927,0.031761534591258286,14.269338338117318,0.09825878024353867,2.10869614792509,2.726291502261572,1.0715283104021869,0.036386383321230786,0.0,0.003336618928226014,0.1216429400751453,2.8382869864083737,0.02352169595088762,11.297767404762121,0.5042953088257685,0.9718309859154929,6.560495349758944,1.9659307086233107,0.326788429166564,0.34605815124380807,0.9532622440958337,0.6443911855492246,15.448589171055099,1.8850899726857455,0.24578532742200926,Broadcasting,Communication Services,SSP
2020Q3,2020,Q3,2020-11-06,2020-09-30,58518000.0,493262000.0,107233000.0,0.71,221457000.0,0.4489642421,3586127000.0,923067000.0,821664000.0,387609000.0,2663060000.0,0.0,-108730000.0,932611680.0,2755707680.0,11.322918966659307,2.1198269390029645,0.5442205476827786,2.1143037287650843,0.027342439192838408,11.322918966659307,0.0633951814982011,1.8907024664377146,3.9842940633651187,1.0103401811569475,0.0710208824635155,0.0,0.004456302756148197,0.13754727593306093,1.37105433568364,0.016317882774369116,12.60882417359562,0.4489642421269021,4.227272727272727,3.469973441484488,1.6827997065100477,0.06709897151989264,1.280452265963691,3.6547203193757656,33.83853151397011,3.206907216535792,1.2933249795588797,0.0022549408746178564,Broadcasting,Communication Services,SSP
2020Q2,2020,Q2,2020-08-07,2020-06-30,-22043000.0,358883000.0,3078000.0,-0.22,97111000.0,0.2705923658,3547845000.0,863614000.0,616577000.0,291602000.0,2684231000.0,0.0,-163092000.0,712407500.0,2687715500.0,10.607163035201062,2.1144470888402687,0.5846481455644201,2.401814931207692,0.0007356735640187696,10.607163035201062,-0.02552413462495976,1.9850689500477872,-8.079747538901238,0.8249142556744101,-0.18831375039695142,0.0,0.005826721363826181,0.10115520830250475,1.6207261952935852,-0.006213067369064883,14.449870187821995,0.2705923657570852,-0.46666666666666673,0.2766364499127812,0.8665986137954941,-0.037752813694088276,-0.28604302371744916,-0.8666271487848252,-0.7903269754768393,-3.6076457545994898,0.5649192912200989,-0.08626203716208847,Broadcasting,Communication Services,SSP
2020Q1,2020,Q1,2020-05-08,2020-03-31,-11809000.0,430906000.0,14680000.0,-0.15,136018000.0,0.3156558507,3695675000.0,885320000.0,670810000.0,274271000.0,2810355000.0,0.0,-136898000.0,611320580.0,2642484580.0,10.919496281312826,2.4457926649190034,0.5982103404655442,2.4971659964758506,0.004883934136122789,10.919496281312826,-0.013338679799394569,1.4186866277099879,-12.941836311288002,0.6905080422897936,-0.34787026843932595,0.0,0.006719878463767734,0.11659737395739614,2.2250875958449856,-0.0031953567345613452,-201.48997363216876,0.31565585069597546,-2.153846153846154,-0.637438859259184,0.4206182548328904,0.21496555253284683,-0.14703539961747092,-2.1004566210045663,-0.6564233388723758,-5.16551983898713,1.0674376159039742,-0.05403182078087644,Broadcasting,Communication Services,SSP
2019Q4,2019,Q4,2020-02-28,2019-12-31,10731000.0,444401000.0,42727000.0,0.13,159465000.0,0.3588313258,3561353000.0,897935000.0,577444000.0,299480000.0,2663418000.0,0.0,-120981000.0,1271363170.0,3277164170.0,11.095617037577076,1.9281554694804328,0.5724703504538865,2.2705084443751495,0.011018039966684143,11.095617037577076,0.011950753673706894,2.8608467802727717,29.61893509458578,1.4158743895716281,0.3820706364737676,0.0,0.0032248849870332484,0.12478431652240034,1.5900427407506343,0.003013180664764206,-21.876302051070272,0.35883132576209326,1.4814814814814814,-0.5211026422020087,0.2685052846478036,0.21522221732047708,0.4351735186118511,1.4930845931167578,1.476927536231884,-0.714989335277333,0.6593640289144289,-0.03345373676480023,Broadcasting,Communication Services,SSP
2019Q3,2019,Q3,2019-11-08,2019-09-30,-21763000.0,349777000.0,17250000.0,-0.27,111112000.0,0.3176652553,3506491000.0,893608000.0,534242000.0,244248000.0,2612717000.0,0.0,-127612000.0,1074046560.0,3044082560.0,11.048975604930945,2.187293242933412,0.586496015532337,2.3013927807271197,0.004690230204338764,11.048975604930945,-0.024354079193561383,3.0706609068063364,-12.337988328814962,1.2019213793967825,-0.1908744198869641,0.0,0.0038676163163727283,0.09975128982221829,1.8373251776882513,-0.006206489621675915,-103.93328430423844,0.3176652552912284,-59.00000000000001,-10.331177630770771,0.17638360409702278,0.16580236782677796,-0.06646614519882711,-58.46174863387978,-0.22199170124481327,-2.788545215306874,0.5445986044270155,-0.007411722091844575,Broadcasting,Communication Services,SSP
2019Q2,2019,Q2,2019-08-09,2019-06-30,-366000.0,337495000.0,22172000.0,-0.0045,119023000.0,0.3526659654,3047725000.0,916653000.0,721124000.0,218598000.0,2131072000.0,0.0,-101529000.0,1232535500.0,2776055500.0,11.341627279701072,3.2988590929468704,0.524992904543553,1.7455176604451195,-0.0010696529725806624,11.341627279701072,-0.00039927868015486774,3.6520111409057914,-841.8958333333333,1.3446042286448634,-11.147540983606557,0.0,0.0033102494816579318,0.11073669704451682,1.8674416051381988,-0.00012008957501086876,-68.96075085324232,0.35266596542170997,0.9467455621301775,0.9215489821986355,0.10416480618193599,0.19558575127490346,0.41753111415470734,0.9462870560610508,3.686535616148806,-1.0330225900839627,0.5355207502249728,0.027824658457095943,Broadcasting,Communication Services,SSP
2019Q1,2019,Q1,2019-05-10,2019-03-31,-6814000.0,292163000.0,4731000.0,-0.0845,83965000.0,0.2873909427,2173916000.0,917373000.0,397499000.0,197916000.0,1256543000.0,0.0,-97083000.0,1714301250.0,2425510250.0,11.371499758283441,2.008422765213525,0.3337806060583758,0.7909661609835912,0.0017209845680733764,11.371499758283441,-0.007427731140986273,5.867619274172294,-62.89628889051952,1.868706894578323,-0.592896976812445,0.0,0.0023566453095685484,0.1343947972230758,1.5950807413246024,-0.0031344357371673975,-63.40809476253884,0.28739094272717625,-1.1920454545454544,-6.740365709417239,-0.0033455849884550548,0.19378918940227824,-0.5108132042274035,-1.1895252134731455,-0.9433555632715126,-2.450911813817975,0.4514945815371596,0.03982851598529037,Broadcasting,Communication Services,SSP
2018Q4,2018,Q4,2019-03-01,2018-12-31,35953000.0,368113000.0,83521000.0,0.44,171642000.0,0.4662753013,2130061000.0,926165000.0,471017000.0,198059000.0,1203896000.0,0.0,-86229000.0,1268923370.0,1850573370.0,11.481052200969394,2.378165092219995,0.3233541199054863,0.7436731036046493,0.04051817402815012,11.481052200969394,0.03881921687820205,3.4471028461369198,8.82348740021695,1.3700834840444196,0.11217422746363308,0.0,0.0031782849109320134,0.1728180554453605,2.0584068383663454,0.01687885933783117,23.874830570659842,0.4662753013341012,0.9130434782608695,2.1730219753450646,0.15677608975515545,0.17761285774537525,0.48267611108711617,0.8793058386911295,1.0711965282083076,2.767529777712951,0.8665602010269897,0.06752863054709238,Broadcasting,Communication Services,SSP
2018Q3,2018,Q3,2018-11-09,2018-09-30,19131000.0,302726000.0,40325000.0,0.23,115765000.0,0.3824085146,2068030000.0,905652000.0,560932000.0,210193000.0,1162378000.0,0.0,-104021000.0,1322780479.9999998,1882249479.9999998,11.118842999558021,2.6686521435062063,0.33326982684003614,0.7610119560272599,0.018595509174459925,11.118842999558021,0.021124007897073048,4.369563499666365,17.285825100622024,1.4605836237318528,0.21640269719303748,0.0,0.003129771010833181,0.14638375652190733,1.828914378690061,0.009250832918284551,36.270372360844526,0.3824085146303918,1.090909090909091,2.4907407436176765,0.10158266565433044,0.24173893278472555,0.11422851477906003,2.3445804195804194,0.7946949129912324,1.8081901513749719,0.6479096097839129,0.047866364164233025,Broadcasting,Communication Services,SSP
2018Q2,2018,Q2,2018-08-03,2018-06-30,5720000.0,283395000.0,22469000.0,0.11,103897000.0,0.3666155013,2089925000.0,911864000.0,569556000.0,201372000.0,1178061000.0,0.0,-119012000.0,1095623360.0,1662219360.0,11.144211967149003,2.8283773315058696,0.3312630836034786,0.7592305431511717,0.01041860574439615,11.144211967149003,0.0062728652518358,3.866064538894476,47.885636363636365,1.2015205776299975,0.7162587412587412,0.0,0.003739423737734106,0.13560055982870198,1.8694108416264426,0.00273694032082491,-385.37578614139994,0.366615501332063,2.0,0.26090044934673134,-0.042739599003741566,0.19058612998141436,0.4362515378979527,1.2162652652274188,4.767197125256674,1.1867762591177997,0.4666617284794112,0.010966511346974047,Broadcasting,Communication Services,SSP
2018Q1,2018,Q1,2018-05-07,2018-03-31,-26449000.0,254191000.0,3896000.0,-0.11,72339000.0,0.2845852135,2083982000.0,904688000.0,561043000.0,194177000.0,1179294000.0,0.0,-120635000.0,977832460.0,1540209460.0,11.093116217475538,2.8893380781451974,0.3324222570060586,0.765746865217622,0.001971939441380628,11.093116217475538,-0.02923549334135083,3.846841390922574,-9.242622216340882,1.0808504810498205,-0.15596052780823472,0.0,0.004218514079600098,0.12197370226806181,1.8878857949190686,-0.012691568353277524,-154.06214904679376,0.28458521348120114,-2.2222222222222223,-5.839586603054829,-0.11618874869801891,0.16057426749501233,0.011507914312881033,-4.793602983362019,-0.6925019731649565,-2.645974530528792,-0.16688026318369406,0.23428349873075388,Broadcasting,Communication Services,SSP
2017Q4,2017,Q4,2018-02-28,2017-12-31,6972000.0,205563000.0,12670000.0,0.09,71516000.0,0.3479030759,2129548000.0,936853000.0,605534000.0,210788000.0,1192063000.0,0.0,-90061000.0,1278408960.0,1822984960.0,11.454090864632239,2.872715714367042,0.3255503045716744,0.7400040347845394,0.010919850098131774,11.454090864632239,0.007441935928048477,6.219061601552808,45.84082616179002,1.3645779647393987,0.0,0.0,0.0,0.09652893477864787,1.8694802360665692,0.00327393418697301,214.82254411023357,0.34790307594265507,1.2727272727272727,-0.8273144700154825,-0.4671410290062215,0.1731743330578826,0.10562117370601694,1.261280167890871,8.686544342507645,-0.6921478167535466,-0.4194430694919001,0.2544832478237845,Broadcasting,Communication Services,SSP
2017Q3,2017,Q3,2017-11-03,2017-09-30,-26684000.0,216450000.0,1308000.0,-0.33,64684000.0,0.2988403788,1686610000.0,926831000.0,354932000.0,108678000.0,757636000.0,0.0,-116202000.0,1567765290.0,1837065290.0,11.297443898633576,3.265904782936749,0.2346926675402138,0.42708433360558723,0.0005858949393066575,11.297443898633576,-0.028790577786025714,7.243082882882883,-14.68825222980063,1.6915330734513627,0.0,0.0,0.0,0.12833435115409017,2.978404092824675,-0.015821084898109225,-125.66249519076626,0.29884037884037884,-4.3,-2.4806888182653744,-0.3436964805842428,0.17937632393025046,-0.2425672431761496,-4.122761849034523,-0.9373952998611975,-12.69657226102945,-0.2823379522653367,0.1920188186078924,Broadcasting,Communication Services,SSP
2017Q2,2017,Q2,2017-08-03,2017-06-30,8545000.0,231820000.0,20893000.0,0.1,85399000.0,0.3683849538,1741381000.0,955406000.0,380057000.0,99027000.0,783832000.0,0.0,-88717000.0,1465798620.0,1714404620.0,11.608539282155963,3.837912892443475,0.22870066918152893,0.41684372926274277,0.009235158115814941,11.608539282155963,0.00894384167568552,6.323003278405659,42.88468753657109,1.5342154225533435,0.0,0.0,0.0,0.13312422726560127,3.533016248093954,0.004907024941698572,102.31736842105263,0.3683849538434993,5.237288135593221,0.05715103383880689,-0.28397711230111466,0.25998777191770595,0.4466315450680128,5.406910778751934,8.54259927797834,2.7986587227640563,-0.25520515344918804,0.22372247091040628,Broadcasting,Communication Services,SSP
2017Q1,2017,Q1,2017-05-05,2017-03-31,-1939000.0,211001000.0,-2770000.0,-0.0236,59033000.0,0.2797759252,1714263000.0,947454000.0,341799000.0,90921000.0,766809000.0,0.0,-96513000.0,1923931760.0,2184038760.0,11.54319618903739,3.7592965321542877,0.22888844943862172,0.41413620080763813,-0.0005684547513817456,11.54319618903739,-0.0020465373516814537,9.118116786176369,-248.05721505930893,2.0306334238918198,0.0,0.0,0.0,0.1230855475501717,3.5456935141496464,-0.0011310983203860784,358.0073985857834,0.2797759252325818,-1.051304347826087,0.706912409345376,-0.32017343956892536,0.2391933333617969,-0.5492941616595026,-1.0505777708219213,-1.0412497021682154,-1.1648774212186934,-0.2925430067083989,0.21181401877834302,Broadcasting,Communication Services,SSP
2016Q4,2016,Q4,2017-02-24,2016-12-31,38337000.0,272692000.0,67152000.0,0.46,130979000.0,0.4803184545,1728373000.0,945935000.0,345895000.0,104131000.0,782438000.0,0.0,-94077000.0,1592811329.9999998,1851644329.9999998,11.47965437312654,3.3217293601329096,0.2274885108712066,0.41565752403706385,0.031353847940158254,11.47965437312654,0.04052815468293276,5.841063654232613,10.386906448078879,1.68384860481957,0.0,0.0,0.0,0.15777381387003847,3.1439917027590245,0.022180975981457705,26.929706155848983,0.48031845452011795,2.0666666666666673,3.0502265378108127,-0.08170598645272294,0.2221037980723939,0.4233444176392602,2.0615716339242933,1.4575297346752059,2.3123045493723957,-0.16109122600923087,0.17746948238117988,Broadcasting,Communication Services,SSP
2016Q3,2016,Q3,2016-11-04,2016-09-30,12522000.0,233040000.0,27325000.0,0.15,92022000.0,0.3948764161,1684874000.0,926473000.0,292214000.0,106904000.0,758401000.0,0.0,-132386000.0,1323357000.0,1631630000.0,11.131479034002163,2.733424380752825,0.23541879096003618,0.42813012359777347,0.011681928879067893,11.131479034002163,0.01351577433988902,5.678668898043254,26.420639674173458,1.4283816150065893,0.0,0.0,0.0,0.1383130133173163,2.563552346030083,0.0074320097526580624,37.3629125610548,0.39487641606591145,0.07142857142857129,1.7974917974953744,-0.05205503880336388,0.18015867251879703,0.038306610852223366,0.09000696378830084,0.17224367224367224,1.9549046475747653,-0.17011158806450682,0.24315010982229357,Broadcasting,Communication Services,SSP
2016Q2,2016,Q2,2016-08-05,2016-06-30,11488000.0,227817000.0,23310000.0,0.14,88627000.0,0.3890271578,1687289000.0,924401000.0,277583000.0,104859000.0,762888000.0,0.0,-144249000.0,1326964320.0,1657966320.0,11.03459348477433,2.6472024337443614,0.23557375174021758,0.42998763523622324,0.010997763740136232,11.03459348477433,0.012427507110009617,5.824694030735196,28.877183147632312,1.4354855955370018,0.0,0.0,0.0,0.1350195491110296,2.468858180985895,0.006808555025250565,55.384795692641596,0.38902715776259017,1.3333333333333337,4.639528495038118,-0.12775160811519956,0.15609993184598353,0.25140493067126035,1.3502454991816695,1.6300349768701343,1.4734653775159496,-0.2483759345874086,0.17887509603037172,Broadcasting,Communication Services,SSP
2016Q1,2016,Q1,2016-05-06,2016-03-31,4888000.0,209498000.0,8863000.0,0.06,70822000.0,0.3380557332,1673425000.0,918236000.0,290644000.0,97205000.0,755189000.0,0.0,-155578000.0,1309014350.0,1611074350.0,10.935937593044722,2.9900108019134817,0.238022020706037,0.4337795512264821,0.008039582648992847,10.935937593044722,0.00532325023196651,6.248338170292795,66.95040660801965,1.4255750700255707,0.0,0.0,0.0,0.12519114988720736,2.8252456149375034,0.002920955525344727,65450.7175,0.3380557332289568,1.24,1.3840994295282232,-0.18809935232020697,0.11353682455155673,-0.08357811104928767,1.2313955690210188,1.2834346018548128,2.2277184096179563,-0.2925003780051334,0.14413006341939855,Broadcasting,Communication Services,SSP
2015Q4,2015,Q4,2016-02-26,2015-12-31,-21124000.0,204808000.0,-31270000.0,-0.25,77281000.0,0.3773338932,1680860000.0,900983000.0,302630000.0,119823000.0,779877000.0,0.0,-174038000.0,1591725000.0,1882807000.0,10.754795583407939,2.5256419885998516,0.2374635603203122,0.44300835864827637,-0.013293845910513791,10.754795583407939,-0.023445503411274132,7.771791140971056,-18.83787398220034,1.766653754843321,0.0,0.0,0.0,0.12184714967338148,2.37506989476144,-0.01256737622407577,100.80588980367321,0.3773338932072966,0.13793103448275856,-1.5772331025174176,-0.34852622908806813,0.07180515263087664,0.2440598840952994,0.1357852964038784,-9.539049699617696,-1.5108237953340582,-0.4816648718056596,0.10154968079551524,Broadcasting,Communication Services,SSP
2015Q3,2015,Q3,2015-11-06,2015-09-30,-24443000.0,189691000.0,3662000.0,-0.29,62120000.0,0.3274799542,1681710000.0,892454000.0,294273000.0,111504000.0,789256000.0,0.0,-147969000.0,1486170690.0000002,1808432690.0000002,10.61093606953048,2.6391250538097286,0.2399961943497987,0.4522406757098965,0.0024197138416387474,10.61093606953048,-0.027388526467470593,7.834692684418345,-15.200371169660027,1.6652630723824422,0.0,0.0,0.0,0.11279649880181482,2.2457400631367483,-0.01453461060468214,35.62591547607633,0.3274799542413715,-0.9333333333333332,-3.6728005253668496,-0.29441509048362313,0.10687568908030803,-0.1591201353637902,0.22163487564882337,-0.7480044040737682,-2.3229870344313297,-0.4389751677710923,0.10770957461053281,Broadcasting,Communication Services,SSP
2015Q2,2015,Q2,2015-08-10,2015-06-30,-31403000.0,198134000.0,14532000.0,-0.15,73875000.0,0.3728537253,1698720000.0,924890000.0,332136000.0,97145000.0,773830000.0,0.0,-117616000.0,1917183550.0000002,2222886550.0,11.023324553353277,3.4189716403314634,0.23966457097108412,0.44018531933527233,0.007250256667311158,11.023324553353277,-0.033953226870222404,9.676196664883363,-15.262742015094101,2.0728773692006617,0.0,0.0,0.0,0.11663723273994538,3.0125997220649543,-0.01848627201657719,-28.03555729410389,0.3728537252566445,-0.6853932584269663,-1.2143988696736203,-0.2869885430777375,0.1535660808925564,0.18043238579166868,-5.157450980392157,8.430240103828682,-4.81091279070924,-0.3997005989216529,0.1964687206128654,Broadcasting,Communication Services,SSP
2015Q1,2015,Q1,2015-05-08,2015-03-31,-5100000.0,214500000.0,1541000.0,-0.089,62583000.0,0.2917622378,1032526000.0,515298000.0,336200000.0,138129000.0,515571000.0,5831000.0,113593000.0,1630607400.0,1668618400.0,8.987494549577047,2.4339566636984267,0.19127847628050043,0.38327336803170203,0.001405622684471327,8.987494549577047,-0.00989718570613509,7.6018993006993005,-79.93173529411766,3.1643969120780597,0.0,26.053335619962272,0.0,0.20774295271983464,2.1442564559216386,-0.004939342931800265,-485.7335120643432,0.29176223776223775,-1.3296296296296295,-4.567113535283065,0.03534254331999944,0.13041519706524365,-0.3617105907310705,-1.3244894063752624,-0.9393283200125989,-0.10357546758085964,-0.010642726471826788,-0.03516815039161882,Broadcasting,Communication Services,SSP
2014Q4,2014,Q4,2015-03-13,2014-12-31,15717000.0,245728000.0,25399000.0,0.27,98048000.0,0.3990102878,1032731000.0,518276000.0,328660000.0,134538000.0,512798000.0,6183000.0,118693000.0,1268653050.0,1308194050.0,9.13052516604126,2.442878591921985,0.19172466014867376,0.38203582647083795,0.03080698348535795,9.13052516604126,0.030325540831526058,5.162834719690064,20.1796311318954,2.4478329114217137,0.0,23.884845544234192,0.0,0.237939986308148,2.192882308344111,0.01521887112907427,49.848842829076624,0.39901028779789033,11.546875,0.2600090681754332,0.09654444395458645,0.16975727571822982,0.5564904036956487,12.720357941834452,8.559277380504328,1.4104492100910226,0.20124375711283263,-0.027980362376054696,Broadcasting,Communication Services,SSP
2014Q3,2014,Q3,2014-11-07,2014-09-30,-1341000.0,207600000.0,2657000.0,-0.0256,62993000.0,0.3034344894,978443000.0,535189000.0,289880000.0,136660000.0,441592000.0,7495000.0,102976000.0,921009389.9999999,995140389.9999999,9.477571765039226,2.1211766427630616,0.20287334060338721,0.3708970102150829,-0.013374266793787995,9.477571765039226,-0.002505656880092827,4.4364614161849705,-171.7019742729306,1.7209049326499608,0.0,19.293795863909274,0.0,0.21217383128092285,1.8708107712571345,-0.0013705448350082733,36.13076732964575,0.3034344894026975,0.5823817292006525,0.6068583713645557,0.06475616822955996,0.18428241271599938,-0.08451052203232182,0.5854714064914992,1.413260672116258,0.8741216327962721,0.24465732014502417,0.004811533019516895,Broadcasting,Communication Services,SSP
2014Q2,2014,Q2,2014-08-08,2014-06-30,-3235000.0,211946000.0,1101000.0,-0.0613,68808000.0,0.3246487313,954857000.0,531638000.0,260264000.0,114377000.0,421454000.0,6346000.0,104317000.0,1185869880.0,1293367880.0,9.48625162821405,2.2754924504052387,0.20840817001917564,0.3743148533400547,0.0009475740907641571,9.48625162821405,-0.00608496759072903,5.595151029035698,-91.64373106646059,2.230596533731599,0.0,22.555625590923416,0.0,0.22196622112002112,1.9331246666724953,-0.003387941859356951,226.74376290630974,0.3246487312806092,-4.623853211009174,-2.3741941652674456,0.04599274189625298,0.20999615299580454,0.1195756520607234,-4.2859477124183005,-0.3960504662643993,-0.5319961545285928,0.21300325602733067,-0.006120626375172437,Broadcasting,Communication Services,SSP
2014Q1,2014,Q1,2014-05-09,2014-03-31,-612000.0,203794000.0,1823000.0,-0.0109,61459000.0,0.3015741386,951164000.0,534231000.0,352430000.0,112682000.0,414969000.0,6180000.0,108932000.0,993808479.9999999,1006189479.9999999,9.525550959275373,3.1276512663956977,0.2097430096176895,0.3734339639594108,0.001998096990616914,9.525550959275373,-0.0011455718593642076,4.876534539780366,-405.96751633986923,1.8602598501397334,0.0,23.031553398058254,0.0,0.2142574782056512,2.7755985871745263,-0.0006434221648422354,36.97754427742223,0.3015741385909301,-1.0778571428571428,0.9973529209907495,-0.05209327137831848,0.3022091893510279,-0.23289398137746822,-1.0778328882106067,-0.8312505785429973,0.9280015414122853,0.18242529517122438,-0.030073857220834922,Broadcasting,Communication Services,SSP
2013Q4,2013,Q4,2014-03-04,2013-12-31,7863000.0,220830000.0,10803000.0,0.14,80118000.0,0.3628039669,966130000.0,545773000.0,402054000.0,113121000.0,418393000.0,6543000.0,116893000.0,1215885600.0,1194630600.0,9.749428367274026,3.5541941814517197,0.2070114787864987,0.36645271935401713,0.015640219187266824,9.749428367274026,0.014407088661403184,5.505980165738351,38.6584509729111,2.2278229227169537,0.0,21.505731315910133,0.0,0.22857172430211256,3.1947560576727576,0.008138656288491197,471.4562233423808,0.36280396685232985,1.8750000000000002,1.6495391164888258,-0.20228719615198165,-0.11708333952595312,0.4885457889749735,1.888374195006214,2.615039617282105,-0.6784526847563943,0.051210362633420034,-0.028388082487501586,Broadcasting,Communication Services,SSP
2013Q3,2013,Q3,2013-11-08,2013-09-30,-8851000.0,189535000.0,-6689000.0,-0.16,53823000.0,0.2839739362,963737000.0,503023000.0,360148000.0,152383000.0,458500000.0,6826000.0,111192000.0,1030847950.0000001,1012886950.0000001,8.954251740035957,2.3634394912818357,0.1911050421432403,0.36613633969023285,-0.007240985623934348,8.954251740035957,-0.017595616900221264,5.438826338143351,-29.11670856400407,2.0493057971504287,0.0,19.881629065338412,0.0,0.19666672546555752,2.166547449518647,-0.00918404087422191,58.302581867541434,0.2839739362123091,-3.666666666666667,0.49183423945326477,-0.20615912024574062,-0.3221817356808954,-0.24534148427531863,-3.7789638932496077,-1.8171268018568287,-2.449032013406442,0.055517837347134155,-0.0659406955234434,Broadcasting,Communication Services,SSP
2013Q2,2013,Q2,2013-08-09,2013-06-30,3185000.0,207853000.0,8186000.0,0.06,71321000.0,0.343131925,992931000.0,537729000.0,384136000.0,132334000.0,452988000.0,6864000.0,131175000.0,947317519.9999999,917366519.9999999,9.360273638768973,2.9027763084316955,0.1894895012845807,0.3498974390445745,0.009219301044095875,9.360273638768973,0.0059230578971935675,4.557632172737463,74.35773312401884,1.761700633590526,0.0,19.891025641025642,0.0,0.2093327733749878,2.676961325131863,0.0032076750549635373,109.89762412993038,0.3431319249662021,2.2658227848101267,1.0056673855097902,-0.7041572643500215,-0.7427425161392226,0.2719992866060282,2.1924372894047175,3.0327787434815,-0.968241252624289,0.09243693225676021,-0.02046845075680982,Broadcasting,Communication Services,SSP
2013Q1,2013,Q1,2013-05-07,2013-03-31,-2671000.0,198653000.0,-4027000.0,-0.0474,56070000.0,0.2822509602,1002779000.0,538419000.0,382634000.0,124667000.0,462146000.0,6774000.0,133622000.0,665820600.0,636745600.0,9.55829930765134,3.069248477945246,0.19159256426391058,0.3568317611377013,-0.0019319557623641694,9.55829930765134,-0.004960820476246195,3.35167654150705,-62.31941220516661,1.23662166454007,0.0,21.04856805432536,0.0,0.19810247322690244,2.8234977981342295,-0.0026635978615427726,-41.883411964521606,0.2822509602170619,-1.096734693877551,-1.0303954870323373,-0.7041950037984518,-0.7947664263082472,1.2442115716301678,-1.0982527128931396,-1.088763004761065,-1.9676580378613042,-0.024040137603134736,0.20220899560665107,Broadcasting,Communication Services,SSP
2012Q4,2012,Q4,2013-03-06,2012-12-31,27185000.0,259753000.0,45368000.0,0.49,-229596000.0,-0.8839012446,1030768000.0,537696000.0,402700000.0,146033000.0,490858000.0,6437000.0,136293000.0,595339130.0,548797130.0,9.763332304395984,2.7575958858614147,0.19024649581671144,0.36470421948461584,0.04111428223893612,9.763332304395984,0.05055830804023091,2.291943230684535,5.4748862424130955,1.1072039405165743,0.0,76.02128320646264,0.0,0.2519994799993791,2.541939150739901,0.026373538953479346,18.454405765654062,-0.8839012446439503,1.2272727272727273,1.1039369577293217,-0.6257753392272085,-0.7852794134207632,-2.187272793087222,1.2650391601399766,1.4739884393063585,1.2462596755090833,0.19469974458855221,0.2508293653029536,Broadcasting,Communication Services,SSP
2012Q3,2012,Q3,2012-11-09,2012-09-30,12002000.0,219644000.0,18338000.0,0.22,193381000.0,0.88042924,984209000.0,523377000.0,370357000.0,147056000.0,458352000.0,6484000.0,109108000.0,585708640.0,576115640.0,9.579167963101927,2.518475954738331,0.20328507461321732,0.3822770201976778,0.021500047993298875,9.579167963101927,0.022931844540360007,2.666627087468813,12.200229961673056,1.1190951073509154,0.0,4.050431832202344,0.0,0.22316804662424342,2.3016401914916766,0.012194564365901958,12.136523829258184,0.8804292400429786,1.2,-0.8644026113502384,-0.6323487655572946,-0.8091998982800254,0.019098109687653155,1.21602658788774,0.276397299366604,4.6366133511647165,0.1643013779812949,0.19697749892028413,Broadcasting,Communication Services,SSP
2012Q2,2012,Q2,2012-08-07,2012-06-30,5416000.0,216934000.0,14367000.0,0.1,189757000.0,0.8747222658,957549000.0,508072000.0,335339000.0,128606000.0,446997000.0,6340000.0,97106000.0,529953059.99999994,566897060.0,9.213215827077214,2.6074910968384057,0.2130961444270737,0.40161630635028106,0.01124033879295901,9.213215827077214,0.01065990646994914,2.4429230088413987,24.46238275480059,1.0430668487930843,0.0,4.286593059936909,0.0,0.2265513305324323,2.376755361336174,0.005656107415912919,12.504791411042943,0.8747222657582491,2.240694789081886,-0.9454378216360608,-0.6672321611258055,-0.8144420852740575,0.060646033972958015,2.226727066817667,-0.7570351078942028,1.338082490592016,0.08802388454027009,0.1751697239747668,Broadcasting,Communication Services,SSP
2012Q1,2012,Q1,2012-05-08,2012-03-31,-4415000.0,207127000.0,59132000.0,-0.0806,178907000.0,0.8637550875,963218000.0,510234000.0,330680000.0,125868000.0,450504000.0,6681000.0,91690000.0,540629250.0,608675250.0,9.315089000456412,2.6271967457971845,0.2159687630422189,0.40770509217339496,0.048827651381652785,9.315089000456412,-0.008652892594378266,2.6101341206119915,-30.613207814269536,1.0595711967450228,0.0,4.223918575063613,0.0,0.2150364714945111,2.3791591190771286,-0.0045835937451335,27.76444381676253,0.8637550874584192,-1.7327272727272727,-1.0639701465228122,-0.6582632252307408,-0.8054888517902747,0.04021745450316879,-1.7016846789574063,7.113611416026345,0.980447477948457,-0.013567160826510924,0.2734375730996865,Broadcasting,Communication Services,SSP
2011Q4,2011,Q4,2012-03-07,2011-12-31,6292000.0,197397000.0,7288000.0,0.11,171990000.0,0.8712898372,970528000.0,514521000.0,325410000.0,125048000.0,453527000.0,6783000.0,96105000.0,438747750.0,522858750.0,9.39335463258786,2.6022807242019064,0.2184377988064229,0.4120337167967877,0.009111604021339802,9.39335463258786,0.012228849745685793,2.222666757853463,17.432761840432295,0.8527305007958859,0.0,3.745687748783724,0.0,0.20339134986316726,2.3447876015610007,0.006483069009858552,74.03775734053325,0.8712898372315688,1.5789473684210527,-0.953389019729408,-0.7132092507477789,-0.8022221428711627,0.22230987356885487,1.5868308151464279,-0.8484035361414457,1.5311977862117694,-0.2712483579329936,-0.14932968473393732,Broadcasting,Communication Services,SSP
2011Q3,2011,Q3,2011-11-09,2011-09-30,-10722000.0,167871000.0,48075000.0,-0.19,140709000.0,0.8381971871,748716000.0,536069000.0,316496000.0,110599000.0,210017000.0,6984000.0,89813000.0,397838000.0,250364000.0,9.432188478727522,2.861653360337797,0.0,0.0,0.052847243857327454,9.432188478727522,-0.020001156567531417,2.3699030803414525,-9.27620779705279,0.7421395380072342,0.0,3.8891752577319587,0.0,0.2242118506883785,2.5520845577265616,-0.014320516724632571,30.10958904109589,0.8381971871258288,-4.039787798408488,-1.1397440675610555,-0.726014325814989,-0.7930400189486685,-0.0926507476930815,-3.8471971066907775,251.390625,0.3915299843729649,-0.30502363112189207,-0.28600291693875574,Broadcasting,Communication Services,SSP
2011Q2,2011,Q2,2011-08-09,2011-06-30,-2212000.0,183034000.0,-192000.0,-0.0377,155077000.0,0.8472578865,768673000.0,560339000.0,324379000.0,107098000.0,205704000.0,6951000.0,100535000.0,567696690.0,410722690.0,9.544670993237604,3.028805393191283,0.0,0.0,-0.00028344845732831384,9.544670993237604,-0.003947610285916205,3.101591452954096,-64.16101830922243,1.0131307833293774,0.0,4.022011221406991,0.0,0.2381168585341231,2.699098022372033,-0.002877686610561318,-76.09875201072386,0.8472578865128884,0.7486666666666667,-1.0285443968558838,-0.7382245284195157,-0.787057091233327,0.020639590367313627,0.7513209668353007,-1.0038466161798294,0.9961483796984655,-0.7450697281177822,-0.7376745447025005,Broadcasting,Communication Services,SSP
2011Q1,2011,Q1,2011-05-10,2011-03-31,-8895000.0,180358000.0,49914000.0,-0.15,151941000.0,0.8424411448,796750000.0,576379000.0,343167000.0,119081000.0,217741000.0,6770000.0,102746000.0,581021100.0,399426100.0,9.820903406089727,2.881794744753571,0.0,0.0,0.06651416084291298,9.820903406089727,-0.015432553927190269,3.221487818671753,-16.329991568296798,1.0080539020332109,0.0,4.1974889217134415,0.0,0.22636711641041732,2.581914831081365,-0.01116410417320364,-64.02436363636363,0.8424411448341632,-1.3409090909090908,-1.1098271517919318,-0.7165449599946856,-0.7719666903492519,-0.21278987834953267,-1.346959472637204,0.7267097934756287,-1.0971547889168696,-0.7422321024193499,-0.789127852347138,Broadcasting,Communication Services,SSP
2010Q4,2010,Q4,2011-03-02,2010-12-31,25637000.0,220238000.0,28907000.0,0.44,193012000.0,0.8763791898,827542000.0,588902000.0,362579000.0,138484000.0,236010000.0,7859000.0,111641000.0,595693350.0,391619350.0,10.034282403857622,2.6182013806649143,0.0010271381996321636,0.001443364091139103,0.04066210412938404,10.034282403857622,0.043533559064156686,2.704770975036097,5.808922163279635,1.0115322243768914,0.0,3.4643084361878103,0.0,0.2661351327183394,2.4196874729210593,0.030979696498787977,59.39116151545364,0.8763791897855956,3.0,-0.8508324022517928,-0.7112009619890776,-0.7613490758281763,0.2331616810846037,3.1052041633306646,-0.49450030602430706,1.0919792558521286,-0.7022538800854188,-0.7793205294581729,Broadcasting,Communication Services,SSP
2010Q3,2010,Q3,2010-11-02,2010-09-30,6245000.0,183587000.0,57185000.0,0.11,156518000.0,0.8525549195,818356000.0,550594000.0,346376000.0,149550000.0,265029000.0,7707000.0,86816000.0,452587800.0,283992800.0,9.586384608688082,2.3161216984286193,0.0010912121375049489,0.0016218847281299833,-16.545034286446302,9.586384608688082,0.011342295775108337,2.465249718117296,18.1180064051241,0.8219991500088994,0.0,3.5122615803814714,0.0,0.2243363523943125,2.075085255767302,0.007631153190054207,8.11947758382519,0.8525549194659753,2.405572755417956,-0.9275123325863072,-0.7056164797281232,-0.7725075360181304,-0.035613501090586454,-0.937240596138965,-0.1206771946550213,-0.9328817899488558,-0.7076730676349843,-0.8090561554500406,Broadcasting,Communication Services,SSP
2010Q2,2010,Q2,2010-08-09,2010-06-30,99507000.0,188785000.0,65033000.0,0.0323,162298000.0,0.8596975395,801419000.0,544694000.0,312409000.0,129000000.0,253992000.0,7548000.0,87681000.0,423517430.0,302002430.0,9.55586744092209,2.4217751937984495,0.001166680600285244,0.0017165601236657647,0.06009859674651074,9.55586744092209,0.18268422270118637,2.243384961728951,1.0640392886932577,0.777532761513804,0.0,3.509141494435612,0.0,0.2355634193848661,2.1438217054263564,0.12416351496533025,-9.460060086220375,0.8596975395290939,3.0187500000000003,-0.030164181469383832,-0.7137747902770654,-0.7697006339520466,-0.059757955658032706,114.07613636363637,13.730011325028313,-0.030164180750443238,-0.719835729938216,-0.8075409423793398,Broadcasting,Communication Services,SSP
2010Q1,2010,Q1,2010-05-10,2010-03-31,-880000.0,199015000.0,4415000.0,-0.016,172613000.0,0.8673366329,772419000.0,437888000.0,250461000.0,136446000.0,331175000.0,7087000.0,-11826000.0,465392199.99999994,470800199.99999994,7.95061369743627,1.835605294402181,0.014727757861989413,0.0259792458345513,0.03251098471632266,7.95061369743627,-0.0020096463022508037,2.3384780041705397,-132.21369318181817,1.0628110384390528,0.0,3.725412727529279,0.0,0.2576516113663698,1.5287219852542397,-0.001139278034331108,17.984086869155266,0.8673366329171168,-1.0727272727272728,-1.0123859732659028,-0.6648043230357794,-0.8000538369113777,0.09111998887470132,-1.0727092456415765,-0.7164782943745184,-1.0126808774264633,-0.6734416392609037,-0.8339808670443701,Broadcasting,Communication Services,SSP
2009Q4,2009,Q4,2010-03-05,2009-12-31,12103000.0,217433000.0,15572000.0,0.22,158198000.0,0.7275712518,786348000.0,429895000.0,258175000.0,135260000.0,353097000.0,6989000.0,-10946000.0,383328960.0,404839960.0,7.805486963468661,1.9087313322490018,0.04567443421996368,0.08354598215843403,0.02981206265093435,7.805486963468661,0.028153386292001537,1.7629750773801585,7.918056680161944,0.8916804335942498,0.0,8.475461439404778,0.0,0.2765098912949483,1.6202424959337571,0.015391404314629147,-34.55281773931855,0.7275712518338983,4.353658536585366,-0.8693348724173126,-0.6468678214952659,-0.7979030347506835,0.18626554087493813,4.711438209138301,17.10341261633919,-0.9108312762085824,-0.6858261431752691,-0.8356548277091286,Broadcasting,Communication Services,SSP
2009Q3,2009,Q3,2009-11-05,2009-09-30,-3261000.0,186401000.0,-967000.0,-0.0656,133358000.0,0.715436076,790633000.0,432039000.0,246292000.0,135033000.0,355343000.0,7064000.0,-13132000.0,404895000.0,423942000.0,8.002797021450005,1.8239393333481446,0.037254959001205366,0.06817671552799631,-0.0022843903728735717,8.002797021450005,-0.007547929700790901,2.172171823112537,-31.040708371665133,0.93717233860832,0.0,7.508918459796149,0.0,0.23576172509874999,1.2925284930350358,-0.0041245432457284225,11.29634796194515,0.7154360759867168,-2.64,-1.05922008710916,-0.6234652148740696,-0.7836736390261733,-0.03776552759178019,-2.447403462050599,-1.3832738803012288,-1.0447440661830925,-0.6797217192399299,-0.8244035598257693,Broadcasting,Communication Services,SSP
2009Q2,2009,Q2,2009-08-10,2009-06-30,2253000.0,193924000.0,2523000.0,0.04,138592000.0,0.7146717271,813583000.0,420501000.0,261996000.0,124131000.0,389831000.0,7503000.0,-17620000.0,112099239.99999999,175099240.0,7.839902304422403,2.110641177465742,0.08984086442317502,0.173823605651354,0.004171018957248981,7.839902304422403,0.00535789451154694,0.5780575895711721,12.438885929871283,0.2665849546136632,0.0,7.3746501399440225,0.0,0.23835797945630624,1.651908064866955,0.002769231903813133,-85.96567484662576,0.714671727068336,1.0097087378640777,-0.9738284564331054,-0.644290122322265,-0.7861359463517024,-0.026098688741163407,1.0102016328046113,1.0681965617904638,-0.9681777820617937,-0.6964276264483754,-0.8250907126779902,Broadcasting,Communication Services,SSP
2009Q1,2009,Q1,2009-05-07,2009-03-31,-220847000.0,205368000.0,-36996000.0,-4.12,142306000.0,0.6929317128,846058000.0,391882000.0,245072000.0,149574000.0,450925000.0,9964000.0,-19873000.0,72323550.0,135495550.0,7.314916095794524,1.6384665784160348,0.08643615449531829,0.18661229655865796,-0.06847529707791268,7.314916095794524,-0.5635548455912749,0.35216562463480194,-0.08187065026919088,0.18455440668364456,0.0,6.328984343637093,0.0,0.24273513163400146,1.0791380854961423,-0.2610305676442986,4.677200413891224,0.6929317128277044,-17.727272727272727,-4.158890651011992,-0.5967172538823942,-0.790239878203941,12.082158710380812,-18.063185153215365,-3.3103809856693465,-3.987211795516926,-0.6464162567625128,-0.8301536571363449,Broadcasting,Communication Services,SSP
2008Q4,2008,Q4,2009-03-02,2008-12-31,-11585000.0,264926000.0,-8583000.0,-0.22,-12841000.0,-0.0484701388,1088976000.0,591569000.0,285536000.0,187584000.0,494009000.0,11952000.0,200827000.0,118396330.0,174186330.0,11.042297425942172,1.5221767314909587,0.05616836367376324,0.10339622258772857,-0.007864860992216208,11.042297425942172,-0.01958351434912918,0.4469033994398436,-2.554948856279672,0.20013951035297659,0.0,23.240210843373493,0.0,0.24327992536107315,1.0422850562947799,-0.010638434639514553,-5.562430350011746,-0.048470138831220796,0.4358974358974359,-1.1150889891998155,-0.4804384240531124,-0.6725992145535161,-1.2129448442837716,0.3103756175962855,-1.9606043648573028,-1.0738438061075561,-0.6194262646767233,-0.7373748934285386,Broadcasting,Communication Services,SSP
2008Q3,2008,Q3,2008-11-10,2008-09-30,-16799000.0,230278000.0,8935000.0,-0.39,60302000.0,0.2618660923,1061588000.0,715766000.0,274692000.0,177990000.0,342313000.0,0.0,232951000.0,383066740.0,427749740.0,13.21040197851685,1.5433001854036743,0.056801697080223215,0.08424540981270415,0.006616506747727384,13.21040197851685,-0.023469960853127976,1.663496903742433,-5.7007372462646595,0.5351843200152006,-0.49008869575569974,0.0,0.021492338384689832,0.21691842786467067,1.143232765885724,-0.015824406455234988,19.87066811909949,0.26186609228845137,-1.0223752151462995,-1.317997239632067,-0.4867968340288494,-0.5880705915265593,-0.7835659115054412,0.9683778172241977,1.0145212300871436,-1.2066982052206563,-0.6085776575726409,-0.686506746916861,Broadcasting,Communication Services,SSP
2008Q2,2008,Q2,2008-08-11,2008-06-30,-531241000.0,664141000.0,-615306000.0,17.43,278616000.0,0.4195133262,3114034000.0,1975879000.0,961799000.0,301938000.0,1005690000.0,0.0,1468466000.0,6767489100.0,7104416100.0,36.38484485774791,3.1854188608257323,0.12403075881637773,0.19547553266166603,-0.339285242045231,36.38484485774791,-0.26886312370342513,10.189837850697367,-3.184754706432674,3.4250523944026936,-0.04307649447237694,0.0,0.0033814609320907516,0.21327352238286415,2.176039451807987,-0.1705957609968292,66.86713599715438,0.41951332623644677,10.392156862745098,-9.051467701477602,0.37219777843587626,0.17374391270229647,-0.09944631734775343,-7.31918209068849,-5.105242088829287,-6.43474071128964,0.056922994432475685,-0.1231139657077625,Broadcasting,Communication Services,SSP
2008Q1,2008,Q1,2008-05-12,2008-03-31,84068000.0,642474000.0,149883000.0,1.53,309383000.0,0.4815494479,4005591000.0,2509793000.0,943019000.0,346236000.0,1387766000.0,0.0,2022592000.0,6791717630.7,7207973630.7,46.572786000439045,2.7236307027576565,0.11825470947982457,0.18873269628212366,0.03395890941009449,46.572786000439045,0.033495989509891855,10.571194524136384,20.197095299935768,2.706086769187738,0.271684826568968,0.0,0.0033629195502413657,0.16039430885479822,1.8542063794637185,0.020987664491956368,53.91065026234114,0.48154944791540205,1.358313817330211,0.5757575699462203,0.4252298089723675,0.5876242036297759,-0.4938892024309049,1.3284765934834508,1.7291022123635515,0.20930232439394614,0.10592292546380128,0.17123661386516967,Broadcasting,Communication Services,SSP
2007Q4,2007,Q4,2008-02-29,2007-12-31,-255933000.0,679196000.0,-205572000.0,-4.27,611295000.0,0.9000273853,4005292000.0,2450361000.0,926793000.0,346802000.0,1413001000.0,0.0,1971848000.0,7276724840.7,7749755840.7,45.46994053964682,2.672398083056038,0.12599905325254687,0.20595455118653946,-0.08510056775948545,45.46994053964682,-0.10444705902518037,10.713733356350744,-7.1080369087808135,2.9696542022583614,-0.08915223906256715,0.0,0.0031356139608825816,0.16957465273443234,1.8436225857982365,-0.06389871200401868,53.71148703627157,0.9000273853202905,-3.635802469135802,-4.335198410366273,0.658499577530295,0.5968451499579925,0.810884950246914,-3.8962508628786763,-2.5280641636500136,-3.823902233588651,0.12736269863773425,0.17729195322950977,Broadcasting,Communication Services,SSP
2007Q3,2007,Q3,2007-11-09,2007-09-30,88367000.0,596446000.0,134531000.0,1.62,337567000.0,0.5659640605,4331285000.0,2738570000.0,819767000.0,357445000.0,1476614000.0,0.0,2250613000.0,6994077372.72,7580285372.72,50.20525605987709,2.2934073773587547,0.13988735444562064,0.22124393387789978,0.027884367852796486,50.20525605987709,0.03226757030128863,11.726254133182216,19.78701713512963,2.5539158658423924,0.2580940848959453,0.0,0.003260901872340933,0.13770647740797476,1.5639077340569878,0.020402028497316618,46.02911090379009,0.5659640604514071,-0.08474576271186436,0.8947368601983035,0.5723648410157682,0.8266760067855049,-0.10562878376409184,-0.09330911851920255,-0.18104230204966185,0.5882353014523731,0.19243437287664414,0.3571155579833194,Broadcasting,Communication Services,SSP
2007Q2,2007,Q2,2007-08-08,2007-06-30,97461000.0,640074000.0,164271000.0,1.77,377435000.0,0.5896740064,4303034000.0,2688374000.0,815481000.0,354601000.0,1500349000.0,0.0,2210303000.0,7421647748.219999,8026750748.219999,49.65143007068471,2.299714326806749,0.14498630501176613,0.2320662973232147,0.033711395058105866,49.65143007068471,0.036252768402015495,11.594983936576082,19.037481013482314,2.7606455605581663,0.23480161295287347,0.0,0.003083412306315464,0.14874946375046072,1.5765691580113987,0.02264936786462761,83.42960922940296,0.589674006443005,0.40476190476190477,2.5294117481837755,0.5623195128454405,0.8308004795640795,0.14946536848612943,0.42312072892938496,0.4052988177323045,0.12149532149113042,0.16303559920221097,0.3544372993476906,Broadcasting,Communication Services,SSP
2007Q1,2007,Q1,2007-05-10,2007-03-31,68484000.0,601424000.0,116894000.0,1.26,328357000.0,0.5459659076,4294257000.0,2602919000.0,830864000.0,329476000.0,1590473000.0,0.0,2146896000.0,7285385911.08,8009561911.08,47.88974352468846,2.5217739683618836,0.173819592073786,0.28676497424622127,0.025077950889608288,47.88974352468846,0.026310461447321257,12.113560335270957,26.595211695724547,2.7989291680148325,0.28761462531394194,0.0,0.0027036316593804267,0.14005309882477923,1.5523528269130378,0.015947811227879468,79.84859613195967,0.545965907579345,-0.4878048780487805,0.6799999825810533,0.6353722772978859,0.836029017608921,-0.37830837594927363,-0.48872696867441096,-0.45337298803812087,-0.034482763138595086,0.1640870213955568,0.37327049319074707,Broadcasting,Communication Services,SSP
