Quarters,Year,Quarter,FillingDate,Date,NetIncome,Revenue,OperatingIncome,EPSDiluted,GrossProfit,GrossProfitRatio,TotalAssets,CommonStockEquity,CurrentAssets,CurrentLiability,TotalLiability,Inventory,RetainedEarnings,MarketCap,EnterpriseValue,bookValuePerShare,currentRatio,debtToAssets,debtToEquity,roic,shareholdersEquityPerShare,roe,priceToSalesRatio,peRatio,pbRatio,payoutRatio,inventoryTurnover,dividendYield,assetTurnover,quickRatio,returnOnAssets,priceToFreeCashFlowsRatio,grossProfitMargin,epsdilutedGrowth,fiveYNetIncomeGrowthPerShare,fiveYRevenueGrowthPerShare,fiveYShareholdersEquityGrowthPerShare,grossProfitGrowth,netIncomeGrowth,operatingIncomeGrowth,threeYNetIncomeGrowthPerShare,threeYRevenueGrowthPerShare,threeYShareholdersEquityGrowthPerShare,Industry,Sector,Symbol
2023Q1,2023,Q1,2023-05-09,2023-03-31,-38832000.0,132183000.0,-35412000.0,-0.17,-5763000.0,-0.0435986473,1069631000.0,696426000.0,441508000.0,151756000.0,365862000.0,38045000.0,-868672000.0,971046612.6800001,1013793612.6800001,3.126953248536407,2.9093281320013706,0.19591242213436222,0.3008991622943428,-0.03642386579744994,3.126953248536407,-0.05575897511006195,7.346229187414418,-6.251587689791925,1.3943284895739103,0.0,3.625864108292811,0.0,0.12357813114990122,2.3056353620285193,-0.03630410861315725,-20.692265016195023,-0.04359864732983818,-2.008849557522124,-3.171167882070817,-0.1179182217546941,0.08184481075388989,-1.3312449706862859,-2.090735434574976,-2.1762489909408917,-21.9751303606939,0.4145925111758792,0.21215275680255224,Oil & Gas Refining & Marketing,Energy,CLNE
2022Q4,2022,Q4,2023-02-28,2022-12-31,-12564000.0,113756000.0,-11149000.0,-0.0565,17398000.0,0.1529413833,1082357000.0,719993000.0,471720000.0,148146000.0,354886000.0,37144000.0,-829975000.0,1156633873.2,1232446873.2,3.23694791130556,3.184156170264469,0.18641076835092305,0.2802291133386019,-0.011397598565997343,3.23694791130556,-0.017450169654427194,10.167673557438729,-23.0148414756447,1.6064515532789903,0.0,2.5941740254146026,0.0,0.10510025804794536,2.524367853333873,-0.011607999948261064,74.59747650435344,0.1529413833116495,-0.38141809290953554,0.6984611799914596,-0.1333469681572586,0.14718372486122241,-0.026576400156660886,-0.3824823943661972,-0.34131376323387874,-1.2814675540156977,-0.12469018191478444,0.24234404066181145,Oil & Gas Refining & Marketing,Energy,CLNE
2022Q3,2022,Q3,2022-11-08,2022-09-30,-9088000.0,125687000.0,-8312000.0,-0.0409,17873000.0,0.1422024553,941446000.0,721015000.0,355574000.0,134101000.0,212723000.0,35927000.0,-817641000.0,1186758267.84,1240954267.84,3.2443170646771433,2.6515387655573037,0.08212791811744911,0.10723632656740845,-0.009928122926791195,3.2443170646771433,-0.012604453444103105,9.442171965597078,-32.64629918133802,1.645955032613746,0.0,3.0009185292398475,0.0,0.13350420523322634,1.9491651814676998,-0.009653235554668032,-97.64343161428336,0.1422024553056402,0.31946755407653915,0.93444017046375,0.04358502131253281,0.10642609145491787,0.22350766703176342,0.31986229606346356,0.29992419775962265,-0.9315394718205967,0.5554038812191053,0.35269614325843096,Oil & Gas Refining & Marketing,Energy,CLNE
2022Q2,2022,Q2,2022-08-04,2022-06-30,-13362000.0,97224000.0,-11873000.0,-0.0601,14608000.0,0.1502509668,934253000.0,721683000.0,378051000.0,126032000.0,204747000.0,34931000.0,-808668000.0,996503872.0000001,1017190872.0000001,3.2444829677490707,2.999642947822775,0.08368396997387217,0.10833288299710538,-0.01411212075370462,3.2444829677490707,-0.01851505439368809,10.24956669135193,-18.64436222122437,1.3808055226463698,0.0,2.365119807620738,0.0,0.10406602922334743,2.1868969785451315,-0.014302335662823667,58.95426090043188,0.1502509668394635,0.4536363636363636,0.49202637765452445,-0.18756705035727328,-0.08008509628389478,0.8561626429479035,0.456298828125,0.4080370942812983,-1.2838404501769176,0.2369317891411374,0.3415731234213907,Oil & Gas Refining & Marketing,Energy,CLNE
2022Q1,2022,Q1,2022-05-05,2022-03-31,-24576000.0,83497000.0,-20057000.0,-0.11,7870000.0,0.0942548834,932731000.0,730380000.0,412575000.0,114884000.0,194401000.0,32322000.0,-795433000.0,1767123605.1200001,1740843605.1200001,3.2817269732561765,3.591231154904077,0.08758152136039223,0.11184588844163312,-0.023420101153927776,3.2817269732561765,-0.03364823790355705,21.163917327808186,-17.976110891927082,2.4194578234891426,0.0,2.339799517356599,0.0,0.08951884305335622,2.8115838585007484,-0.02634843272068796,-251.4762494834211,0.09425488340898476,-8.401709401709402,-1.269188584494088,-0.37599705622239316,-0.10061796916560706,-0.5736958994637343,-8.448673587081892,-12.35352862849534,-1.0599561801931767,-0.014031002299346161,0.3427194640211657,Oil & Gas Refining & Marketing,Energy,CLNE
2021Q4,2021,Q4,2022-02-24,2021-12-31,-2601000.0,91928000.0,-1502000.0,-0.0117,18461000.0,0.2008202071,957070000.0,747076000.0,409936000.0,125904000.0,201659000.0,31302000.0,-771242000.0,1367301888.27,1350168888.27,3.349352413894769,3.2559410344389375,0.08600729309245927,0.1101828997317542,-0.001664121006260824,3.349352413894769,-0.003481573494530677,14.87361726862327,-131.4207889532872,1.8302045418002988,0.0,2.3470385278895916,0.0,0.09605149048658927,2.708809886897954,-0.0027176695539511218,-5404.355289604743,0.20082020711861456,0.415,0.5529968576940335,-0.3975775435909528,0.06329699055220339,-0.0385897302364337,0.33884087442806304,0.5156401160915833,-1.3458704507355428,-0.12830278118179142,0.3419199322713709,Oil & Gas Refining & Marketing,Energy,CLNE
2021Q3,2021,Q3,2021-11-04,2021-09-30,-3934000.0,86095000.0,-3101000.0,-0.02,19202000.0,0.22303269643997908,917451000.0,746371000.0,397756000.0,95424000.0,162520000.0,29332000.0,-768866000.0,1817516846.3000002,1752246846.3000002,3.3468320595670287,4.168301475519786,0.08135148362146861,0.09999852620211665,-0.003664189213140852,3.3468320595670287,-0.005270837157392235,21.110596971949594,-115.50056216954754,2.4351386191317723,0.0,2.28054684303832,0.0,0.09384152396149767,3.6067760731052982,-0.004287967422783342,238.61321337797037,0.22303269643997908,0.9473684210526315,0.8177881805365833,-0.4809528010508642,-0.006882784653963637,1.3321455753130838,0.95061945347509,0.9609534362487093,0.6706743245293184,0.01593044030544735,0.35936639702957757,Oil & Gas Refining & Marketing,Energy,CLNE
2021Q2,2021,Q2,2021-08-05,2021-06-30,-79667000.0,480000.0,-79418000.0,-0.38,-57812000.0,-120.44166666666666,912542000.0,746459000.0,383546000.0,84830000.0,157299000.0,27968000.0,-764932000.0,2101529293.15,2044004293.15,3.605259690976485,4.521348579511965,0.08384929132028991,0.10250529499945744,-0.0922789385156928,3.605259690976485,-0.10672655832403387,4378.186027395834,-6.594729603066514,2.8153311744516443,0.0,2.0842391304347827,0.0,0.0005260031867026394,3.9562065307084757,-0.08730228307299828,412.06456728431374,-120.44166666666666,-8.5,-28.480847344480903,-0.9976549071125562,0.01618647065807157,-4.852335576730859,-10.11270749058446,-11.34348772147964,-4.2250402648619785,-0.9946501432292191,0.14859660511076542,Oil & Gas Refining & Marketing,Energy,CLNE
2021Q1,2021,Q1,2021-05-06,2021-03-31,-7169000.0,77143000.0,-6434000.0,-0.04,15007000.0,0.1945348249355094,727756000.0,512040000.0,277361000.0,85826000.0,206650000.0,27523000.0,-685265000.0,2734197524.2200003,2708249524.2200003,2.5731241205797803,3.2316663947987787,0.12469563974738786,0.1772283415358175,-0.01013820569140415,2.5731241205797803,-0.014000859307866573,35.4432356042674,-95.34793988771098,5.339812366651043,0.0,2.2576027322602914,0.0,0.10600118721109822,2.750553445342903,-0.009850829124047071,-38509.82428478874,0.1945348249355094,-3.0,-2.237962277165412,-0.6066846837386333,-0.2538380934861154,0.04520128151553141,-1.7992971495509567,-1.7170608108108107,-1.4486138347877249,-0.42384384497191163,-0.10976571889015528,Oil & Gas Refining & Marketing,Energy,CLNE
2020Q4,2020,Q4,2021-04-29,2020-12-31,-2561000.0,74958000.0,-2368000.0,-0.01,14358000.0,0.19154726646922277,715027000.0,513506000.0,263039000.0,79843000.0,192177000.0,28100000.0,-678096000.0,1558094174.46,1538459174.46,2.590444933406442,3.2944528637450996,0.12494912779517417,0.1739843351392194,-0.0038420230003826127,2.590444933406442,-0.004987283498148026,20.78622928119747,-152.09822085708709,3.0342277879128967,0.0,2.1565836298932384,0.0,0.10483240493016348,2.8048044286913068,-0.0035816829294558106,336.44875285251567,0.19154726646922277,0.0,0.9762188909298792,-0.7083106318454658,-0.21175792988168926,0.03645419764671912,-0.12769704975781593,0.15003589375448673,0.9310322135630997,-0.3592179404560455,-0.08193880495454145,Oil & Gas Refining & Marketing,Energy,CLNE
2020Q3,2020,Q3,2020-11-05,2020-09-30,-2271000.0,70886000.0,-2786000.0,-0.01,13853000.0,0.1954264593854922,663400000.0,513834000.0,208782000.0,79282000.0,139931000.0,28830000.0,-675535000.0,492987777.12,440723777.12,2.5848679807933976,2.6334098534345753,0.0592794694000603,0.07653444497639315,-0.004923343810253707,2.5848679807933976,-0.0044197153166197645,6.954656450074768,-54.269900607661825,0.9594300437884609,0.0,1.978251821019771,0.0,0.10685257763038891,2.1212381120557,-0.003423274042809768,-1839.5066310447762,0.1954264593854922,0.6666666666666666,0.954754326924813,-0.6460922230501068,-0.3171552254220371,0.49422931722575775,0.662856294536817,0.6117614269788183,0.9816843148377562,-0.34198698273355255,-0.11846921250256631,Oil & Gas Refining & Marketing,Energy,CLNE
2020Q2,2020,Q2,2020-08-06,2020-06-30,-6736000.0,59874000.0,-7176000.0,-0.03,9271000.0,0.1548418345191569,669037000.0,517478000.0,205430000.0,79185000.0,141656000.0,29503000.0,-673264000.0,445487704.14000005,407218704.14000005,2.57874942298963,2.5943044768579906,0.061113211974823514,0.07901205461874708,-0.012299475483046614,2.57874942298963,-0.013016978499569063,7.440419950896884,-16.53383700044537,0.8608824030007073,0.0,1.7151815069653933,0.0,0.08949280832001817,2.035600176801162,-0.010068202505989953,8.680417453673936,0.1548418345191569,-4.0,0.8975104879480013,-0.6857852290277905,-0.37033820142473217,-0.5616548463356974,-4.953051643192488,-3.8865647626709574,0.7161492790653636,-0.44541190049633944,-0.268841892302103,Oil & Gas Refining & Marketing,Energy,CLNE
2020Q1,2020,Q1,2020-05-07,2020-03-31,1704000.0,86006000.0,2486000.0,0.01,21150000.0,0.2459130758319187,764445000.0,528813000.0,284221000.0,155977000.0,225428000.0,29725000.0,-666528000.0,364886747.9,387189747.9,2.579669295794669,1.822198144598242,0.12010543596988665,0.17362281184464073,0.003503394038478704,2.579669295794669,0.0032223111005213563,4.242573168151059,53.53385385856807,0.6900109261686078,0.0,2.1818671152228766,0.0,0.1125077670728437,1.5370727735499465,0.002229068147479544,-46.09483930015159,0.2459130758319187,-0.95,1.0243706530258911,-0.5537149210839221,-0.41158507128498695,-0.5899891439205955,-0.958523999610554,-0.928507750266011,-0.9797360843894704,-0.30216482960003016,-0.2930221712408655,Oil & Gas Refining & Marketing,Energy,CLNE
2019Q4,2019,Q4,2020-03-10,2019-12-31,41084000.0,119615000.0,34773000.0,0.2,51584000.0,0.4312502612548593,777085000.0,533408000.0,293792000.0,162562000.0,234056000.0,29874000.0,-668232000.0,479050781.03999996,522702781.03999996,2.6055165118200265,1.8072612295616441,0.11949658016819267,0.17408625292459057,0.051875158004320264,2.6055165118200265,0.07702171695962565,4.004939021360197,2.915069011293934,0.8980944812226287,0.0,2.2772645109459733,0.0,0.15392781999395175,1.5550620686261243,0.05286937722385582,-66.90653366480447,0.4312502612548593,11.0,12.72308984358445,-0.5968629505897122,-0.4570444621318452,3.2092207262341903,10.479464697738809,7.469395348837209,8.692742373450345,-0.14596193187738107,-0.172843725145445,Oil & Gas Refining & Marketing,Energy,CLNE
2019Q3,2019,Q3,2019-11-12,2019-09-30,-4334000.0,74434000.0,-5375000.0,-0.02,12255000.0,0.1646425020823817,685846000.0,490985000.0,215578000.0,121441000.0,183379000.0,31040000.0,-709316000.0,422732113.71999997,473917113.71999997,2.398407861844048,1.7751665417774887,0.1213960568407485,0.16957544527836899,-0.009013636276285627,2.398407861844048,-0.00882715357902991,5.679287875433269,-24.384639693124136,0.8609878381620619,0.0,2.0031894329896907,0.0,0.10852873677181175,1.426931596413073,-0.00631920285311863,-48.65141140752675,0.1646425020823817,0.3333333333333333,0.9338276943996496,-0.6693110603394491,-0.4820521406883139,0.012558869701726845,0.19487274753854728,0.07534835713056941,0.781321167179519,-0.5111496499462388,-0.28831202324303584,Oil & Gas Refining & Marketing,Energy,CLNE
2019Q2,2019,Q2,2019-08-08,2019-06-30,-5383000.0,72318000.0,-5813000.0,-0.03,12103000.0,0.16735805746840343,694874000.0,494938000.0,221793000.0,123449000.0,186743000.0,33870000.0,-704982000.0,532099679.8,575911679.8,2.4184167907856726,1.7966366677737364,0.12188972389238913,0.1711285049844627,-0.009629402790900736,2.4184167907856726,-0.010876109734956702,7.357776484416052,-24.712041603195246,1.0750835050046672,0.0,1.77782698553292,0.0,0.1040735442684573,1.437395199637097,-0.007746728183814619,39.168176650717704,0.16735805746840343,0.4000000000000001,0.922767023781461,-0.658419624934381,-0.5055989061416108,0.8937568455640745,0.5082221816188562,0.5743574723584974,-2.8785631209846105,-0.6425502684876768,-0.31833969426399866,Oil & Gas Refining & Marketing,Energy,CLNE
2019Q1,2019,Q1,2019-05-09,2019-03-31,-10946000.0,77698000.0,-13657000.0,-0.05,6391000.0,0.08225436948183995,697160000.0,499075000.0,216616000.0,68609000.0,183181000.0,32653000.0,-699599000.0,647303440.73,704625440.73,2.4440898200939802,3.1572534215627686,0.12347954558494463,0.17248910484396132,-0.02232035500343005,2.4440898200939802,-0.021932575264238842,8.331018053617854,-14.78401792275717,1.2970063431949104,0.0,2.1837809695893178,0.0,0.11144930862355844,2.542902534652888,-0.01570084342188307,-51.59852058429654,0.08225436948183995,-2.666666666666667,0.8225040458990261,-0.6218852484734708,-0.5281012449446538,-0.7359527350851099,-2.595161760419703,-4.841631504922645,-2.8420388022994767,-0.6139454509165816,-0.2912558297259342,Oil & Gas Refining & Marketing,Energy,CLNE
2018Q4,2018,Q4,2019-03-12,2018-12-31,6862000.0,96229000.0,3555000.0,0.03,24204000.0,0.2515250080537052,699082000.0,507998000.0,225606000.0,80259000.0,174073000.0,34975000.0,-688653000.0,350071058.2,403631058.2,2.4959405798716783,2.81097447015288,0.12042078039486069,0.16571718786294434,0.005925312024188763,2.4959405798716783,0.013507927196563766,3.6378956260586723,12.753973265811718,0.6891189693660211,0.0,2.0593280914939243,0.0,0.1376505188232568,2.25119924245256,0.009815729771328685,-168.62767736030827,0.2515250080537052,1.5999999999999999,1.0984398028448978,-0.47509937174910233,-0.5423005929183153,1.1705676620930858,1.6295990457840168,1.4906832298136645,1.0620606953596097,-0.635286382283125,-0.2405144984173799,Oil & Gas Refining & Marketing,Energy,CLNE
2018Q3,2018,Q3,2018-11-07,2018-09-30,-10899000.0,77320000.0,-7245000.0,-0.05,11151000.0,0.1442188308329022,843430000.0,500952000.0,388895000.0,185880000.0,324045000.0,37103000.0,-695515000.0,529019977.20000005,607695977.2,2.4620529585550783,2.092183128900366,0.28300629572104385,0.4764847729922228,-0.009867187722727412,2.4620529585550783,-0.021756575480285537,6.841955214692189,-12.134598981557941,1.0560292746610453,0.0,1.7833867881303398,0.0,0.09167328646123567,1.8490208736819453,-0.01292223421030791,311.00527760141097,0.1442188308329022,0.28571428571428575,0.7317199812547656,-0.5846963579701984,-0.5730820018197234,-0.028996865203761754,0.08985386221294363,0.1358540076335878,0.7878552356788364,-0.6228559786047746,-0.34959927935370894,Oil & Gas Refining & Marketing,Energy,CLNE
2018Q2,2018,Q2,2018-08-07,2018-06-30,-11975000.0,70467000.0,-8384000.0,-0.07,11484000.0,0.16296990080463195,850409000.0,510417000.0,385948000.0,181011000.0,320259000.0,37127000.0,-684616000.0,600043136.04,796488136.04,3.138838888200275,2.132179812276602,0.2820431110206971,0.4699138155664878,-0.011250740744111701,3.138838888200275,-0.02346120916818993,8.515236011750181,-12.52699657703549,1.1755939477721158,0.0,1.588682091200474,0.0,0.08286248146480106,1.87432807950898,-0.01408145962707356,26.581161337822273,0.16296990080463195,-1.8750000000000002,0.420482502191516,-0.5377941136576229,-0.4682905791405277,-0.6700568867436649,-1.9797905416462118,-1.5250172208654267,0.7751569280678818,-0.5436471703245834,-0.23357929926713678,Oil & Gas Refining & Marketing,Energy,CLNE
2018Q1,2018,Q1,2018-05-10,2018-03-31,12222000.0,102403000.0,15969000.0,0.08,34806000.0,0.33989238596525495,818755000.0,439902000.0,341790000.0,216062000.0,357934000.0,37792000.0,-672641000.0,251121246.75,470251246.75,2.8903898391464957,1.5819070451999888,0.3251595410104366,0.6051938840923661,0.022426440532886394,2.8903898391464957,0.027783460861737386,2.4522840810327824,5.136664350147274,0.5708572517287941,0.0,1.7886589754445386,0.0,0.12507160261616723,1.3633725504716239,0.014927542427221819,-26.489582990506328,0.33989238596525495,1.4210526315789473,2.932060136695565,-0.3265109999303684,-0.5144128907017155,1.8661067193675889,1.4311567361625568,1.844116714240406,1.2354390134519466,-0.28429364934840173,-0.34071063530022505,Oil & Gas Refining & Marketing,Energy,CLNE
2017Q4,2017,Q4,2018-03-13,2017-12-31,-28347000.0,89300000.0,-18918000.0,-0.19,12144000.0,0.13599104143337065,791912000.0,426990000.0,304897000.0,203300000.0,342254000.0,35238000.0,-683570000.0,307192782.82,531198782.82,2.821647344846303,1.4997393015248401,0.32842916889755425,0.6091173095388651,-0.0277946551833014,2.821647344846303,-0.0663879716152603,3.440008766181411,-2.7092177551416374,0.719437885711609,0.0,2.1895680799137294,0.0,0.11276505470304782,1.2825332021642892,-0.03579564396044005,-32.840793545007486,0.13599104143337065,0.6935483870967741,0.5819841376217159,-0.445269274544612,-0.5157902214464727,3.154337413517829,0.6988878384550833,0.7923403694800276,-13.809642657956877,-0.5928361127031058,-0.41200562543159247,Oil & Gas Refining & Marketing,Energy,CLNE
2017Q3,2017,Q3,2017-11-02,2017-09-30,-94141000.0,81792000.0,-91101000.0,-0.62,-5637000.0,-0.068918720657277,798519000.0,442558000.0,331012000.0,93939000.0,332952000.0,44624000.0,-655223000.0,374301006.0,583833006.0,2.9322492389988395,3.5236909058005725,0.3191458186968626,0.5758431663194429,-0.13056856107219536,2.9322492389988395,-0.21272014063693345,4.576254474765258,-0.9939904133161959,0.8457671220495392,0.0,1.9592371817855863,0.0,0.10242962283928123,2.917712558149437,-0.11789450219719255,-28.526865787668623,-0.068918720657277,-4.166666666666667,-2.325156203326565,-0.48445760063170723,-0.5002911645963624,-1.6037917737789202,-4.286444294699011,-5.522121993127148,-0.9495843889859332,-0.5071270191504478,-0.3667664951948345,Oil & Gas Refining & Marketing,Energy,CLNE
2017Q2,2017,Q2,2017-08-03,2017-06-30,-17808000.0,81016000.0,-13968000.0,-0.12,9336000.0,0.1152364964945196,872446000.0,531109000.0,322847000.0,61842000.0,317581000.0,29949000.0,-561082000.0,382489514.42,587358514.4200001,3.526938148998997,5.220513566831603,0.2920845530840877,0.4798035808092124,-0.01789208994898463,3.526938148998997,-0.033529840390578956,4.7211601957638,-5.369630424809075,0.7201714044009798,0.0,2.393402116932118,0.0,0.09286076158295184,4.534232398693445,-0.020411578481648148,-29.242317616207952,0.1152364964945196,-1.3,0.09295657871269947,-0.33270965087215276,-0.41065764562391116,-0.29873056411026816,-1.2916523362649242,-0.33537284894837477,0.652761900586466,-0.4799427760146614,-0.27898198297345495,Oil & Gas Refining & Marketing,Energy,CLNE
2017Q1,2017,Q1,2017-05-04,2017-03-31,61059000.0,89491000.0,-10460000.0,0.4,13313000.0,0.1487635628163726,906459000.0,543125000.0,351019000.0,82258000.0,338847000.0,28711000.0,-543273000.0,379561132.65,587819132.65,3.648868735137599,4.2672931508181575,0.2817369566632357,0.4702103567318757,-0.013606503718768563,3.648868735137599,0.1124216340621404,4.241333012816931,1.5540752904977153,0.6988467344533947,0.0,2.6532687819999303,0.0,0.09872592141508882,3.7613241265287267,0.06735991368611266,-61.42759874575174,0.1487635628163726,16.33324779809426,2.1015750534704205,-0.30044136490164897,-0.39864994389267683,-0.3820266443856473,16.724697398918362,-0.4539894356408118,2.358281549333737,-0.402551820795076,-0.2954855425871386,Oil & Gas Refining & Marketing,Energy,CLNE
2016Q4,2016,Q4,2017-03-07,2016-12-31,-3883000.0,101832000.0,-7194000.0,-0.026087102045641974,21543000.0,0.21155432477020975,897257000.0,468865000.0,261764000.0,89222000.0,403570000.0,29544000.0,-603836000.0,425703858.58,701960858.5799999,3.149968864442422,2.9338503956423305,0.3481455146072976,0.6662386827764921,-0.0094599599447182,3.149968864442422,-0.008281701555884957,4.180452692473878,-27.408180439093485,0.9079454823456645,0.0,2.7176076360682373,0.0,0.11349256678967119,2.367162807379346,-0.004327634111519887,-82.5007477868217,0.21155432477020975,0.7391289795435803,0.8930948012721265,-0.3198637880899383,-0.5010387330813424,0.05820807544945476,0.6925087108013938,-0.30090415913200724,0.9238318128936599,-0.24047582732945688,-0.422366504552289,Oil & Gas Refining & Marketing,Energy,CLNE
2016Q3,2016,Q3,2016-11-03,2016-09-30,-12628000.0,97017000.0,-5530000.0,-0.1,20358000.0,0.2098395126627292,911354000.0,439573000.0,269656000.0,90768000.0,446705000.0,29455000.0,-599953000.0,583049089.86,894114089.86,3.370027231277908,2.9708267230742114,0.3869188043285046,0.8021875774899733,-0.0072110386196621995,3.370027231277908,-0.028727879100854694,6.0097621021058165,-11.542783692191954,1.3263987775864305,0.0,2.6025802070955697,0.0,0.10645369417372393,2.427959192667019,-0.013856306111565868,50.44113589929925,0.2098395126627292,-11.0,0.4000157480590344,-0.27393553679531635,-0.4204287055302033,-0.16486852360831933,-9.253594771241831,-5.255656108597285,0.5151165349825172,-0.18712669529474069,-0.4156399949111822,Oil & Gas Refining & Marketing,Energy,CLNE
2016Q2,2016,Q2,2016-08-09,2016-06-30,1530000.0,108025000.0,-884000.0,0.01,24377000.0,0.22566072668363804,989137000.0,387682000.0,336002000.0,218471000.0,575988000.0,28561000.0,-587325000.0,379176983.82,765649983.8199999,3.54783279946815,1.5379707146486261,0.4941570277929144,1.2607987990156881,-0.0006822148970515941,3.54783279946815,0.0039465334991049365,3.5100854785466327,61.957023500000005,0.9780618749903272,0.0,2.9287489933825848,0.0,0.10921136303666731,1.3292290509953266,0.0015468029201212775,-68.96634845762095,0.22566072668363804,-0.6666666666666666,1.1751831846103646,0.005598341458486193,-0.39694166318470425,0.13034406009459334,-0.458981612446959,0.7805907172995781,1.11018591320291,0.05442957239913391,-0.39900829883209765,Oil & Gas Refining & Marketing,Energy,CLNE
2016Q1,2016,Q1,2016-05-05,2016-03-31,2828000.0,95782000.0,-4029000.0,0.03,21566000.0,0.22515712764402498,980646000.0,335119000.0,313884000.0,226861000.0,619433000.0,30037000.0,-588855000.0,284733790.24,721980790.24,3.448479610278657,1.3835961227359483,0.5348372399418343,1.5650738991224014,-0.0040733729475483735,3.448479610278657,0.008438793383842754,2.972727550479213,25.170950339462518,0.8496497967587633,0.0,2.47081932283517,0.0,0.09767235067496324,1.1499464429760955,0.0028838133230543947,13.230509281167233,0.22515712764402498,1.0555555555555556,1.2091524844695793,0.05735292573366961,-0.4172656299806593,-0.47621013771160714,1.0565441676330627,-1.2708389351976337,1.7001416141274563,-0.013425573094201098,-0.42065349706468574,Oil & Gas Refining & Marketing,Energy,CLNE
2015Q4,2015,Q4,2016-03-03,2015-12-31,-50014000.0,119347000.0,14876000.0,-0.54,41173000.0,0.34498563013733063,1005792000.0,302552000.0,329439000.0,246666000.0,676847000.0,29289000.0,-591683000.0,331426915.2,860116915.2,3.2863571123749216,1.3355671231543869,0.5691176704527378,1.8919524577593274,0.017090315700212997,3.2863571123749216,-0.16530712075940665,2.777002481838672,-1.6566707082017034,1.095437859277083,0.0,2.669056642425484,0.0,0.11865972288504979,1.1391111867869914,-0.04972598708281633,-14.88221442299057,0.34498563013733063,-1.1600000000000001,-3.7623597833481477,0.09275124094371007,-0.44261375714931145,2.5697069533552974,-1.1633288637051775,1.943669119512814,-0.212291177788862,0.2186302812425287,-0.4360435394106458,Oil & Gas Refining & Marketing,Energy,CLNE
2015Q3,2015,Q3,2015-11-05,2015-09-30,-23119000.0,92257000.0,-15764000.0,-0.25,11534000.0,0.1250203236610772,1044641000.0,346601000.0,312661000.0,239851000.0,671266000.0,30725000.0,-541652000.0,412027258.5,934400258.5,3.7854400839356117,1.303563462316188,0.5496778319058891,1.6567061260642642,-0.01694342825150425,3.7854400839356117,-0.06670205798598389,4.466081256706808,-4.455504763398071,1.188765348340022,0.0,2.6272742066720913,0.0,0.0883145501660379,1.0934872066407895,-0.022131047891093686,-33.92008384786367,0.1250203236610772,0.24242424242424246,-7.830093163015881,0.41234471157350344,-0.2836393139257386,0.1915289256198347,0.22838929310459916,0.19628836545324768,-0.3460406265634824,-0.041463251639300654,-0.35489185889274216,Oil & Gas Refining & Marketing,Energy,CLNE
2015Q2,2015,Q2,2015-08-05,2015-06-30,-29962000.0,86868000.0,-19614000.0,-0.33,9680000.0,0.11143343924114749,1070961000.0,374656000.0,330073000.0,91729000.0,669469000.0,31347000.0,-518533000.0,514123208.76,1036573208.76,4.095451604058801,3.598349485985893,0.5375975409001822,1.5367323624871883,-0.02115326108076751,4.095451604058801,-0.07997202767338572,5.918441874568311,-4.289793811828316,1.3722540377306118,0.0,2.4623727948448018,0.0,0.08111219736292918,3.042494739940477,-0.027976742383709584,-13.730456381796817,0.11143343924114749,0.029411764705882377,-3.015009018608831,0.3127582280622471,-0.09444640163401893,0.17632762182525216,0.03804539763059043,0.0713507883149472,-1.512110009078711,0.17776540356429527,-0.31566049967324517,Oil & Gas Refining & Marketing,Energy,CLNE
2015Q1,2015,Q1,2015-05-11,2015-03-31,-31147000.0,85848000.0,-21121000.0,-0.34,8229000.0,0.09585546547386077,1120992000.0,400343000.0,378186000.0,116178000.0,693420000.0,32795000.0,-488572000.0,487176477.755,954894477.755,4.384098991893661,3.2552290450859886,0.5125647640661128,1.4352217973088077,-0.022267430578342358,4.384098991893661,-0.07780078582615407,5.674872772283571,-3.9103001714049506,1.2168977046058005,0.0,2.366793718554658,0.0,0.07658217007793097,2.7935753757165727,-0.027785211669664012,58.34448835389222,0.09585546547386077,-35.0,0.15792096707325332,0.4505123558946508,0.009281668741794976,-0.7866753078418665,-24.36609152288072,-6.526164311878597,0.08405310688744087,0.09386722162949027,-0.2774806752109995,Oil & Gas Refining & Marketing,Energy,CLNE
2014Q4,2014,Q4,2015-02-26,2014-12-31,1333000.0,132112000.0,3822000.0,0.01,38575000.0,0.2919871018529732,1160409000.0,437426000.0,413639000.0,120211000.0,695374000.0,34696000.0,-457441000.0,455313495.735,933602495.735,4.798765884312098,3.4409413448020563,0.49178350047267816,1.3046092367623323,-0.009726218559855863,4.798765884312098,0.003047372584162807,3.4464204291434544,85.39262860746437,1.0408926212319343,0.0,2.6959015448466683,0.0,0.11384951340432554,2.9375015597574263,0.001148732903657245,-13.749463860335196,0.2919871018529732,1.03125,1.4588232383692912,1.0658679804321511,0.041440658074474154,4.417076253335206,1.0442960156847108,1.213949843260188,1.0599277685688628,0.44085545431657847,-0.23986604048347304,Oil & Gas Refining & Marketing,Energy,CLNE
2014Q3,2014,Q3,2014-10-23,2014-09-30,-30093000.0,103420000.0,-17864000.0,-0.32,7121000.0,0.06885515374202282,1183633000.0,435547000.0,424384000.0,126465000.0,739966000.0,35509000.0,-458774000.0,733656268.8,1238613268.8,4.630597112673373,3.3557426956074803,0.5235119331752325,1.422684578242991,-0.017396290585386307,4.630597112673373,-0.0690924286012761,7.093949611293753,-6.0949080251221215,1.6844479902283795,0.0,2.711960348080768,0.0,0.08737505628856242,2.741027161665283,-0.025424265798604805,-27.79948727975446,0.06885515374202282,0.058823529411764754,-0.03458182478356905,1.1049789702928885,0.0022937797490698293,-0.4633760361718161,0.06850120720609175,0.23710283566791937,-0.9827608352885475,0.07332548637261672,-0.20363813744539608,Oil & Gas Refining & Marketing,Energy,CLNE
2014Q2,2014,Q2,2014-08-07,2014-06-30,-32306000.0,98133000.0,-23416000.0,-0.34,13270000.0,0.13522464410544874,1205479000.0,464016000.0,437305000.0,116325000.0,737834000.0,39204000.0,-428681000.0,1111754359.64,1613194359.64,4.891608899794177,3.759338061465721,0.5194117856885105,1.3493931243750215,-0.021576872803273587,4.891608899794177,-0.06962259922071652,11.329057092313494,-8.603311765925834,2.3959397081997174,0.0,2.1646515661667176,0.0,0.08140581461808957,3.1371932086825702,-0.02679930550428502,-25.412689943311698,0.13522464410544874,-0.13333333333333347,-1.683581438931161,0.865132523299612,0.13961491991863897,0.09407205870228379,-0.12985695799671249,-0.385070389210931,-3.2610383043438205,0.05231706328128915,-0.16852746614694084,Oil & Gas Refining & Marketing,Energy,CLNE
2014Q1,2014,Q1,2014-05-08,2014-03-31,-28593000.0,95275000.0,-16906000.0,-0.3,12129000.0,0.12730516924691682,1224994000.0,490354000.0,468916000.0,111075000.0,730745000.0,38292000.0,-396375000.0,846406345.5,1314941345.5,5.179267361718994,4.221616025208193,0.5084620822632601,1.2702313022836562,-0.015713998415398486,5.179267361718994,-0.05831093454932559,8.883824145893467,-7.400468169656908,1.7261128603009253,0.0,2.1713673874438526,0.0,0.07777589114722194,3.5851451721809586,-0.023341338814720725,-13.789836026979911,0.12730516924691682,0.11764705882352951,-1.3363455666098116,0.6713715603178598,0.19142689083944767,-0.2973990615767827,0.11526084534934092,0.11533228676085819,-1.170567740215268,0.07955562515921896,-0.12479195347506553,Oil & Gas Refining & Marketing,Energy,CLNE
2013Q4,2013,Q4,2014-02-27,2013-12-31,-32318000.0,84995000.0,-19110000.0,-0.34,17263000.0,0.20310606506265075,1250965000.0,514572000.0,521096000.0,120106000.0,732427000.0,33822000.0,-367782000.0,1215368907.2,1595753907.2,5.453230966117972,4.338634206450968,0.4959515254223739,1.2056971619132018,-0.017408241878503698,5.453230966117972,-0.06280559377502079,14.299298866992176,-9.401640782226623,2.3619025271487764,0.0,2.002601856779611,0.0,0.06794354758126726,3.8135563585499477,-0.025834455800122304,-41.968607590041096,0.20310606506265075,-0.7000000000000001,0.23111179010915295,0.5262223279500298,0.15408867330012166,-0.16158329286061196,-0.7157570609471225,-0.6538295110341843,-2.741510690123167,-0.24073007937287888,-0.07509871396631065,Oil & Gas Refining & Marketing,Energy,CLNE
2013Q3,2013,Q3,2013-11-07,2013-09-30,-18836000.0,86321000.0,-11555000.0,-0.2,20590000.0,0.2385282839633461,1276584000.0,544054000.0,558141000.0,120116000.0,728601000.0,39720000.0,-335464000.0,1204702964.25,1472787964.25,5.767039499504577,4.646683206233974,0.48584425310046186,1.1399989706904095,-0.01022829651583575,5.767039499504577,-0.03462156330070177,13.956082115012569,-15.989368287454873,2.2143077052094093,0.0,1.6548590130916414,0.0,0.06761873875906325,4.0826118085850345,-0.014755002412688864,-79.20987338089289,0.2385282839633461,-0.5384615384615385,0.167890989212944,0.14995876909481373,0.14044918381722019,0.3371866476165736,-0.577158167964498,0.4172382489408917,-5.982473170246853,0.2825733035129224,0.0913606557965361,Oil & Gas Refining & Marketing,Energy,CLNE
2013Q2,2013,Q2,2013-08-08,2013-06-30,-11943000.0,88116000.0,-19828000.0,-0.13,15398000.0,0.1747469245086023,1022455000.0,554824000.0,289401000.0,108476000.0,463743000.0,35950000.0,-316628000.0,1244367199.1200001,1526477199.1200001,5.903297487425658,2.6678804528190567,0.360045185362681,0.6635077069485098,-0.022020503260582764,5.903297487425658,-0.021525745101149192,14.12192109401244,-26.048044861425105,2.2428142962813435,0.0,2.0227538247566064,0.0,0.08618080991339472,2.109609498875327,-0.011680709664484012,-144.34139880756294,0.1747469245086023,-2.25,-1.3331942303182047,0.200328165092155,0.14558676293440015,-0.5209681433549029,-2.0852492895892536,-15.550918196994992,-1.78178971200738,0.2961343629711491,0.3052900629237682,Oil & Gas Refining & Marketing,Energy,CLNE
2013Q1,2013,Q1,2013-05-08,2013-03-31,-3871000.0,93043000.0,-1198000.0,-0.04,32144000.0,0.3454746730006556,964870000.0,554358000.0,284917000.0,105934000.0,406559000.0,44218000.0,-304685000.0,1175331569.48,1407701569.48,5.952361139329583,2.6895708648781316,0.32640873900110895,0.5681202399893209,-0.0026034933265483406,5.952361139329583,-0.006982852236280527,12.632133201637952,-75.90619797726684,2.120167057172441,0.0,1.3772445610384911,0.0,0.09643060723206236,2.0137255272150583,-0.004011939432255122,-30.421420201371813,0.3454746730006556,0.9107392318198155,0.660954163817072,0.47725752674210264,0.15645663088618353,3.111264367816092,0.907248113094525,0.944211604731303,0.897385048738738,0.5414370608949517,0.3703178223768748,Oil & Gas Refining & Marketing,Energy,CLNE
2012Q4,2012,Q4,2013-02-28,2012-12-31,-41735000.0,99073000.0,-21474000.0,-0.44812520456080757,-15225000.0,-0.15367456320087208,975200000.0,542713000.0,284698000.0,113920000.0,428570000.0,38152000.0,-300814000.0,1159499052.3,1382002052.3,5.82732416779225,2.4991046348314607,0.33944319114027893,0.6099448511460016,-0.024935563556036565,5.82732416779225,-0.07690068231275093,11.703481799279318,-6.945603524020606,2.136486600284128,0.0,2.9958586705808345,0.0,0.10159249384741592,1.9496049859550562,-0.042796349466776046,-19.04252015601905,-0.15367456320087208,-1.3585537082147767,-5.804521460832649,0.5874107395960766,0.11741944028914256,-1.7526695669369192,-1.557134979474297,-0.5692779888921368,-13.060140429212849,0.5163155725048886,0.2646610529508696,Oil & Gas Refining & Marketing,Energy,CLNE
2012Q3,2012,Q3,2012-11-09,2012-09-30,-16321000.0,91459000.0,-13684000.0,-0.19,20228000.0,0.22117014181217814,972146000.0,510544000.0,345423000.0,136051000.0,457745000.0,37343000.0,-259079000.0,1146739396.32,1335665396.32,5.867915536515035,2.5389229039110335,0.3476782294017565,0.6620271710175812,-0.016406943932280274,5.867915536515035,-0.03196786173179981,12.538289247859696,-17.565397284480117,2.2461127666175686,0.0,1.9074793133920682,0.0,0.09407949011773951,1.9764059066085513,-0.01678863051434661,-20.386115736964676,0.22117014181217814,-0.4615384615384615,-4.366039444952606,0.5904484602368022,0.11961649625713126,-0.05086336336336336,-0.4451035948291128,-1.0695704779189352,0.39341057941615876,1.0124188834616448,0.2701116290694665,Oil & Gas Refining & Marketing,Energy,CLNE
2012Q2,2012,Q2,2012-08-06,2012-06-30,-11294000.0,69842000.0,-6612000.0,-0.13,21312000.0,0.3051459007474013,937666000.0,518414000.0,353004000.0,139057000.0,415507000.0,36470000.0,-242758000.0,1342697652.5,1457596652.5,5.984531949570829,2.538556131658241,0.3067339543078239,0.5547959738741624,-0.008331015434504596,5.984531949570829,-0.021785677084338,19.22478812891956,-29.721481594209315,2.5900104019181582,0.0,1.3306827529476282,0.0,0.07448494453248812,2.1166500068317307,-0.012044800600640313,-32.35338070166984,0.3051459007474013,0.6486486486486487,-0.3960009474400028,0.0030795476602456682,-0.013147777829118594,0.20081135902636918,0.6460115969283812,0.7700333889816361,-0.0273397023853588,0.45360358305755566,0.3942369551964105,Oil & Gas Refining & Marketing,Energy,CLNE
2012Q1,2012,Q1,2012-05-07,2012-03-31,-31905000.0,73634000.0,-28752000.0,-0.37,17748000.0,0.24102995898633783,927275000.0,519871000.0,367708000.0,114962000.0,403742000.0,38536000.0,-231464000.0,1823208475.2,1918328475.2,6.067794786214145,3.1985177710895774,0.30819983284354696,0.5497248355842123,-0.03596615273848882,6.067794786214145,-0.061370993958116536,24.76041604693484,-14.286228453220499,3.507040160347471,0.0,1.4502283578991073,0.0,0.07940902105632094,2.66832518571354,-0.03440726860963576,-33.75811870833951,0.24102995898633783,-0.5162636102740709,-13.632547126615744,0.043294461353501415,0.700280780492135,-0.09812490472076833,-0.5260439087387,-0.8241339931480777,-1.8807978775447045,0.42741129247359055,0.39582171984871634,Oil & Gas Refining & Marketing,Energy,CLNE
2011Q4,2011,Q4,2012-03-12,2011-12-31,-20907000.0,86181000.0,-15762000.0,-0.2440208928664594,19679000.0,0.22834499483644888,942707000.0,540884000.0,401616000.0,109115000.0,398299000.0,35287000.0,-199559000.0,1067536541.4000001,1118833541.4,6.313052882631752,3.680667185996426,0.30701161654681675,0.5350907033670805,-0.021191843441792483,6.313052882631752,-0.038653389636225145,12.38714497859157,-12.76530039460468,1.9736885199044527,0.0,1.8846033950179952,0.0,0.09141864863632072,3.1848050222242588,-0.022177622527466117,-21.589510817643134,0.22834499483644888,-0.5251305804153712,0.7893754451447277,0.3007222851022376,0.626924197569916,0.0181601821192053,-0.8413774881099172,-1.3037123648056124,0.45217985905529895,0.7043685230229215,0.33605616029437946,Oil & Gas Refining & Marketing,Energy,CLNE
2011Q3,2011,Q3,2011-11-08,2011-09-30,-11354000.0,72082000.0,-6842000.0,-0.16,19328000.0,0.26813906384395547,791603000.0,409146000.0,268105000.0,93182000.0,379027000.0,32374000.0,-178651000.0,782449926.2399999,911616926.2399999,5.814689691215428,2.8772187761584855,0.36403348648249184,0.704320707033675,-0.009051478608479439,5.814689691215428,-0.02775048515688776,10.854997450681168,-17.228508152193058,1.9123978390110132,0.0,1.6295175140544882,0.0,0.09105827037037505,2.3363095876886093,-0.014343048219877893,-26.196053642237768,0.26813906384395547,-1.0,0.8607230936139664,0.32468561645147476,0.0,0.03419123548611483,-1.02064424274782,-0.18764103454261413,0.32752251560363127,0.28744874908631046,0.14987215070517754,Oil & Gas Refining & Marketing,Energy,CLNE
2011Q2,2011,Q2,2011-08-08,2011-06-30,-5619000.0,69113000.0,-5761000.0,-0.08,18689000.0,0.2704122234601305,598889000.0,413596000.0,138494000.0,92237000.0,181790000.0,29435000.0,-167297000.0,924481583.3000001,979197583.3000001,5.883067330109355,1.5015015666164337,0.15026490718647362,0.21758430932600895,-0.009493005721308265,5.883067330109355,-0.013585721331927775,13.376377574407131,-41.131944442961384,2.235228540169634,0.0,1.713062680482419,0.0,0.11540201940593332,0.7795570107440615,-0.009382373027389049,-55.09425407032182,0.2704122234601305,0.4285714285714286,-1.4207140325515022,0.462218472861094,0.6285382301449421,0.01919616076784643,0.4238695785912027,0.4353621483877291,-0.467521768822564,0.25861535533271157,0.14166092309945993,Oil & Gas Refining & Marketing,Energy,CLNE
2011Q1,2011,Q1,2011-05-09,2011-03-31,-9753000.0,65341000.0,-10203000.0,-0.14,18337000.0,0.28063543563765475,597163000.0,414811000.0,144318000.0,85258000.0,178729000.0,26994000.0,-161678000.0,1148172480.0,1183881480.0,5.917755649395115,1.6927209176851439,0.14679074222615934,0.21132033624952087,-0.018844099535640983,5.917755649395115,-0.02351191265419673,17.572006550251757,-29.43126422639188,2.767941255174043,0.0,1.74127583907535,0.0,0.1094190363435109,0.9883764573412466,-0.01633222420009277,-1249.3715778019587,0.28063543563765475,-1.7118720837802435,-0.19748244492939931,0.16175652462922172,0.0,-0.44350945751686194,-1.7074877344854316,-1.8828404984194014,-0.13496188969648468,0.37837089430343135,0.1497332907925601,Oil & Gas Refining & Marketing,Energy,CLNE
2010Q4,2010,Q4,2011-03-10,2010-12-31,13785398.0,83156875.0,11557014.0,0.1966645457658069,32951144.0,0.3962527932897911,583499000.0,413287000.0,162061000.0,96991000.0,167283000.0,20483000.0,-151926000.0,970128640.0,979350640.0,5.896014037890892,1.670886989514491,0.1103960760858202,0.15586263298869793,0.02531208577474995,5.896014037890892,0.033355508399731906,11.666246957933424,17.593410070568872,2.347348549555152,0.0,2.4510926622076843,0.0,0.14251416883319423,1.3209369941540967,0.023625401243189792,-38.91726312167249,0.3962527932897911,7.55548485886023,0.030275738029851496,0.37584014281365863,0.42541546697737564,1.7131723112551902,8.533523073173344,9.554965419682837,3.9862371244212214,0.7702718821630017,0.1305910768738013,Oil & Gas Refining & Marketing,Energy,CLNE
2010Q3,2010,Q3,2010-11-08,2010-09-30,-1829874.0,45653707.0,-1350913.0,-0.03,12144877.0,0.2660217055320393,509046349.0,338154752.0,107390187.0,96353420.0,167732247.0,18044725.0,-165711509.0,909337162.23,939662637.23,5.284265534838681,1.1145446316280212,0.12278655985410084,0.1848385972112555,-0.003970434079658442,5.284265534838681,-0.005411350836199398,19.918145140546855,-124.23494216405065,2.689115432658477,0.0,1.8569875683891,0.0,0.08968477446048827,0.7844032105969876,-0.003594709997615561,-111.00452144943787,0.2660217055320393,-1.2142857142857142,-1.1498020386977819,-0.1726138678448417,0.0,-0.09497271439918584,-1.1849297915728059,-1.1339243900050084,0.18201235668713897,0.07941303777900316,0.008254264498519175,Oil & Gas Refining & Marketing,Energy,CLNE
2010Q2,2010,Q2,2010-08-09,2010-06-30,9894966.0,44034754.0,10087132.0,0.14,13419349.0,0.3047444979481434,360678338.0,275320806.0,103067787.0,34510950.0,82104059.0,7880449.0,-163881635.0,909498510.54,865742749.54,4.522594368184065,2.9865241901483444,0.03311825729883451,0.043385889259673314,0.03484624928445517,4.522594368184065,0.03593976838786386,20.654106766214703,22.978818485581456,3.303413656794249,0.0,3.884982315093975,0.0,0.1220887127410463,2.433292360830403,0.027434322934026607,-77.83153962847038,0.3047444979481434,1.3414634146341464,-0.14848890526084343,-0.1611057223227673,0.0,0.1740842879428293,1.4060891002356104,1.3907434033231465,2.740393179564316,-0.10006857088909303,-0.25422199432989495,Oil & Gas Refining & Marketing,Energy,CLNE
2010Q1,2010,Q1,2010-05-06,2010-03-31,-24366490.0,38988664.0,-25815233.0,-0.41,11429630.0,0.2931526455997569,362602707.0,261306046.0,109666797.0,33285091.0,98126014.0,7421996.0,-173776601.0,1370361698.5600002,1316024421.5600002,4.343781451375243,3.2947723351575036,0.03303245609801805,0.045837661176810277,-0.0900199216469233,4.343781451375243,-0.09324885655343773,35.14769571381056,-14.059900487924194,5.244278575016209,0.0,3.713156676451995,0.0,0.10752447030132073,2.7812378521062175,-0.06719886401730586,-140.33897752250337,0.2931526455997569,-11.86394408818628,-3.121968247292209,-0.24834264052402805,0.0,-0.2806510777932757,-11.708718748451602,-10.399698571992543,-14.916126105603563,-0.2132258583358967,0.21718818395301323,Oil & Gas Refining & Marketing,Energy,CLNE
2009Q4,2009,Q4,2010-03-10,2009-12-31,-1917305.0,42203276.0,-2264554.0,-0.03187202907516733,15888854.0,0.3764839013919204,355798573.0,277189341.0,108399933.0,29601119.0,75422408.0,6662505.0,-149410111.0,927009384.32,872143107.32,4.60781499848927,3.662021459391451,0.03434720914409064,0.0440878713297998,-0.008227680374130018,4.60781499848927,-0.0069169506774071805,21.96534184502644,-120.87401121887231,3.344318295125208,0.0,3.9496288558132413,0.0,0.11861564155289628,3.036231231663911,-0.005388737183046543,-420.6186272363004,0.3764839013919204,0.8971870029833312,-1.1669694867982456,-0.18636855575775405,0.1139815349161627,0.2788714791171142,0.8961406040101767,0.874238178934506,0.9724899296226855,-0.09280127443156572,0.18747076229823242,Oil & Gas Refining & Marketing,Energy,CLNE
2009Q3,2009,Q3,2009-11-09,2009-09-30,-18460583.0,31181826.0,-18006689.0,-0.31,12424121.0,0.3984410983500453,365152075.0,275793968.0,129240003.0,26969579.0,86163157.0,3838772.0,-147492806.0,860214547.0600001,797439733.0600001,4.619999850575417,4.792066016306744,0.08084060593110419,0.10703321473658917,-0.059197920012201435,4.619999850575417,-0.06693613763155255,27.587048528203578,-11.649341560068825,3.1190477199269275,0.0,4.886381634543547,0.0,0.08539408135637734,3.9233209016722137,-0.05055587593196616,-350.85665046466715,0.3984410983500453,-1.3846153846153846,-2.620055936279751,-0.39421042665581807,0.0,0.06502750837080838,-1.8949757604403235,-1.877137078528169,0.7330778594528787,-0.3245448749681544,0.0,Oil & Gas Refining & Marketing,Energy,CLNE
2009Q2,2009,Q2,2009-08-10,2009-06-30,-6376766.0,27870031.0,-6258544.0,-0.13,11665540.0,0.4185693227251882,287996879.0,215678523.0,56885128.0,26819339.0,69203114.0,7039244.0,-129032223.0,432629821.26,440253711.26,4.292334905674458,2.121048844641548,0.09513860044295827,0.12703916745572297,-0.026039269394640647,4.292334905674458,-0.029566068569562672,15.52311948486889,-16.961176764993414,2.005901261017074,0.0,2.302021495490141,0.0,0.09677198967145752,1.6387902401323164,-0.02214178855736836,-85.1163858327777,0.4185693227251882,0.0,-1.6648360785882526,-0.35673902709209815,0.0,0.3558440682969748,0.018059770740803078,0.07361994246818417,-2.8436527645208307,-0.17500905162776967,0.1881950517038371,Oil & Gas Refining & Marketing,Energy,CLNE
2009Q1,2009,Q1,2009-05-11,2009-03-31,-6494047.0,30248144.0,-6755914.0,-0.13,8603895.0,0.2844437331427674,285862657.0,218391186.0,67380223.0,24197067.0,64231463.0,6778061.0,-122655457.0,305950711.08,302814192.08,4.347113030216919,2.784644229815126,0.09719307618413411,0.12722066081915961,-0.0277170295404699,4.347113030216919,-0.02973584748974256,10.114693684346385,-11.778121989261859,1.4009297567530954,0.0,3.1932803496457174,0.0,0.10581355507375698,2.2410301628705662,-0.022717367382476962,-40.85273542176963,0.2844437331427674,0.7081536032171455,-1.677187062734128,-0.301723205219745,0.0,0.07271350831344413,0.7098034556018364,0.7011482802470345,-0.11251383424819814,-0.2496098288340014,0.0,Oil & Gas Refining & Marketing,Energy,CLNE
2008Q4,2008,Q4,2009-03-16,2008-12-31,-22378099.0,29649508.0,-22606241.0,-0.44543979789726595,8020683.0,0.270516563040439,290374400.0,237382603.0,75161440.0,24217502.0,49365875.0,3110731.0,-109943257.0,303438800.48,292238171.48,4.7251403573041175,3.103600032736655,0.08638434379890238,0.10566824056605362,-0.08647598875652852,4.7251403573041175,-0.094270172780943,10.234193446987383,-3.3899081472470023,1.2782689070100053,0.0,6.952971825593406,0.0,0.10210785799299112,2.572956368497461,-0.07706636328822375,-10.79309886587359,0.270516563040439,-0.8559991579052749,-3.3335462665089315,-0.31554268542719416,0.14234601641986983,-0.12463120589900305,-1.1037690937023896,-1.1339659645213769,-3.3335462665089315,-0.31554268542719416,0.14234601641986983,Oil & Gas Refining & Marketing,Energy,CLNE
2008Q3,2008,Q3,2008-11-14,2008-09-30,-10637146.0,35273687.0,-10593534.0,-0.24,9162633.0,0.25975830085468526,268691826.0,224172705.0,75198979.0,20997052.0,40774450.0,2460328.0,-87565158.0,627281074.7,619162003.7,5.056814088113601,3.5814065231633467,0.08289714403146749,0.09935993322648268,-0.04339018875577692,5.056814088113601,-0.047450674246893705,17.783257948056296,-14.742701536201533,2.7982045124539137,0.0,10.612834548889417,0.0,0.13127934528235333,2.625597917269529,-0.03958864755342427,-265.63498318822417,0.25975830085468526,-3.8,-2.2570332762845418,-0.07719877154001983,0.0,0.5301783531628765,-3.408759372163483,-3.030687689767219,-2.2570332762845418,-0.07719877154001983,0.0,Oil & Gas Refining & Marketing,Energy,CLNE
2008Q2,2008,Q2,2008-08-13,2008-06-30,-2412730.0,34601981.0,-2628220.0,-0.05,5987951.0,0.17305225963796697,245511260.0,228282930.0,96068888.0,15918223.0,17228330.0,2696414.0,-76928011.0,509010550.41,486676339.41,5.153077600429379,6.03515153670105,0.00027193457440607814,0.00029245725906882307,-0.011777572932883685,5.153077600429379,-0.010569033786275654,14.710445347334305,-52.74217902645551,2.22973548836963,0.0,10.611883041699086,0.0,0.1409384685655558,4.411630996751334,-0.00982737003589978,-17.45475361822856,0.17305225963796697,0.5833333333333333,-1.28531812948827,-0.09414797401355364,0.0,-0.20517592927016687,0.5555601811778476,0.57037383828381,-1.28531812948827,-0.09414797401355364,0.0,Oil & Gas Refining & Marketing,Energy,CLNE
2008Q1,2008,Q1,2008-05-15,2008-03-31,-5428699.0,29947357.0,-6117458.0,-0.12,7533681.0,0.2515641363610151,245232758.0,227925006.0,121309530.0,15975525.0,17307752.0,2580848.0,-74515282.0,591614093.12,574347267.12,5.147068191193937,7.593461247752422,0.0002655477209941096,0.00028571239787529063,-0.02703306924506747,5.147068191193937,-0.023817917547844663,19.755135423803843,-27.244745615846448,2.5956524187609324,0.0,8.684616839116446,0.0,0.12211809402722616,6.135619330194157,-0.022136924301116412,-28.90103186438724,0.2515641363610151,-0.8221304380774203,-1.6422307695185894,-0.21568684537630067,0.0,-0.07169986665132166,-0.8614952246176762,-0.7152682776513379,-1.6422307695185894,-0.21568684537630067,0.0,Oil & Gas Refining & Marketing,Energy,CLNE
2007Q4,2007,Q4,2008-03-19,2007-12-31,-2916311.0,29675429.0,-3566473.0,-0.06585697570949711,8115566.0,0.2734776302644184,249024944.0,230932474.0,136151215.0,16670338.0,18092470.0,2403890.0,-69086583.0,670436928.88,602724223.88,5.214983700555967,8.167273812924488,0.0002550748490480536,0.00027505876025040983,-0.019759565740296515,5.214983700555967,-0.012628414486219031,22.59232474381415,-57.473030901025304,2.903173023989688,0.0,8.968739418193012,0.0,0.11916649201214156,6.8743705136632505,-0.011710919208157717,-23.357571478715172,0.2734776302644184,-1.1952325236499037,-1.3450080134642806,-0.22280856591780002,0.26077013708510205,-0.09398398199481547,-0.8876165880243629,-0.4951502099682186,-1.3450080134642806,-0.22280856591780002,0.26077013708510205,Oil & Gas Refining & Marketing,Energy,CLNE
2007Q3,2007,Q3,2007-11-13,2007-09-30,-1544970.0,29210164.0,-2385361.0,-0.03,8957420.0,0.3066542180317783,248764409.0,231627988.0,132756316.0,15596654.0,17136421.0,3780465.0,-66170272.0,689889241.79,615360037.79,5.241004894203889,8.511845938237778,0.0009640165205465546,0.0010353368868359725,-0.015563435841865009,5.241004894203889,-0.006670048871641539,23.618122848950794,-111.63473106112092,2.978436447800945,0.0,5.357209761233076,0.0,0.11742099329008114,7.4934914245068205,-0.006210574921913368,-32.29071446999482,0.3066542180317783,0.6666666666666666,-1.183134843077924,-0.23348514127864772,0.0,0.10082112219008521,0.5663731418938831,0.40423272917271813,-1.183134843077924,-0.23348514127864772,0.0,Oil & Gas Refining & Marketing,Energy,CLNE
2007Q2,2007,Q2,2007-06-30,2007-06-30,-3562902.0,30663597.0,-4003847.0,-0.09,8137035.0,0.26536466025169847,249626621.0,231348349.0,147221583.0,16651679.0,18278272.0,2429941.0,-64625302.0,478394165.7,367676451.7,6.06426353928254,8.841245558480919,0.0010189738537541636,0.001099480506774656,-0.017533623445607483,6.06426353928254,-0.015400594019367737,15.601371414449519,-33.56773254639055,2.0678520843907124,0.0,9.270415207612036,0.0,0.12283784829182942,8.33616724175382,-0.014272924841617754,-43.88243232905181,0.26536466025169847,-2.0,-1.4892636357908051,-0.06782422466784642,0.0,0.1886023501709421,-3.094447234419585,-2.887041405757002,-1.4892636357908051,-0.06782422466784642,0.0,Oil & Gas Refining & Marketing,Energy,CLNE
2007Q1,2007,Q1,2007-03-31,2007-03-31,-870179.0,28167044.0,-1030050.0,-0.03,6845885.0,0.24304591564524838,139775231.0,122023851.0,48931303.0,15917279.0,17751380.0,2642876.0,-61062400.0,411681143.44,400373682.44,3.568701626126634,3.0740997252105715,0.001921320380432782,0.0022008238373004635,-0.008510564320524938,3.568701626126634,-0.007131220600470969,14.615702785141387,-118.27484444005198,3.3737760287535914,0.0,8.067408005521258,0.0,0.20151670505913885,2.4240847948949065,-0.006225559376825498,38.660181948765256,0.24304591564524838,0.9741057555710358,-1.1333219046653022,-0.0446338794432872,0.0,0.0,0.9762887318484322,0.9934522658996264,-1.1333219046653022,-0.0446338794432872,0.0,Oil & Gas Refining & Marketing,Energy,CLNE
