Quarters,Year,Quarter,FillingDate,Date,NetIncome,Revenue,OperatingIncome,EPSDiluted,GrossProfit,GrossProfitRatio,TotalAssets,CommonStockEquity,CurrentAssets,CurrentLiability,TotalLiability,Inventory,RetainedEarnings,MarketCap,EnterpriseValue,bookValuePerShare,currentRatio,debtToAssets,debtToEquity,roic,shareholdersEquityPerShare,roe,priceToSalesRatio,peRatio,pbRatio,payoutRatio,inventoryTurnover,dividendYield,assetTurnover,quickRatio,returnOnAssets,priceToFreeCashFlowsRatio,grossProfitMargin,epsdilutedGrowth,fiveYNetIncomeGrowthPerShare,fiveYRevenueGrowthPerShare,fiveYShareholdersEquityGrowthPerShare,grossProfitGrowth,netIncomeGrowth,operatingIncomeGrowth,threeYNetIncomeGrowthPerShare,threeYRevenueGrowthPerShare,threeYShareholdersEquityGrowthPerShare,Industry,Sector,Symbol
2023Q1,2023,Q1,2023-05-03,2023-03-31,-10125000.0,59973000.0,-2954000.0,-0.38,8218000.0,0.1370283294,803546000.0,368719000.0,131564000.0,127554000.0,434506000.0,2207000.0,-102700000.0,204118395.51000002,491966395.51,13.74668649040274,1.0314376656161313,0.40871088898457586,0.890699963929171,-0.004693488101802522,13.74668649040274,-0.02745993561492627,3.4035048356760544,-5.039960382962963,0.5535879504717685,0.0,23.450385138196648,0.0,0.07463542846333626,0.964626746319206,-0.012600398732617672,-199.72445744618398,0.13702832941490337,0.29629629629629634,0.7699531449134,-0.24037375470822062,-0.4882441934584031,13.284005979073244,0.30258988841438217,0.7173476222371065,0.43208192817145685,0.28495315886699785,-0.2751869106842189,Marine Shipping,Industrials,SMHI
2022Q4,2022,Q4,2023-03-06,2022-12-31,-14518000.0,57926000.0,-10451000.0,-0.54,-669000.0,-0.011549218,815630000.0,378825000.0,132576000.0,121425000.0,436484000.0,2123000.0,-93111000.0,244827234.24,540841234.24,14.173410939235549,1.09183446571958,0.4119232985544916,0.8868923645482742,-0.020204769150042472,14.173410939235549,-0.03832376427110143,4.226551708041295,-4.215925648160904,0.6462805628984359,0.0,27.600094206311823,0.0,0.07101994777043512,0.9682273008029648,-0.017799737626129495,-110.33223715187022,-0.011549217967751959,0.39999999999999997,-1.3291955740126287,-0.22908101940498207,-0.5104777779737317,-1.7752027809965238,0.3975683638325242,-0.2359271523178808,0.36711716052850846,0.05257308711225771,-0.26167103330553004,Marine Shipping,Industrials,SMHI
2022Q3,2022,Q3,2022-11-02,2022-09-30,-24099000.0,59791000.0,-8456000.0,-0.9,863000.0,0.0144336104,842993000.0,388649000.0,148867000.0,118277000.0,454023000.0,2059000.0,-79769000.0,150210595.68,455660595.68,14.540967433836089,1.2586301647826712,0.4187033581536264,0.9081819327979745,-0.01722493039891256,14.540967433836089,-0.06200710666951414,2.5122609703801575,-1.5582658583343707,0.3864942291888053,0.0,28.619718309859156,0.0,0.07092704209880746,1.1228894882352445,-0.02858742599286115,-21.52939596961445,0.014433610409593418,-0.2328767123287672,0.22713367357536904,-0.17885642847942143,-0.4705253195574385,1.1614895209580838,-0.23382142125742372,0.45547041020027046,-0.160526648435438,-0.029080450066732294,-0.2674469119564424,Marine Shipping,Industrials,SMHI
2022Q2,2022,Q2,2022-08-03,2022-06-30,-19532000.0,54017000.0,-15529000.0,-0.73,-5344000.0,-0.0989318178,877114000.0,413184000.0,95810000.0,97387000.0,463607000.0,1723000.0,-55418000.0,153588931.2,496445931.2,15.495516645668278,0.9838068736073603,0.41666761675221237,0.8845090807001239,-0.018093263593944447,15.495516645668278,-0.0472719175960347,2.843344339744895,-1.9658628302273193,0.37172042286245355,0.0,34.45211839814277,0.0,0.061584925106656606,0.8769137564562005,-0.0222684850543943,-24.386937313432835,-0.09893181776107522,0.06410256410256415,0.6200526021202473,-0.1560679250431188,-0.4548769130714589,0.42759211653813195,0.04773048608063966,0.09298522282576953,0.39668253962488087,-0.26385235196000434,-0.2583745233547846,Marine Shipping,Industrials,SMHI
2022Q1,2022,Q1,2022-05-04,2022-03-31,-20511000.0,45591000.0,-17121000.0,-0.78,-9336000.0,-0.2047772587,902631000.0,432724000.0,104207000.0,91543000.0,469587000.0,1297000.0,-37744000.0,212880894.51000002,549403894.51,16.403927125719406,1.138339359645194,0.41305694131932097,0.8616069365230493,-0.01868801736562279,16.403927125719406,-0.047399728233238736,4.66936225373429,-2.5947161829018577,0.4919553676477385,0.0,42.349267540478024,0.0,0.05050901198828757,1.04420873250822,-0.022723571426197416,511.73291949519233,-0.20477725866947424,0.025000000000000022,-0.8610531267870271,-0.10824722560925275,-0.4601904718851748,-1.7219859252958007,-0.008407079646017699,-0.6344630071599046,0.2972897533134111,-0.2905403990692011,-0.26815998108251404,Marine Shipping,Industrials,SMHI
2021Q4,2021,Q4,2022-03-10,2021-12-31,-20340000.0,47967000.0,-10475000.0,-0.8,12931000.0,0.2695811704,912502000.0,446541000.0,108778000.0,84665000.0,465961000.0,928000.0,-22907000.0,86768115.6,420493115.6,17.497664775838466,1.2848048189924999,0.4069514368187686,0.8316011295715287,-0.012098863210690019,17.497664775838466,-0.045550128655599376,1.808912702482957,-1.066471430678466,0.194311643499701,0.0,37.75431034482759,0.0,0.05256646012830657,0.44432764424496546,-0.022290362103315937,24.19635125488009,0.2695811703879751,-2.4782608695652177,0.7708929012374788,-0.2500483804299431,-0.4313213164399161,3.4867307692307694,-2.489449305198147,0.26635383106877714,-1.3022885900029846,-0.40341879655200774,-0.25039544759596905,Marine Shipping,Industrials,SMHI
2021Q3,2021,Q3,2021-11-04,2021-09-30,-5829000.0,43663000.0,-14278000.0,-0.23,-5200000.0,-0.11909396972264846,902060000.0,454483000.0,114875000.0,75139000.0,447257000.0,476000.0,-7059000.0,118137084.47,431844084.47,17.811987653498928,1.5288332290821012,0.3945424916302685,0.7830897965380443,-0.016334918638628067,17.811987653498928,-0.01282556223225071,2.7056566078831046,-5.066781800909247,0.2599373012191875,0.0,102.65336134453781,0.0,0.04840365385894508,1.4158825643141377,-0.006461876150145224,-15.741117184543638,-0.11909396972264846,-1.1284916201117319,0.8552413638527346,-0.4403923132172894,0.0,-0.01108302547151468,-1.1194467213114754,-2.708303421871261,0.6776937517329569,-0.45164444366759754,-0.25083417720209605,Marine Shipping,Industrials,SMHI
2021Q2,2021,Q2,2021-08-04,2021-06-30,48800000.0,42799000.0,8358000.0,1.79,-5143000.0,-0.12016635902708007,919177000.0,459081000.0,116984000.0,85662000.0,459776000.0,425000.0,-1230000.0,112169946.42,423046946.42,18.048927316230056,1.3656463776236838,0.38765439083005776,0.7761658617978091,0.0075762915375503686,18.048927316230056,0.10629932408442083,2.6208543755695226,0.5746411189549181,0.24433585014409226,0.0,112.80470588235295,0.0,0.04656230519257988,1.2394877541967266,0.05309097159741812,9.356852387387388,-0.12016635902708007,6.458333333333334,2.1104977535220564,-0.47996305430864605,0.0,0.09310527243872332,7.118449509233073,1.5048625792811838,2.5317517791743027,-0.44618708560059983,-0.3459975638962942,Marine Shipping,Industrials,SMHI
2021Q1,2021,Q1,2021-05-06,2021-03-31,6011000.0,36512000.0,-16555000.0,0.24,-5671000.0,-0.15531879929886064,973816000.0,408840000.0,149857000.0,91220000.0,564657000.0,572000.0,-50029000.0,134873843.13,543261843.13,16.15670725642205,1.642808594606446,0.48961713506452964,1.1662190588005088,-0.0163869764677708,16.15670725642205,0.014702573133744252,3.6939593320004382,5.609459454749626,0.3298939514969181,0.0,73.7465034965035,0.0,0.0374937359829783,1.569655777241833,0.006172623986461508,-21.51097976555024,-0.15531879929886064,1.155844155844156,1.3515803586983306,-0.5734854740368319,0.0,0.5491334075369693,1.154858821104699,0.12615465822116653,1.1447654624864476,-0.5097960846576901,-0.39852496390026426,Marine Shipping,Industrials,SMHI
2020Q4,2020,Q4,2021-03-12,2020-12-31,-38816000.0,12519000.0,-18945000.0,-1.54,-12578000.0,-1.0047128364885374,1017663000.0,401517000.0,178696000.0,131804000.0,615827000.0,576000.0,-51839000.0,68470350.52,508691350.52,15.891711693255692,1.3557706898121453,0.4646793683174096,1.1777508797884024,-0.022888259299625097,15.891711693255692,-0.09667336625846477,5.469314683281412,-0.44099308609851606,0.17052914451941015,0.0,43.57118055555556,0.0,0.012301714811288215,1.491692209644624,-0.03814229268431691,18.62631951033732,-1.0047128364885374,-1.138888888888889,0.5583824086004089,-0.8022992495189321,-0.48351521182894625,-7.771269177126918,-1.1467839168187601,-0.6682810848890455,-1.9310842219318456,-0.8237472789585313,-0.45113099075197344,Marine Shipping,Industrials,SMHI
2020Q3,2020,Q3,2020-11-05,2020-09-30,-18081000.0,45697000.0,-11356000.0,-0.72,-1434000.0,-0.031380615795347615,1057175000.0,436304000.0,156135000.0,121487000.0,620521000.0,573000.0,-13023000.0,50729653.309999995,510622653.31,17.459159726317477,1.2851992394247944,0.4777562844372975,1.1576148740327845,-0.010085376110422923,17.459159726317477,-0.04144128864278118,1.1101309344158259,-0.7014221186604722,0.11627134591935896,0.0,82.25305410122164,0.0,0.04322557760068106,1.2232749183040161,-0.017103128621089224,-8.346438517604474,-0.031380615795347615,-2.0,0.5415285728380858,-0.4020054991578864,0.0,-2.105628373168851,-1.9772764696196279,0.3206508734146925,0.37980793339665736,-0.32877307929963157,-0.36426630078430383,Marine Shipping,Industrials,SMHI
2020Q2,2020,Q2,2020-08-06,2020-06-30,-6073000.0,41878000.0,-16716000.0,-0.24,1297000.0,0.03097091551650031,1052102000.0,451018000.0,149325000.0,116102000.0,600738000.0,1409000.0,5058000.0,63372176.699999996,508130176.7,18.148278312176075,1.2861535546329952,0.47472203265462853,1.107397044020416,-0.006075476537510111,18.148278312176075,-0.0134650945195092,1.5132570012894597,-2.6087673596245673,0.140509196307021,0.0,28.801277501774308,0.0,0.03980412545551667,1.217429501645105,-0.005772254020997964,-3.0823043142023345,0.03097091551650031,0.6363636363636364,0.8585572725224123,-0.47920598031249356,0.0,2.009338521400778,0.6191282533709627,0.3210949557306474,0.8732467712530874,-0.2979921703886827,-0.36155433070137194,Marine Shipping,Industrials,SMHI
2020Q1,2020,Q1,2020-05-11,2020-03-31,-15945000.0,41743000.0,-24622000.0,-0.66,-1285000.0,-0.030783604436672017,966535000.0,454972000.0,152865000.0,112481000.0,511224000.0,1575000.0,11131000.0,105071947.02,429664947.02,18.96583642464228,1.3590295249864421,0.4074482558831289,0.8655763431595791,-0.021158573744586195,18.96583642464228,-0.035046112727816214,2.5171153731164506,-1.6474121514581372,0.2309415678767045,0.0,27.31936507936508,0.0,0.04318829633691486,1.2916314755380909,-0.016497074601540554,-5.429513591360066,-0.030783604436672017,0.23255813953488366,0.016237520588556542,-0.48563700561936346,0.0,-1.309042809042809,0.2204458785567615,-2.468864468864469,-0.5909148737365046,-0.10215888116493314,-0.37588486389717973,Marine Shipping,Industrials,SMHI
2019Q4,2019,Q4,2020-03-04,2019-12-31,-20454000.0,49070000.0,-7098000.0,-0.86,4158000.0,0.08473609129814551,1009193000.0,457492000.0,158546000.0,94817000.0,530269000.0,1228000.0,27076000.0,328642176.79999995,642752176.8,19.19660690368212,1.6721263064640308,0.3944270322921384,0.8700764166367937,-0.006874378492072898,19.19660690368212,-0.04470897851765714,6.697415463623394,-4.016844832306639,0.7183561172654385,0.0,36.57328990228013,0.0,0.048623008681193784,1.5988904943206388,-0.020267679224885628,93.02071236909141,0.08473609129814551,-0.1025641025641025,0.7532892547895282,-0.17845952570838614,-0.37610525274889134,-0.4246575342465753,-0.10891840607210626,-0.6055191133227776,0.7532892547895282,-0.17845952570838614,-0.37610525274889134,Marine Shipping,Industrials,SMHI
2019Q3,2019,Q3,2019-11-12,2019-09-30,-18445000.0,54700000.0,-4421000.0,-0.78,7227000.0,0.13212065813528337,1040506000.0,471252000.0,125641000.0,111397000.0,546359000.0,1408000.0,64929000.0,298424370.0,659487370.0,19.849711469609534,1.1278669982135965,0.3836767880242882,0.8471433542987616,-0.0056338498189228035,19.849711469609534,-0.039140417441199185,5.455655758683729,-4.044786798590404,0.6332585750299203,0.0,33.71661931818182,0.0,0.0525705762388684,0.933095146188856,-0.0177269520790846,-37.51877923057581,0.13212065813528337,0.35537190082644626,0.5076937644993585,-0.24653397281070075,0.0,8.292633703329969,0.35027651555179823,0.7317028765626896,0.5076937644993585,-0.24653397281070075,0.0,Marine Shipping,Industrials,SMHI
2019Q2,2019,Q2,2019-08-07,2019-06-30,-28389000.0,64345000.0,-16478000.0,-1.21,-991000.0,-0.015401352086409201,1076696000.0,488549000.0,147657000.0,119779000.0,565456000.0,2995000.0,83312000.0,348395852.8,689349852.8,20.893991824233332,1.2327453059384366,0.3712524240825637,0.8181901917719615,-0.01580806235661472,20.893991824233332,-0.058108807918960025,5.414497673478903,-3.0680532318855893,0.713123663747137,0.0,21.815025041736227,0.0,0.05976152971683744,1.1546180883126425,-0.026366773908326955,-19.810977641305584,-0.015401352086409201,-0.09009009009008996,0.29725272239790324,-0.14951512016311252,0.0,0.8942256377414879,-0.11115894946964656,0.2157068062827225,0.29725272239790324,-0.14951512016311252,0.0,Marine Shipping,Industrials,SMHI
2019Q1,2019,Q1,2019-05-10,2019-03-31,-25549000.0,56249000.0,-21010000.0,-1.11,-9369000.0,-0.1665629611193088,1112349000.0,517557000.0,151809000.0,110709000.0,570226000.0,4139000.0,111701000.0,318182087.86,656097087.86,22.414635305108845,1.371243530336287,0.36119059755526367,0.7762816462727777,-0.01902231153828061,22.414635305108845,-0.04936461104767204,5.656671013884692,-3.1134495269873574,0.6147768996651576,0.0,15.853587823145688,0.0,0.05056776245584794,1.2721007325511025,-0.02296851078213762,-13.744366646220303,-0.1665629611193088,-2.1714285714285717,-0.6376677513951376,-0.2799095956593054,0.0,-2.0651432469304227,-2.278034385424686,-0.8777370631870587,-0.6376677513951376,-0.2799095956593054,0.0,Marine Shipping,Industrials,SMHI
2018Q4,2018,Q4,2019-03-12,2018-12-31,-7794000.0,70932000.0,-11189000.0,-0.35,8796000.0,0.12400609034004399,1102935000.0,525531000.0,179032000.0,83617000.0,548000000.0,3443000.0,126834000.0,264763299.35999998,574234299.36,23.342527362890618,2.1410957102024706,0.36689922796901,0.7700135672300968,-0.011934630484871254,23.342527362890618,-0.01483071407776135,3.732635472847234,-8.492535904541956,0.5038014871815364,0.0,18.047051989544002,0.0,0.06431204014742482,2.0498463231161126,-0.007066599572957608,-15.464242705449447,0.12400609034004399,0.5070422535211268,0.9004872370226079,0.2570822131767598,-0.24136175302525298,4.9033557046979865,0.5115623237450648,-0.10149635755069895,0.9004872370226079,0.2570822131767598,-0.24136175302525298,Marine Shipping,Industrials,SMHI
2018Q3,2018,Q3,2018-11-13,2018-09-30,-15957000.0,70255000.0,-10158000.0,-0.71,1490000.0,0.02120845491424098,1155477000.0,535261000.0,202758000.0,102141000.0,590589000.0,3646000.0,134628000.0,503838388.68,816138388.6800001,23.775761135200526,1.9850794489969747,0.3593009640174577,0.7756290856236491,-0.011677407241616167,23.775761135200526,-0.029811624609302752,7.171566275425237,-7.893689112615152,0.9412947864312923,0.0,18.86039495337356,0.0,0.060801729502188276,1.9068248793334703,-0.013809881114033425,-13.035922087451487,0.02120845491424098,0.43200000000000005,0.5508661810759335,0.020519771014205462,0.0,1.228352490421456,0.3623321611253197,0.5163317779259118,0.5508661810759335,0.020519771014205462,0.0,Marine Shipping,Industrials,SMHI
2018Q2,2018,Q2,2018-06-30,2018-06-30,-25024000.0,60701000.0,-21002000.0,-1.25,-6525000.0,-0.10749411047593944,1132538000.0,551360000.0,169643000.0,103847000.0,551723000.0,3666000.0,150585000.0,461303934.44,746834934.44,27.597645390678668,1.6335859485589377,0.32826271612961333,0.6742781485780616,-0.019242270887261537,27.597645390678668,-0.04538595473012188,7.599610128992932,-4.608615073929029,0.8366655804556007,0.0,18.337697763229677,0.0,0.05359731858886854,1.540111895384556,-0.022095505846161455,-15.815411904827208,-0.10749411047593944,0.23780487804878045,0.275014549602368,-0.06098804818351998,0.0,0.2720883534136546,0.13210557347483787,0.1397558777750471,0.275014549602368,-0.06098804818351998,0.0,Marine Shipping,Industrials,SMHI
2018Q1,2018,Q1,2018-05-10,2018-03-31,-28833000.0,51721000.0,-24414000.0,-1.64,-8964000.0,-0.17331451441387444,1117378000.0,472002000.0,135345000.0,105357000.0,614206000.0,3975000.0,175609000.0,334209739.8,699563739.8,26.861808531888872,1.2846322503488141,0.3831219157706703,0.9069707331748594,-0.020736860037038722,26.861808531888872,-0.061086605565230656,6.461780317472593,-2.897805811049839,0.7080684823369392,0.0,15.266666666666667,0.0,0.04628782739592152,1.1906280550888884,-0.02580415938026344,-16.655523761586764,-0.17331451441387444,-2.3666666666666667,-1.4286204227147339,-0.12992427719527172,0.0,0.1966302204696182,-1.9955802631124615,0.31861568518001676,-1.4286204227147339,-0.12992427719527172,0.0,Marine Shipping,Industrials,SMHI
2017Q4,2017,Q4,2018-03-22,2017-12-31,28961000.0,49343000.0,-35830000.0,1.2,-11158000.0,-0.22613136615122711,1008504000.0,508191000.0,177290000.0,99218000.0,485338000.0,3756000.0,216511000.0,205357639.5,410022639.5,28.953559821182107,1.7868733495938236,0.3122436797474279,0.6196469437672056,0.024569187295720402,28.953559821182107,0.05698841577280983,4.16183935917962,1.7727084656952452,0.40409538834808173,0.0,16.107827476038338,0.0,0.0489269254261758,1.6951661996815095,0.02871679239745207,-12.028210595677386,-0.22613136615122711,1.9600000000000002,1.4743046665352224,0.12168906847431268,-0.059001729978051635,-0.23061652145141723,2.4144566544566546,-0.23004565896529233,1.4743046665352224,0.12168906847431268,-0.059001729978051635,Marine Shipping,Industrials,SMHI
2017Q3,2017,Q3,2017-11-09,2017-09-30,-20475000.0,47813000.0,-29129000.0,-1.25,-9067000.0,-0.1896346182000711,1049931000.0,481994000.0,202192000.0,109218000.0,551925000.0,3786000.0,187550000.0,274492369.32,460862369.32,27.46300809262875,1.8512699371898405,0.30166458557752845,0.6571181384000631,-0.0262955403304648,27.46300809262875,-0.04247978190599883,5.740956838516722,-3.351555180952381,0.5694933325311103,0.0,15.02377179080824,0.0,0.04553918305107669,1.7709809738321522,-0.019501281512785126,-6.513510733235252,-0.1896346182000711,0.35233160621761656,0.260758961860214,-0.1091023282883872,0.0,0.46004049547403525,0.3976523887973641,0.35001673546803524,0.260758961860214,-0.1091023282883872,0.0,Marine Shipping,Industrials,SMHI
2017Q2,2017,Q2,2017-08-11,2017-06-30,-33992000.0,42323000.0,-44815000.0,-1.93,-16792000.0,-0.3967582638281785,1092255000.0,501190000.0,215997000.0,155562000.0,573231000.0,3376000.0,208025000.0,358978704.12,523517704.12,28.425720754145107,1.3884946195086203,0.2888492156135701,0.6294957999960095,-0.04027207710629841,28.425720754145107,-0.06782258225423492,8.481882289062685,-2.6401705115909624,0.7162527267503342,0.0,17.5103672985782,0.0,0.038748277645787844,1.3311605662051145,-0.031120937876228535,-11.878845272005295,-0.3967582638281785,-3.6194683063784567,-0.11589052899003832,-0.25813645130445917,0.0,-0.45033684574192434,-3.5966193373901283,-1.4113532418617165,-0.11589052899003832,-0.25813645130445917,0.0,Marine Shipping,Industrials,SMHI
2017Q1,2017,Q1,2017-06-23,2017-03-31,-7395000.0,34304000.0,-18585000.0,-0.417797,-11578000.0,-0.3375116604477612,1095823000.0,537874000.0,253039000.0,100881000.0,535137000.0,3421000.0,242017000.0,364443000.0,481242000.0,30.388361581920904,2.5082919479386603,0.2746866966654286,0.5596254884973061,-0.015538494505290434,30.388361581920904,-0.013748573085890003,10.62392140858209,-12.320588235294117,0.6775620312563909,0.0,13.411867874890383,0.0,0.031304325607328924,2.4260167920619344,-0.006748352608039802,6.6078545138070455,-0.3375116604477612,0.8799024457978075,0.3816372606405217,-0.4271113412047629,0.0,-4.5824493731919,0.8799025578562728,0.7753236862147753,0.3816372606405217,-0.4271113412047629,0.0,Marine Shipping,Industrials,SMHI
2016Q4,2016,Q4,2016-12-31,2016-12-31,-61575000.0,44361000.0,-82719000.0,-3.4788135593220337,-2074000.0,-0.04675277834133586,1015119000.0,544611000.0,250565000.0,81016000.0,464964000.0,3058000.0,249412000.0,364443000.0,485339000.0,30.768983050847456,3.092784141404167,0.23465721752819127,0.43738558347150536,-0.07067694135203535,30.768983050847456,-0.1130623509257066,8.215391898289038,-1.4796711327649208,0.6691803874692211,0.0,15.184761281883585,0.0,0.043700295236322045,2.995655179223857,-0.060657913013154124,-11.845641292335696,-0.04675277834133586,-1.2043813456647803,0.0,0.0,0.0,-0.6631916599839615,-1.2043819138653207,-1.0141959676633876,0.0,0.0,0.0,Marine Shipping,Industrials,SMHI
2016Q3,2016,Q3,2016-09-30,2016-09-30,-27933000.0,54125000.0,-41068000.0,-1.578136,-1247000.0,-0.023039260969976907,,,,,,,,364443000.0,,,0.0,0.0,0.0,0.0,,0.0,6.733357967667437,-3.261760283535603,0.0,0.0,0.0,0.0,0.0,0.0,0.0,-8.185315784745306,-0.023039260969976907,0.08655981070612451,0.0,0.0,0.0,0.4403052064631957,0.08655984303466317,-0.18989395607579532,0.0,0.0,0.0,Marine Shipping,Industrials,SMHI
2016Q2,2016,Q2,2016-06-30,2016-06-30,-30580000.0,57271000.0,-34514000.0,-1.727684,-2228000.0,-0.03890276055944544,,,,,,,,364443000.0,,,0.0,0.0,0.0,0.0,,0.0,6.363482390738768,-2.9794228253760626,0.0,0.0,0.0,0.0,0.0,0.0,0.0,-10.487266553480476,-0.03890276055944544,-1.5570694886405683,0.0,0.0,0.0,0.4150695720661591,-1.5570699891295259,-1.0807861578344486,0.0,0.0,0.0,Marine Shipping,Industrials,SMHI
2016Q1,2016,Q1,2016-03-31,2016-03-31,-11959000.0,59879000.0,-16587000.0,-0.67565,-3809000.0,-0.06361161676046694,,,,,,,,364443000.0,,,0.0,0.0,0.0,0.0,,0.0,6.086324086908599,-7.61859269169663,0.0,0.0,0.0,0.0,0.0,0.0,0.0,-18.195766139098307,-0.06361161676046694,0.0,0.0,0.0,0.0,0.0,0.0,0.0,0.0,0.0,0.0,Marine Shipping,Industrials,SMHI
