Year,Date,FillingDate,NetIncome,Revenue,OperatingIncome,EPSDiluted,GrossProfit,GrossProfitRatio,TotalAssets,CommonStockEquity,CurrentAssets,CurrentLiability,TotalLiability,Inventory,RetainedEarnings,EnterpriseValue,bookValuePerShare,currentRatio,debtToAssets,debtToEquity,roic,shareholdersEquityPerShare,roe,priceToSalesRatio,peRatio,pbRatio,payoutRatio,inventoryTurnover,dividendYield,assetTurnover,quickRatio,returnOnAssets,priceToFreeCashFlowsRatio,grossProfitMargin,epsdilutedGrowth,fiveYNetIncomeGrowthPerShare,fiveYRevenueGrowthPerShare,fiveYShareholdersEquityGrowthPerShare,grossProfitGrowth,netIncomeGrowth,operatingIncomeGrowth,threeYNetIncomeGrowthPerShare,threeYRevenueGrowthPerShare,threeYShareholdersEquityGrowthPerShare,Industry,Sector,Price,MarketCap,AvgVolume,Symbol
2022,2022-12-31,2023-03-06,-78660000.0,217325000.0,-53999000.0,-2.95,-14486000.0,-0.0666559301,815630000.0,378825000.0,132576000.0,121425000.0,436484000.0,2123000.0,-93111000.0,539909799.64,14.227538994611281,1.09183446571958,0.4119232985544916,0.8868923645482742,-0.08312703145352107,14.227538994611281,-0.20764205107899425,1.1222629685494077,-3.100633099923723,0.6438218165115819,0.0,109.19029674988224,0.0,0.26645047386682685,0.9682273008029648,-0.09644078810244841,-82.36940210739616,-0.06665593005866789,-14.526315789473685,-0.5804449023739794,-0.17332098316094843,-0.5072278230750489,0.2737026823765355,-15.165228113440197,-0.45361796059007214,0.0728854775047075,-0.04752786788343024,-0.2687674338123296,Marine Shipping,Industrials,11.5,311613200,112265,SMHI
2021,2021-12-31,2022-03-10,-4866000.0,170941000.0,-37148000.0,-0.19,-19945000.0,-0.1166776841,912502000.0,446221000.0,108778000.0,84665000.0,465961000.0,928000.0,-22907000.0,420236956.2,17.53689855876823,1.2848048189924999,0.4069514368187686,0.8321974985489253,0.033080815595896325,17.53689855876823,-0.010904910347114995,0.5060924892214272,-17.77886481709823,0.19387692690393324,0.0,205.69612068965517,0.0,0.18733219214861996,1.1872556546388708,-0.005332591051855229,48.08891395219567,-0.11667768411323205,0.9372937293729373,0.974365808947331,-0.44855649723940794,-0.4300462082289971,-0.42464285714285716,0.9352779218706356,0.4814556317089853,0.9484342914000928,-0.44565905774747494,-0.30169195904972024,Marine Shipping,Industrials,11.5,311613200,112265,SMHI
2020,2020-12-31,2021-03-12,-75183000.0,141837000.0,-71639000.0,-3.03,-14000000.0,-0.0987048513,1017663000.0,401517000.0,178696000.0,131804000.0,615827000.0,576000.0,-51839000.0,518906366.24,16.199513720467703,1.3557706898121453,0.47599549163131605,1.2064321062370957,-0.06117383164349,16.199513720467703,-0.18724736437062442,0.4735673078251796,-0.8934116255004455,0.16728897217303376,0.0,270.55034722222223,0.0,0.13937521556743243,0.9203286698431004,-0.07387809127383034,-1.5874028983315214,-0.09870485134344353,0.05015673981191227,-0.9703364378108262,-0.7254067466922033,0.0,-4.826050769870995,-0.003456836260744221,-0.3638769371358946,-0.622751266359554,-0.42040630763449127,-0.4389282894122489,Marine Shipping,Industrials,11.5,311613200,112265,SMHI
2019,2019-12-31,2020-03-04,-74924000.0,201492000.0,-52526000.0,-3.19,-2403000.0,-0.0119260318,1009193000.0,457492000.0,158546000.0,94817000.0,530269000.0,1228000.0,27076000.0,663276166.3499999,19.456927457139255,1.6721263064640308,0.41912102045892113,0.9245495003191313,-0.05247372690364996,19.456927457139255,-0.16377116976908887,1.6092210427709286,-4.3276542409641765,0.7087449973988615,0.0,166.03827361563518,0.0,0.19965655726902584,1.5988904943206388,-0.07424149790971599,-7.180396535420864,-0.011926031802751475,0.14016172506738545,-1.0698287175637118,-0.5888021373250718,0.0,0.538151066692293,0.03458406349860839,0.21324685828977127,0.572873577401277,-0.2966029178375809,-0.36764476664745144,Marine Shipping,Industrials,11.5,311613200,112265,SMHI
2018,2018-12-31,2019-03-12,-77608000.0,253609000.0,-66763000.0,-3.71,-5203000.0,-0.02051583342862438,1102935000.0,525531000.0,179032000.0,83617000.0,548000000.0,3443000.0,126834000.0,555564370.3199999,25.113413465643987,2.1410957102024706,0.36689922796901,0.7700135672300968,-0.061358615907577754,25.113413465643987,-0.14767539878713148,0.970365287982682,-3.1709794134625295,0.46827564942886335,0.0,75.17049085100203,0.0,0.22994011433130693,2.0498463231161126,-0.07036498071055865,-2.343634782343698,-0.02051583342862438,-0.9839572192513367,-1.4089988721596445,-0.4184670132240633,0.0,0.8929313715402819,-1.3588340779915504,0.47987285659751167,-1.4089988721596445,-0.4184670132240633,0.0,Marine Shipping,Industrials,11.5,311613200,112265,SMHI
2017,2017-12-31,2018-03-22,-32901000.0,173783000.0,-128359000.0,-1.87,-48595000.0,-0.27963034358941896,1008504000.0,508191000.0,177290000.0,99218000.0,485338000.0,3756000.0,216511000.0,410599554.79999995,28.87244787925217,1.7868733495938236,0.3122436797474279,0.6196469437672056,-0.05679245554093152,28.87244787925217,-0.06474140628228363,1.1850097811638651,-6.259218710677486,0.40523062155764267,-0.0807270295735692,59.20607028753994,0.012897301293507836,0.17231761103575197,1.6951661996815095,-0.03262356916779705,-6.007075281488827,-0.27963034358941896,0.7493392340932956,-0.21419497778672977,-0.5262314671039756,0.0,-4.19288309467835,0.7508387165176036,0.26605027217419147,-0.21419497778672977,-0.5262314671039756,0.0,Marine Shipping,Industrials,11.5,311613200,112265,SMHI
2016,2016-12-31,2016-12-31,-132047000.0,215636000.0,-174888000.0,-7.460282,-9358000.0,-0.04339720640338348,1015119000.0,544611000.0,250565000.0,81016000.0,464964000.0,3058000.0,249412000.0,485339000.0,30.768983050847456,3.092784141404167,0.23465721752819127,0.43738558347150536,-0.14889929997601736,30.768983050847456,-0.2424611328085551,1.690084215993619,-2.759949109029361,0.6691803874692211,0.0,73.57553956834532,0.0,0.2124243561592286,2.995655179223857,-0.13008031570682846,-2.8018989774736682,-0.04339720640338348,-3.8459374910684825,-3.84593930052479,-0.4154114751076266,0.0,-1.3002534732248854,-3.84593930052479,-3.4917940156671374,-3.84593930052479,-0.4154114751076266,0.0,Marine Shipping,Industrials,11.5,311613200,112265,SMHI
2015,2015-12-31,2015-12-31,-27249000.0,368868000.0,-38935000.0,-1.539492,31167000.0,0.08449364000130127,,,,,,,,,,0.0,0.0,0.0,0.0,,0.0,0.988003838771593,-13.374545854893757,0.0,-0.06770890674887152,0.0,0.005062520064866111,0.0,0.0,0.0,-5.394200882152689,0.08449364000130127,0.0,0.0,0.0,0.0,0.0,0.0,0.0,0.0,0.0,0.0,Marine Shipping,Industrials,11.5,311613200,112265,SMHI
TTM,,,,,,,,,,,,,,,,599461200.0,13.74668649040274,1.0314376656161313,0.40871088898457586,0.890699963929171,-0.0640214318687905,13.74668649040274,-0.17626181361928053,1.3448588087541595,-4.517935033834256,0.8365652339586513,0.0,103.59719075668328,0.0,0.2883556137420882,0.964626746319206,-0.0849658886983446,-18.8673528699443,0.013240860224335044,,,,,,,,,,,Marine Shipping,Industrials,11.5,311613200,112265,SMHI
