Year,Date,FillingDate,NetIncome,Revenue,OperatingIncome,EPSDiluted,GrossProfit,GrossProfitRatio,TotalAssets,CommonStockEquity,CurrentAssets,CurrentLiability,TotalLiability,Inventory,RetainedEarnings,EnterpriseValue,bookValuePerShare,currentRatio,debtToAssets,debtToEquity,roic,shareholdersEquityPerShare,roe,priceToSalesRatio,peRatio,pbRatio,payoutRatio,inventoryTurnover,dividendYield,assetTurnover,quickRatio,returnOnAssets,priceToFreeCashFlowsRatio,grossProfitMargin,epsdilutedGrowth,fiveYNetIncomeGrowthPerShare,fiveYRevenueGrowthPerShare,fiveYShareholdersEquityGrowthPerShare,grossProfitGrowth,netIncomeGrowth,operatingIncomeGrowth,threeYNetIncomeGrowthPerShare,threeYRevenueGrowthPerShare,threeYShareholdersEquityGrowthPerShare,Industry,Sector,Price,MarketCap,AvgVolume,Symbol
2022,2022-12-31,2023-03-09,-3100000.0,781600000.0,32500000.0,-0.27,160300000.0,0.2050921187,465900000.0,-15800000.0,254700000.0,154400000.0,481700000.0,25700000.0,-528600000.0,489103000.0,-1.3982300884955752,1.6496113989637307,0.7531659154324962,-22.20886075949367,0.10009935419771486,-1.3982300884955752,0.1962025316455696,0.25025972364380755,-63.09774193548387,-12.37993670886076,0.0,24.17509727626459,0.0,1.6776132217213995,1.3711139896373057,-0.006653788366602275,-9.82929648241206,0.2050921187308086,0.0,0.9544670069401094,-0.13674706280286616,-1.0249016934727617,0.0,0.0,0.0,0.9871938457019058,-0.4278370640291515,-1.020153860980878,Oil & Gas Equipment & Services,Energy,10.965,179907141,241924,KLXE
2020,2021-01-31,2021-04-28,-332200000.0,276800000.0,-301100000.0,-51.11,-38000000.0,-0.137283237,362700000.0,32100000.0,150700000.0,77700000.0,330600000.0,20800000.0,-433100000.0,210400000.0,69.37777777777778,3.5262345679012346,0.3897978825794033,0.7783472133247918,-0.04750441617239418,69.37777777777778,-0.30877642536835365,0.1670955882352941,-0.9429460580912863,0.2911595131326073,0.0,39.166666666666664,0.0,0.8726339428938081,3.128086419753086,-0.15463586782162336,-7.15748031496063,0.13602941176470587,-7.033802816901409,0.8858090499881545,0.9249823071479123,0.0,-0.40752602081665334,-7.694444444444445,-2.2986425339366514,0.043650793650793655,2.177106146882757,0.5590511860174782,Oil & Gas Equipment & Services,Energy,10.965,179907141,241924,KLXE
2019,2020-01-31,2020-03-24,-96400000.0,544000000.0,-28700000.0,-21.42,74000000.0,0.1360294118,623400000.0,312200000.0,228500000.0,64800000.0,311200000.0,12000000.0,-100900000.0,602206000.0,84.75124378109453,3.618544600938967,0.35998810939357906,0.7108893454652186,0.036397323726196605,84.75124378109453,0.04226592309950103,1.0575529981829195,36.375416666666666,1.5374405635456414,0.0,24.051948051948052,0.0,0.7361771700356718,3.3262910798122065,0.02140309155766944,-23.80936363636364,0.25217040177670097,1.6006768189509308,1.0190942939884797,0.9619260385968248,0.0,1.4299610894941635,1.5975103734439835,1.9208333333333334,1.0190942939884797,0.9619260385968248,0.0,Oil & Gas Equipment & Services,Energy,10.965,179907141,241924,KLXE
2018,2019-01-31,2019-03-21,14400000.0,495300000.0,22100000.0,3.55,124900000.0,0.2521704018,672800000.0,340700000.0,308300000.0,85200000.0,332100000.0,15400000.0,-4500000.0,541799988.0,56.15,1.79375,0.0,0.0,-0.10730186999109528,56.15,-0.10730186999109528,1.6904835819032762,-22.481327302904564,2.412288459483526,0.0,26.38235294117647,0.0,1.170562454346238,1.5395833333333333,-0.08802045288531775,-9.309278144329896,0.16037441497659907,0.7308743169398907,0.9678837953091685,0.275875796178344,0.0,2.7663230240549828,0.7310267857142857,0.7318435754189944,0.9678837953091685,0.275875796178344,0.0,Oil & Gas Equipment & Services,Energy,10.965,179907141,241924,KLXE
2017,2018-01-31,2018-01-31,-24100000.0,320500000.0,-24000000.0,-5.91,51400000.0,0.160374415,273800000.0,224600000.0,86100000.0,48000000.0,49200000.0,10200000.0,-801200000.0,541799988.0,44.5,1.578125,0.0,0.0,-0.503370786516854,44.5,-0.503370786516854,3.5597896714848885,-6.046874866071429,3.0438201573033705,0.0,19.49462365591398,0.0,0.7424390243902439,1.19140625,-0.4370731707317073,-8.147368240601503,-0.1911957950065703,0.880600260983036,0.8805970149253731,-0.39410828025477707,0.0,0.07911392405063292,0.8805970149253731,-1.1688360686662893,0.8805970149253731,-0.39410828025477707,0.0,Oil & Gas Equipment & Services,Energy,10.965,179907141,241924,KLXE
2016,2017-01-31,2017-01-31,-89600000.0,152200000.0,-89500000.0,-21.96,-29100000.0,-0.191195795,205000000.0,178000000.0,40400000.0,25600000.0,27000000.0,9300000.0,-777100000.0,,,0.0,0.0,0.0,0.0,,0.0,2.1568470859872613,-0.7220149093816631,0.0,0.0,0.0,0.0,0.0,0.0,0.0,-6.080807946127946,-0.12579617834394904,0.0,0.0,0.0,0.0,0.0,0.0,0.0,0.0,0.0,0.0,Oil & Gas Equipment & Services,Energy,10.965,179907141,241924,KLXE
2015,2016-01-31,2016-01-31,-750400000.0,251200000.0,530100000.0,-183.92,-31600000.0,-0.1257961783,,,,,,,,,,,,,,,,,,,,,,,,,,,,,,,,,,,,,Oil & Gas Equipment & Services,Energy,10.965,179907141,241924,KLXE
TTM,,,,,,,,,,,,,,,,493807141.0,1.9366197183098592,1.7249533291848165,0.6852103120759837,12.854545454545455,0.08919624608692571,1.9366197183098592,-0.6061674008810573,0.20705160662907124,9.0525,5.661927272727272,0.0,24.529411764705884,0.0,1.684241132002326,1.4486621032980709,0.033339794533824386,-6.712953022388059,0.23213258142478996,,,,,,,,,,,Oil & Gas Equipment & Services,Energy,10.965,179907141,241924,KLXE
2021,,,,,,,,,,,,,,,,259975000.0,4.938461538461539,1.9395109395109396,0.6898263027295285,7.794392523364486,-1.0445703040639749,4.938461538461539,-10.348909657320872,0.20547326589595374,-0.17120710415412402,1.7718068535825544,0.0,15.134615384615385,0.0,0.7631651502619244,1.4684684684684686,-0.915908464295561,-0.7376783398184177,-0.13728323699421965,-1.3860877684407094,0.7275709365261604,-0.32190102890739836,0.0,-1.5135135135135136,-2.4460580912863072,-9.491289198606271,-7.482604532397064,-0.4685227409096364,-0.9120487704637303,Oil & Gas Equipment & Services,Energy,10.965,179907141,241924,KLXE
