Quarters,Year,Quarter,FillingDate,Date,NetIncome,Revenue,OperatingIncome,EPSDiluted,GrossProfit,GrossProfitRatio,TotalAssets,CommonStockEquity,CurrentAssets,CurrentLiability,TotalLiability,Inventory,RetainedEarnings,MarketCap,EnterpriseValue,bookValuePerShare,currentRatio,debtToAssets,debtToEquity,roic,shareholdersEquityPerShare,roe,priceToSalesRatio,peRatio,pbRatio,payoutRatio,inventoryTurnover,dividendYield,assetTurnover,quickRatio,returnOnAssets,priceToFreeCashFlowsRatio,grossProfitMargin,epsdilutedGrowth,fiveYNetIncomeGrowthPerShare,fiveYRevenueGrowthPerShare,fiveYShareholdersEquityGrowthPerShare,grossProfitGrowth,netIncomeGrowth,operatingIncomeGrowth,threeYNetIncomeGrowthPerShare,threeYRevenueGrowthPerShare,threeYShareholdersEquityGrowthPerShare,Industry,Sector,Symbol
2023Q1,2023,Q1,2023-05-04,2023-03-31,394000000.0,3356000000.0,536000000.0,3.05,792000000.0,0.2359952324,20806000000.0,10291000000.0,6146000000.0,2159000000.0,9978000000.0,1842000000.0,10232000000.0,14793050326.26,17271050326.260002,80.68316903385774,2.8466882816118573,0.23522060943958473,0.475561169954329,0.026900941320848158,80.68316903385774,0.0382858808667768,4.40794109840882,9.386453252703046,1.4374745239782336,0.11928934010152284,1.3919652551574375,0.0031771675863609804,0.1612996251081419,1.968040759610931,0.018936845140824762,60.379797250040816,0.2359952324195471,0.7039106145251395,0.39365633909117115,0.5846190100756956,1.032129328402767,0.3968253968253968,0.6982758620689655,0.6391437308868502,1.7336515007787625,0.7475505949871277,0.7568555918984001,Specialty Chemicals,Basic Materials,WLK
2022Q4,2022,Q4,2023-02-22,2022-12-31,232000000.0,3299000000.0,327000000.0,1.79,567000000.0,0.1718702637,20550000000.0,9931000000.0,5973000000.0,2298000000.0,10085000000.0,1866000000.0,9885000000.0,13077143482.26,15728143482.26,77.87057941066595,2.5992167101827675,0.23742092457420924,0.49128990031215386,0.017362447733457225,77.87057941066595,0.023361192226361897,3.9639719558229767,14.091749442090519,1.3168002700896184,0.19827586206896552,1.4640943193997857,0.003517587771549804,0.1605352798053528,1.7532637075718016,0.011289537712895377,24.306958145464684,0.17187026371627767,-0.42258064516129035,-0.7056946385609901,0.6698613621308893,1.073355510040751,-0.2693298969072165,-0.42144638403990026,-0.36627906976744184,2.2484813936688894,0.7662691790324134,0.7085207631206996,Specialty Chemicals,Basic Materials,WLK
2022Q3,2022,Q3,2022-11-03,2022-09-30,401000000.0,3956000000.0,516000000.0,3.1,776000000.0,0.1961577351,20425000000.0,9621000000.0,6101000000.0,2461000000.0,10237000000.0,2024000000.0,9700000000.0,11115722592.0,14632722592.0,75.19731381220133,2.4790735473384804,0.2592411260709914,0.5503585905830994,0.027850091177765202,75.19731381220133,0.041679659079097806,2.8098388756319514,6.9300016159601,1.1553604190832554,0.11471321695760599,1.5711462450592886,0.004138282475050814,0.1936842105263158,1.608695652173913,0.0196328029375765,17.672054995230525,0.1961577350859454,-0.5303030303030303,0.9187240868735348,0.8923751870120215,1.3854006349645822,-0.4629757785467128,-0.5326340326340326,-0.5608510638297872,1.56901509024669,0.938230107365315,0.6721614922838927,Specialty Chemicals,Basic Materials,WLK
2022Q2,2022,Q2,2022-08-03,2022-06-30,858000000.0,4483000000.0,1175000000.0,6.6,1445000000.0,0.3223287977,20372000000.0,9404000000.0,6013000000.0,2513000000.0,10398000000.0,2021000000.0,9345000000.0,12579997758.64,16130997758.64,73.27346933483491,2.3927576601671308,0.23895542902022385,0.5176520629519353,0.06051281524889319,73.27346933483491,0.091237771161208,2.8061560915993753,3.6655005124242424,1.3377283877754147,0.04428904428904429,1.5032162295893121,0.0030206682647380785,0.22005694089927352,1.5328292877039396,0.042116630669546434,18.418737567554903,0.3223287976801249,0.1129848229342327,4.645253808578901,1.2776337363310466,1.4619714724179442,0.1245136186770428,0.12303664921465969,0.1385658914728682,6.218176627070094,1.093298375082342,0.6461890266231303,Specialty Chemicals,Basic Materials,WLK
2022Q1,2022,Q1,2022-05-04,2022-03-31,764000000.0,4056000000.0,1032000000.0,5.93,1285000000.0,0.3168145957,19741000000.0,8681000000.0,5405000000.0,2550000000.0,10489000000.0,1884000000.0,8525000000.0,15804005207.0,19915005207.0,67.78252638929291,2.119607843137255,0.2616888708778684,0.5950927312521599,0.05506722800530273,67.78252638929291,0.08800829397534846,3.896450987919132,5.171467672447644,1.8205281888031333,0.051047120418848166,1.4708067940552016,0.002467728875635013,0.20546071627577123,1.3360784313725491,0.03870118028468669,36.16477164073226,0.3168145956607495,0.15369649805447472,4.57516310489988,1.105483394795515,1.3923511144900014,0.17244525547445255,0.15582450832072617,0.18077803203661327,9.648985342758513,1.0101121372997572,0.5468723521618797,Specialty Chemicals,Basic Materials,WLK
2021Q4,2021,Q4,2022-02-23,2021-12-31,661000000.0,3507000000.0,874000000.0,5.14,1096000000.0,0.3125178215,18459000000.0,7955000000.0,5263000000.0,2344000000.0,9931000000.0,1407000000.0,7808000000.0,12418388795.01,16151388795.01,62.219758356291486,2.2453071672354947,0.30559618614226125,0.7091137649277184,0.048636637056312985,62.219758356291486,0.0830923947203017,3.5410290262360995,4.696818757568078,1.561079672534255,0.057488653555219364,1.7135749822316986,0.003059978281181637,0.1899886234357224,1.6109215017064846,0.03580909041659895,24.207385565321637,0.3125178214998574,0.09594882729211071,5.802616713068886,1.058067562340928,1.2988911238370815,0.07662082514734773,0.08896210873146623,0.015098722415795587,4.442093381406607,0.7801742200409765,0.44111293953109904,Specialty Chemicals,Basic Materials,WLK
2021Q3,2021,Q3,2021-11-03,2021-09-30,607000000.0,3055000000.0,861000000.0,4.69,1018000000.0,0.3332242225859247,17108000000.0,7298000000.0,6435000000.0,1898000000.0,9239000000.0,1124000000.0,7202000000.0,11745643347.9,13763643347.9,56.628632446848485,3.3904109589041096,0.32668926817862987,0.7658262537681556,0.049446883504153966,56.628632446848485,0.08317347218416005,3.844727773453355,4.837579632578254,1.6094331800356263,0.06260296540362438,1.8122775800711743,0.0032352421127101573,0.17857142857142858,2.7465753424657535,0.03548047696983867,19.223638867266775,0.3332242225859247,0.16089108910891098,8.23529411762975,1.3862025711060104,1.1085756113470882,0.16743119266055045,0.16283524904214558,0.19583333333333333,0.9792295877339854,0.36057619588351436,0.3083349849856662,Specialty Chemicals,Basic Materials,WLK
2021Q2,2021,Q2,2021-08-03,2021-06-30,522000000.0,2859000000.0,720000000.0,4.04,872000000.0,0.3050017488632389,14719000000.0,6771000000.0,4445000000.0,1485000000.0,7380000000.0,965000000.0,6633000000.0,11544402599.73,13661402599.73,52.83940721317764,2.993265993265993,0.2691079557035125,0.5849948308964702,0.050092846738370535,52.83940721317764,0.07709348692955251,4.037916264333683,5.528928448146552,1.7049774922064687,0.06513409961685823,2.0590673575129532,0.0029451502324421004,0.19423873904477207,2.2848484848484847,0.03546436578571914,23.656562704364752,0.3050017488632389,1.160427807486631,3.7924401886491603,1.6856783669252382,1.0086030518639613,0.7131630648330058,1.1570247933884297,1.0809248554913296,0.8994034566402654,0.29398173103327935,0.2773723791250348,Specialty Chemicals,Basic Materials,WLK
2021Q1,2021,Q1,2021-05-05,2021-03-31,242000000.0,2357000000.0,346000000.0,1.87,509000000.0,0.21595248196860417,14050000000.0,6261000000.0,3734000000.0,1326000000.0,7225000000.0,955000000.0,6145000000.0,11429351041.160002,14000351041.160002,48.6391736501934,2.8159879336349927,0.28213523131672597,0.6331256987701646,0.025390996635340526,48.6391736501934,0.038651972528350106,4.849109478642343,11.807180827644629,1.8254833159495292,0.1446280991735537,1.9350785340314136,0.0030622911024393335,0.1677580071174377,2.051282051282051,0.017224199288256227,92.17218581580647,0.21595248196860417,1.1494252873563218,1.000000003317212,1.4594790917392642,0.8702663125085548,0.5758513931888545,0.5512820512820513,0.9438202247191011,-0.15181233336990912,0.10275644970387209,0.22505216970785547,Specialty Chemicals,Basic Materials,WLK
2020Q4,2020,Q4,2021-02-24,2020-12-31,156000000.0,1965000000.0,178000000.0,0.87,323000000.0,0.1643765903307888,11648000000.0,6043000000.0,3477000000.0,1357000000.0,7257000000.0,918000000.0,5938000000.0,10598620651.199999,12851620651.199999,46.52575238119963,2.5622697126013265,0.30614697802197804,0.5901042528545425,0.017822969068988097,46.52575238119963,0.025814992553367534,5.393700076946565,16.98496899230769,1.753867392222406,0.22435897435897437,1.7886710239651415,0.0033023165138038246,0.16869848901098902,2.6425939572586588,0.013392857142857142,34.29974320776699,0.1643765903307888,0.9333333333333332,0.41301406348981234,1.001575313769106,0.8598426185297078,0.3024193548387097,1.736842105263158,1.2531645569620253,-0.8056899901731581,-0.023390281897472023,0.2387788274905155,Specialty Chemicals,Basic Materials,WLK
2020Q3,2020,Q3,2020-11-04,2020-09-30,57000000.0,1898000000.0,79000000.0,0.45,248000000.0,0.13066385669125394,13694000000.0,5949000000.0,3381000000.0,1218000000.0,7206000000.0,829000000.0,5863000000.0,8007866687.74,10844866687.74,46.96578935009003,2.7758620689655173,0.2688038557032277,0.6187594553706506,0.010091417019338642,46.96578935009003,0.009581442259203227,4.219107843909378,35.12222231464912,1.3460861804908388,0.5964912280701754,1.9903498190591074,0.004245824927636947,0.13860084708631518,2.0607553366174054,0.0041624068935300134,32.68517015404082,0.13066385669125394,3.0909090909090913,-0.6762589927584445,0.665985580164563,0.9236204306773477,0.46745562130177515,2.8,1.1944444444444444,-0.7245146204221612,-0.08292951862580861,0.48984342734779296,Specialty Chemicals,Basic Materials,WLK
2020Q2,2020,Q2,2020-08-06,2020-06-30,15000000.0,1709000000.0,36000000.0,0.11,169000000.0,0.09888823873610299,13555000000.0,5901000000.0,3165000000.0,1109000000.0,7118000000.0,845000000.0,5840000000.0,6850057644.7,9858057644.7,46.21693223924177,2.853922452660054,0.2762818148284766,0.6346381969157769,0.01724895188660411,46.21693223924177,0.002541942043721403,4.0082256551784665,114.16762741166667,1.1608299685985426,2.2666666666666666,1.8224852071005917,0.004963461880690354,0.12607893766137956,2.0459873760144274,0.0011066027296200663,21.339743441433022,0.09888823873610299,-0.9026548672566371,-0.9242059591393841,0.4945892517096406,0.9579362743198017,-0.4028268551236749,-0.896551724137931,-0.7352941176470589,-0.9007960855171996,-0.12723247829172735,0.5528781392311124,Specialty Chemicals,Basic Materials,WLK
2020Q1,2020,Q1,2020-05-06,2020-03-31,145000000.0,1932000000.0,136000000.0,1.13,283000000.0,0.14648033126293997,14163000000.0,5893000000.0,3768000000.0,1024000000.0,7725000000.0,934000000.0,5860000000.0,4897920351.280001,7793920351.280001,45.924758646027456,3.6796875,0.31299865847631153,0.7522484303410827,0.01724784159644316,45.924758646027456,0.02460546410996097,2.535155461325052,8.444690260827587,0.8311420925301205,0.23448275862068965,1.765524625267666,0.00694172170258232,0.1364117771658547,2.736328125,0.010237943938431124,-47.55262476970874,0.14648033126293997,1.0178571428571426,0.027272729243432697,0.8151366563198263,1.0503481706364108,0.132,1.0138888888888888,0.3333333333333333,0.05607476930688217,0.0009754873728070741,0.6208918932662142,Specialty Chemicals,Basic Materials,WLK
2019Q4,2019,Q4,2020-02-19,2019-12-31,72000000.0,1883000000.0,102000000.0,0.56,250000000.0,0.1327668613913967,13261000000.0,5860000000.0,2742000000.0,1241000000.0,6858000000.0,936000000.0,5757000000.0,9019285744.35,12091285744.35,45.57777762585185,2.209508460918614,0.2597843299901968,0.5878839590443686,0.012294733259593295,45.57777762585185,0.012286689419795221,4.789849041078067,31.316964390104168,1.5391272601279864,0.4722222222222222,1.7446581196581197,0.0037696998369631213,0.1419953246361511,1.4214343271555197,0.005429454792247945,60.128571629,0.1327668613913967,-0.540983606557377,-0.5942029005675666,0.7125327714046472,1.0792023790850782,-0.3261455525606469,-0.5443037974683544,-0.5486725663716814,-0.26315789987389765,0.09885800134014326,0.6840044255442895,Specialty Chemicals,Basic Materials,WLK
2019Q3,2019,Q3,2019-11-06,2019-09-30,158000000.0,2066000000.0,226000000.0,1.22,371000000.0,0.17957405614714425,13107000000.0,5824000000.0,3482000000.0,1238000000.0,6745000000.0,906000000.0,5724000000.0,8485377067.44,10489377067.439999,44.97012648550732,2.8126009693053313,0.26253147173266195,0.5908310439560439,0.018101634724875994,44.97012648550732,0.02712912087912088,4.107152501181026,13.426229537088606,1.45696721625,0.2088607594936709,1.8708609271523178,0.0038890434376366435,0.15762569619287403,2.044426494345719,0.012054627298390174,27.549925543636363,0.17957405614714425,0.326086956521739,-0.031746035214839846,0.6947803593048181,1.1127867760841665,0.09117647058823529,0.3277310924369748,0.16494845360824742,1.3921568648836933,0.6058202860380056,0.6744693955930344,Specialty Chemicals,Basic Materials,WLK
2019Q2,2019,Q2,2019-08-06,2019-06-30,119000000.0,2144000000.0,194000000.0,0.92,340000000.0,0.15858208955223882,12216000000.0,5719000000.0,2595000000.0,1254000000.0,5957000000.0,925000000.0,5600000000.0,8992677888.179998,11278677888.179998,44.51096936610169,2.069377990430622,0.22061231172233137,0.47123623011015914,0.017106601483036943,44.51096936610169,0.0208078335373317,4.1943460299347,18.89218043735294,1.5724213827906974,0.2689075630252101,1.9502702702702703,0.003558450597019703,0.17550753110674525,1.2934609250398723,0.009741322855271775,80.29176685874998,0.15858208955223882,0.6727272727272726,-0.27072689694345337,1.2295156439593102,1.1768623903648976,0.13712374581939799,0.6527777777777778,0.44776119402985076,0.08961981606529652,1.0086601312998924,0.6920112019704572,Specialty Chemicals,Basic Materials,WLK
2019Q1,2019,Q1,2019-05-02,2019-03-31,72000000.0,2025000000.0,134000000.0,0.55,299000000.0,0.14765432098765433,12104000000.0,5632000000.0,2627000000.0,1226000000.0,5919000000.0,1021000000.0,5513000000.0,8970002619.2,11216002619.2,43.81908196533562,2.1427406199021206,0.22232319894249836,0.4778053977272727,0.01126232778006687,43.81908196533562,0.01278409090909091,4.429630923061729,31.14584242777778,1.5926851241477273,0.4583333333333333,1.6904995102840352,0.003678928691655515,0.16730006609385328,1.2773246329526917,0.005948446794448116,-160.17861820000002,0.14765432098765433,-0.4210526315789473,-0.525265145311794,1.0532057495649743,1.2847282970842655,-0.1553672316384181,-0.4146341463414634,-0.3526570048309179,-0.4040562476427965,1.1162487972247237,0.6849248598303952,Specialty Chemicals,Basic Materials,WLK
2018Q4,2018,Q4,2019-02-20,2018-12-31,123000000.0,1995000000.0,207000000.0,0.95,354000000.0,0.1774436090225564,11602000000.0,5590000000.0,2842000000.0,1183000000.0,5526000000.0,1014000000.0,5477000000.0,8567273670.280001,10482273670.28,43.1747968181704,2.4023668639053253,0.22996035166350628,0.4772808586762075,0.018657527686650962,43.1747968181704,0.022003577817531306,4.294372767057644,17.413157866422765,1.532607096651163,0.2682926829268293,1.6183431952662721,0.0038518671481777796,0.1719531115324944,1.5131022823330516,0.01060162041027409,145.20802830983052,0.1774436090225564,-0.5957446808510639,-0.25781249879319107,1.1627711819886986,1.3844089185976591,-0.3432282003710575,-0.6006493506493507,-0.4772727272727273,0.117647063158768,1.0385903553198008,0.7258899224430705,Specialty Chemicals,Basic Materials,WLK
2018Q3,2018,Q3,2018-11-06,2018-09-30,308000000.0,2255000000.0,396000000.0,2.35,539000000.0,0.23902439024390243,11721000000.0,5602000000.0,3004000000.0,1301000000.0,5633000000.0,939000000.0,5400000000.0,10824007440.64,12703007440.64,43.28297652872815,2.3089930822444273,0.22754031226004606,0.47607997143877184,0.03894866321969801,43.28297652872815,0.05498036415565869,4.800003299618625,8.785720325194806,1.93216841139593,0.10714285714285714,1.8274760383386581,0.0030487783920119683,0.19238972783892158,1.5595695618754803,0.0262776213633649,26.33578452710462,0.23902439024390243,0.10849056603773584,0.8622038812010954,1.3121027093795623,1.5464175890845715,-0.02355072463768116,0.1079136690647482,-0.019801980198019802,0.7120243294248013,0.9371262839108547,0.7727801257753155,Specialty Chemicals,Basic Materials,WLK
2018Q2,2018,Q2,2018-08-02,2018-06-30,278000000.0,2235000000.0,404000000.0,2.12,552000000.0,0.24697986577181208,11346000000.0,5362000000.0,2694000000.0,1186000000.0,5500000000.0,905000000.0,5125000000.0,13951462440.33,16135462440.33,41.36570359331802,2.2715008431703203,0.23497267759562843,0.4972025363670272,0.03804008803832256,41.36570359331802,0.05184632599776203,6.242265073973154,12.546279172958632,2.6019139202405817,0.09712230215827339,1.8596685082872928,0.0019352809868842223,0.19698572184029614,1.46964586846543,0.024502027146130794,84.04495445981928,0.24697986577181208,-0.03636363636363639,0.9675777587236685,1.4563061027577333,1.6195413577453952,0.01845018450184502,-0.0313588850174216,0.007481296758104738,0.3836514556388318,0.9252867650887863,0.7524185975578513,Specialty Chemicals,Basic Materials,WLK
2018Q1,2018,Q1,2018-05-03,2018-03-31,287000000.0,2150000000.0,401000000.0,2.2,542000000.0,0.25209302325581395,11604000000.0,5141000000.0,2959000000.0,1653000000.0,5963000000.0,944000000.0,4874000000.0,14392143043.2,16668143043.2,39.7037569932982,1.7900786448880823,0.2694760427438814,0.6082474226804123,0.03731754363536552,39.7037569932982,0.05582571484147053,6.694020020093023,12.536709967944251,2.7994831828827076,0.09407665505226481,1.7033898305084745,0.001876023599748542,0.18528093760772146,1.2014519056261344,0.02473285074112375,202.70624004507044,0.25209302325581395,-0.6422764227642276,1.4092289289188504,1.5746866712709227,1.6752532818314851,0.08841679535555283,-0.6422120024783363,0.09863013698630137,1.0149914718837267,1.001770219570402,0.7726064963357914,Specialty Chemicals,Basic Materials,WLK
2017Q4,2017,Q4,2018-02-21,2017-12-31,802151000.0,2010334000.0,365000000.0,6.15,497971000.0,0.24770560513825066,12076000000.0,4874000000.0,3463000000.0,1967000000.0,6707000000.0,900000000.0,4613000000.0,13824767013.39,16130767013.39,37.55775554822021,1.760549059481444,0.31773766147731036,0.7872384078785392,0.10515765816605738,37.55775554822021,0.1645775543701272,6.876850818515729,4.308654796101357,2.8364314758699223,0.033047393819866835,1.6804033333333332,0.0019175006692210195,0.16647350115932427,1.2872394509405185,0.0664252235839682,33.50589547290763,0.24770560513825066,2.8198757763975153,7.644983964576993,1.5769714629012272,1.6731075380713476,-0.00016263362058580228,2.804692836002125,-0.019897424881179345,3.4791040185798487,0.8114041804974087,0.7133387970338921,Specialty Chemicals,Basic Materials,WLK
2017Q3,2017,Q3,2017-11-07,2017-09-30,210832000.0,2108889000.0,372410000.0,1.61,498052000.0,0.23616795383730485,11244125000.0,4068774000.0,2699533000.0,1170276000.0,6692626000.0,834835000.0,3837644000.0,10724358664.74,13395527664.74,31.523976605849207,2.306749006217337,0.2978801818727558,0.823196864706666,0.03356586164230417,31.523976605849207,0.05181708298371942,5.0853120599234956,12.716711249644266,2.635771528411261,0.12889883888593762,1.9295273916402642,0.0025340443050781585,0.18755474525585583,1.5562243436591026,0.018750414105143796,30.67775040617196,0.23616795383730485,0.37606837606837623,1.4911294579317436,1.6388656410405533,1.0560517635048354,0.22723083822449572,0.3795468078284596,0.39418829272675543,0.2964131027184081,0.7358472782359186,0.48105967466845684,Specialty Chemicals,Basic Materials,WLK
2017Q2,2017,Q2,2017-08-03,2017-06-30,152827000.0,1979161000.0,267116000.0,1.17,405834000.0,0.20505355552175897,10885707000.0,3840837000.0,2377635000.0,1030921000.0,6676664000.0,831700000.0,3653988000.0,8544481739.669999,11639309739.669998,29.762111444318155,2.3063212409098273,0.320659374719529,0.9088133654200894,0.025519032709976526,29.762111444318155,0.03979002493466919,4.3172241872540935,13.977375953970828,2.2246405509189793,0.16135237883358308,1.8917001322592282,0.002885956193868859,0.1818128119744542,1.4468460725894612,0.014039235118123241,48.630255258419034,0.20505355552175897,0.10377358490566026,0.36905798816045315,1.240589961067235,1.0355621900712504,0.10538400568715732,0.10591938635212389,0.1352242687995648,-0.06753137312726523,1.049074616465176,0.4555517883267138,Specialty Chemicals,Basic Materials,WLK
2017Q1,2017,Q1,2017-05-03,2017-03-31,138190000.0,1942616000.0,235298000.0,1.06,367143000.0,0.18899411927009765,10724830000.0,3659196000.0,2251288000.0,943431000.0,6691998000.0,821708000.0,3525820000.0,8530326654.65,11760566654.65,28.33301766565428,2.386277321817918,0.3359336231902977,0.9845963430218004,0.02337454395611038,28.33301766565428,0.037765126546924516,4.391154327283416,15.432243025273173,2.3312024430093383,0.1784210145451914,1.9173149099193387,0.002890393416125474,0.181132568068678,1.4590966376979344,0.012885052723446432,369.13439156389285,0.18899411927009765,0.3947368421052632,0.6212121175752752,0.9338574677106828,1.0234285011058875,0.30433994841515144,0.3966344939107585,0.5411489615331714,-0.09322033918107508,0.9602024921099092,0.47728442265672893,Specialty Chemicals,Basic Materials,WLK
2016Q4,2016,Q4,2017-02-22,2016-12-31,98945000.0,1735180000.0,152677000.0,0.76,281478000.0,0.16221832893417398,10890253000.0,3523629000.0,2408316000.0,1183083000.0,6998208000.0,801100000.0,3412286000.0,7289382276.110001,10657924276.11,27.065117486921444,2.0356272552306134,0.3515065260650969,1.086378560285433,0.019100955468631293,27.065117486921444,0.028080425039071936,4.200937237698683,18.417763090883827,2.068714463443796,0.24889585123048158,1.8146323804768443,0.0033784755781997855,0.159333304745078,1.1818240985628228,0.00908564750515897,56.70949887668335,0.16221832893417398,0.49019607843137253,2.823998803763045,1.0639421560557372,1.050326981558458,0.39253857608604237,0.5068837379306144,2.2789339174881342,-0.40624999783970894,0.8707400925383444,0.49472174218893517,Specialty Chemicals,Basic Materials,WLK
2016Q3,2016,Q3,2016-11-09,2016-09-30,65662000.0,1279028000.0,46563000.0,0.51,202133000.0,0.15803641515275663,10897049000.0,3457728000.0,2419744000.0,1204650000.0,7072912000.0,744536000.0,3337968000.0,6888072570.0,10336819570.0,26.856344226930815,2.008669738098203,0.35140394431556654,1.1074514825920374,0.007049587042040827,26.856344226930815,0.018989926333129733,5.385396230575093,26.225490275958695,1.9920805135626631,0.37488958606195366,1.4463974878313473,0.0035737138001726947,0.11737379541929195,1.2045158344747438,0.0060256680501299025,-1167.0743087089122,0.15803641515275663,-0.39999999999999997,-6.284529521293854e-09,0.36642353477614775,1.0687711171762369,-0.1625456775187889,-0.40911054317699147,-0.741227533928353,-0.6009083226672353,0.31832558849416104,0.5800084190738546,Specialty Chemicals,Basic Materials,WLK
2016Q2,2016,Q2,2016-08-09,2016-06-30,111124000.0,1086061000.0,179938000.0,0.85,241366000.0,0.22223981894202996,5920564000.0,3439163000.0,2190041000.0,620101000.0,2183128000.0,448526000.0,3296922000.0,5611108344.56,5599827344.56,26.30654531971524,3.5317488602663114,0.1283181804976688,0.2209014228171215,0.02719346740116131,26.30654531971524,0.032311350174446515,5.166476233434403,12.623529445844282,1.6315331214484454,0.21252834671178145,1.8832687514213222,0.004208972372258113,0.18343877373844789,2.750959924270401,0.01876915780320929,62.25917719345354,0.22223981894202996,-0.0957446808510638,0.3934426179854794,0.19321406729350235,1.0881938647750893,-0.05563315531036642,-0.09749204080306673,-0.11043326939429295,-0.22018348711376426,0.18346830429771202,0.6658989805150841,Specialty Chemicals,Basic Materials,WLK
2016Q1,2016,Q1,2016-05-04,2016-03-31,123128000.0,975187000.0,202276000.0,0.94,255585000.0,0.262088194366824,5724401000.0,3406526000.0,2191734000.0,506161000.0,2019999000.0,478656000.0,3209415000.0,6064708934.2,6209065934.2,26.006549615361752,4.330112355554853,0.13264846400522953,0.22290538806984006,0.03158140574784206,26.006549615361752,0.03614474100593978,6.21902151505301,12.313829783233707,1.7803207532248395,0.1924826197128192,1.5033802981682043,0.003907854483560023,0.17035616477601762,3.336924417329664,0.021509324731094136,-820.3312503990261,0.262088194366824,0.11904761904761903,0.4794795968609818,0.1287818384703354,1.1446315859347056,0.08212525615187902,0.10957114148996566,0.1166524055314803,0.02173913010403377,0.15441206320756956,0.7523305721257978,Specialty Chemicals,Basic Materials,WLK
2015Q4,2015,Q4,2016-02-24,2015-12-31,110969000.0,986766000.0,181145000.0,0.84,236188000.0,0.2393556324397071,5575252000.0,3265878000.0,2175189000.0,522642000.0,2013321000.0,434060000.0,3109987000.0,7091571874.8,7713305874.8,25.015962059187785,4.161910064633152,0.1370547914246746,0.2339692419618859,0.029377115373700684,25.015962059187785,0.03397830537454247,7.186680403256699,15.976470624228389,2.1714135907097574,0.21356414854599032,1.7292033359443395,0.003341854305138573,0.17699038536733408,3.2358689121808046,0.019903853673340684,94.12008434157089,0.2393556324397071,-0.39568345323741005,0.3294094804301168,0.24953760963510202,1.1855306523154987,-0.24122643570336294,-0.3956068495239755,-0.2869093170831562,0.18881118207777645,0.2573573208210257,0.7804673302872744,Specialty Chemicals,Basic Materials,WLK
2015Q3,2015,Q3,2015-11-04,2015-09-30,183604000.0,1188037000.0,254028000.0,1.39,311276000.0,0.2620086748139999,5524405000.0,3224999000.0,2248430000.0,534887000.0,2004567000.0,430006000.0,3022717000.0,6854109055.01,6663420055.01,24.415310110608658,4.203560752084085,0.13960526065703002,0.2391430198893085,0.048207357280307485,24.415310110608658,0.05693149052139241,5.769272383780977,9.332733838873336,2.125305792345982,0.1304764602078386,2.038950619293684,0.0034951296817329453,0.21505248076489686,3.306513338331274,0.03323507237430999,24.42296254662524,0.2620086748139999,-0.09740259740259749,1.931718521769955,0.5262918542983072,1.2755749137615982,-0.1186502105152882,-0.10478558716692264,-0.1399784679761929,1.119810987626322,0.4526090816895478,0.5924114535765778,Specialty Chemicals,Basic Materials,WLK
2015Q2,2015,Q2,2015-08-05,2015-06-30,205095000.0,1185002000.0,295374000.0,1.54,353181000.0,0.2980425349493081,5411010000.0,3123388000.0,2166240000.0,534658000.0,1993835000.0,486297000.0,2863069000.0,9075784559.45,8832446559.45,23.604921592914355,4.05163674722907,0.1447476533955768,0.2507632737271194,0.05148705720289024,23.604921592914355,0.06566427225820166,7.65887699721182,11.062903239291549,2.9057499610839255,0.10693581023428167,1.7105205255224687,0.0024165403945341224,0.21899830161097467,3.0436110560395617,0.037903274989327315,66.39781516629112,0.2980425349493081,0.3999999999999999,2.600844732360435,0.4475758835441693,1.2991853787238845,0.24120880279462723,0.4014773612496754,0.28826762037683185,0.7919075172311753,0.30839569818142304,0.6144447944840257,Specialty Chemicals,Basic Materials,WLK
2015Q1,2015,Q1,2015-05-06,2015-03-31,146342000.0,1103531000.0,229280000.0,1.1,284546000.0,0.2578504817716947,5179785000.0,2979858000.0,2002162000.0,453207000.0,1909043000.0,480380000.0,2679906000.0,9570766813.08,9389144813.08,22.39851714149251,4.417764950673754,0.1475016820196205,0.2563971169095977,0.04026096450452945,22.39851714149251,0.04911039385098216,8.672857231088207,16.35000002234492,3.211819762243704,0.15008678301512896,1.7048690619925893,0.0022949049359328915,0.21304571521790963,3.249676196528297,0.02825252399472179,101.02779163848248,0.2578504817716947,-0.19708029197080293,7.232770374649875,0.40755844752837184,1.2697119928849165,-0.21580051205873518,-0.20158654816657665,-0.2417663457754467,0.6666666643888972,0.06644528086163334,0.5996106910117271,Specialty Chemicals,Basic Materials,WLK
2014Q4,2014,Q4,2015-02-25,2014-12-31,183291000.0,1135871000.0,302387000.0,1.37,362849000.0,0.31944560605913874,5213990000.0,2911511000.0,2011287000.0,537180000.0,2012102000.0,525776000.0,2555528000.0,8113947225.85,7997343225.85,21.920799093115537,3.7441583826650287,0.14652828256287412,0.2624056718315679,0.05389264583095239,21.920799093115537,0.06295390949922566,7.143370352663287,11.06702896739338,2.7868509601543665,0.11984221811218226,1.470249688080095,0.002707190395572099,0.21785062878908476,2.683024312148628,0.03515369227789083,59.51652394429734,0.31944560605913874,0.09600000000000009,13.636232594420678,0.7927750359452173,1.2531159455107121,0.003676145164859482,0.09259822242887034,-0.014258657391258993,5.943576761355386,0.32434216171223396,0.6606174297841285,Specialty Chemicals,Basic Materials,WLK
2014Q3,2014,Q3,2014-11-07,2014-09-30,167757000.0,1253227000.0,306761000.0,1.25,361520000.0,0.2884712825370025,5126283000.0,2833861000.0,1951948000.0,573036000.0,2003935000.0,500552000.0,2394203000.0,11528633816.84,11479133816.84,21.284744392832124,3.4063270021429717,0.14902961853647176,0.26958555836013126,0.049245526059075576,21.284744392832124,0.05919732830932781,9.199158505873237,17.180555530976353,4.068171945215379,0.13154145579618137,1.7814472822004508,0.0019141036440732892,0.2444708963590188,2.4543519080825638,0.032724880776188126,46.18640130779493,0.2884712825370025,-0.007936507936507943,4.58362977214862,0.962803870069906,1.1975085020334686,0.18154988544665998,-0.009950248756218905,0.14983057708742523,1.470588230827326,0.29469911508966723,0.6395851968643815,Specialty Chemicals,Basic Materials,WLK
2014Q2,2014,Q2,2014-08-06,2014-06-30,169443000.0,998576000.0,266788000.0,1.26,305971000.0,0.3064073240294179,4369369000.0,2728073000.0,1822503000.0,386929000.0,1641296000.0,437519000.0,2248513000.0,11175232815.6,11063103815.6,20.447305058470196,4.710174218008989,0.1748394333369418,0.28002843032426183,0.0494380966308964,20.447305058470196,0.062110874599030155,11.191169040313406,16.488188971512546,4.096383350298911,0.09934904363119161,1.5830283941954522,0.0015063668272307202,0.22854009354668833,3.4382225162755957,0.038779741422617316,98.40297990243559,0.3064073240294179,0.0677966101694916,8.937084291105089,0.7166283329041726,1.1608376990188958,0.06606390021253615,0.07220689480611522,0.07551954203704823,1.0819672119309673,0.0750144461073749,0.6230917612082825,Specialty Chemicals,Basic Materials,WLK
2014Q1,2014,Q1,2014-05-06,2014-03-31,158032000.0,1027676000.0,248055000.0,1.18,287010000.0,0.27928062930339914,4171956000.0,2568572000.0,1687263000.0,359934000.0,1603384000.0,439009000.0,2095904000.0,8863184560.320002,9338144560.320002,19.179121658035594,4.687701078531064,0.18310571827699046,0.29740610736237877,0.04872765154806003,19.179121658035594,0.06152523659060365,8.62449308957298,14.021186469069557,3.4506272591619003,0.10623797711855827,1.6871316988945557,0.0018942401442438022,0.24632953942946667,3.328988092261359,0.03787959412803012,87.09548131284149,0.27928062930339914,-0.07086614173228353,26.56075127005257,1.0681780898855278,1.0500783093505697,-0.029292693568188966,-0.07568490747022905,-0.03697880270207314,0.8572190640359155,0.16344073578504553,0.581607353018921,Specialty Chemicals,Basic Materials,WLK
2013Q4,2013,Q4,2014-02-21,2013-12-31,170972000.0,951625000.0,257580000.0,1.27,295671000.0,0.31070116905293577,4060909000.0,2418603000.0,1649082000.0,404858000.0,1642306000.0,471879000.0,1954661000.0,8152559390.625,8694525390.625,18.10712771681913,4.07323555419431,0.1881054217171574,0.3158348021564515,0.05362042938012259,18.10712771681913,0.07069039441363464,8.566987406410089,11.920898437499998,3.370772049247024,0.08792082914161384,1.3900894085136233,0.0018438381469855936,0.23433792778907384,2.788992683854586,0.04210190378558101,335.5376956260032,0.31070116905293577,0.0,2.537333493478876,0.5701307558324878,0.9230701106151676,-0.02890258842385646,0.004004932761759352,-0.03384070637129504,1.0019342809225318,0.17779233458677915,0.5819372669685217,Specialty Chemicals,Basic Materials,WLK
2013Q3,2013,Q3,2013-11-07,2013-09-30,170290000.0,1004165000.0,266602000.0,1.27,304471000.0,0.3032081381047935,3923449000.0,2265057000.0,1642851000.0,432686000.0,1658392000.0,451571000.0,1798721000.0,6973364661.0199995,7271254661.0199995,16.997595647416272,3.796866549876816,0.19468814300886797,0.33723168997513087,0.05698772002752405,16.997595647416272,0.07518133097754273,6.944441063988488,10.237484087468436,3.0786707182291657,0.08857830759292971,1.5494661968992693,0.0021630877966725536,0.25593935335976076,2.658227906611261,0.04340313841214707,76.12594195626781,0.3032081381047935,0.17050691244239638,5.0967462255582126,-0.08378684187983779,0.632984673838173,0.11329240512346107,0.1678416634662863,0.1333817971576392,1.6952867443591517,0.278758100099142,0.5842232629565216,Specialty Chemicals,Basic Materials,WLK
2013Q2,2013,Q2,2013-07-31,2013-06-30,145816000.0,939047000.0,235227000.0,1.085,273487000.0,0.2912388836767489,3708335000.0,2112486000.0,1601123000.0,394456000.0,1595849000.0,427139000.0,1643515000.0,6572422102.110001,6740710102.110001,15.791200803533384,4.0590661569351205,0.2059738400117573,0.3615739938631546,0.05189530012668064,15.791200803533384,0.06902578289276237,6.999034235890217,11.268348641627119,3.111226347587629,0.0861839578647062,1.5581812946136973,0.0019120804788185332,0.25322604349391303,2.8675137404425337,0.03932115086689849,-821.860960623984,0.2912388836767489,0.17934782608695643,2.0096931092924466,-0.1718936280922073,0.5446457391026422,0.20051007642367072,0.18216089568453225,0.2121666537837211,1.5322069399137095,0.13463003935881124,0.5381071213079265,Specialty Chemicals,Basic Materials,WLK
2013Q1,2013,Q1,2013-05-07,2013-03-31,123347000.0,864647000.0,194055000.0,0.92,227809000.0,0.263470526122221,3559225000.0,1989791000.0,1725278000.0,399815000.0,1569434000.0,408074000.0,1510266000.0,6032606805.87,6113412805.87,14.841120750300288,4.315190775733777,0.21459446930160359,0.38385438470673555,0.04544190128744361,14.841120750300288,0.06198992758535947,6.97695915890531,12.226902165982958,3.0317791194502335,0.10176980388659634,1.5605944019957165,0.0020808583095098063,0.24293125610210087,3.2024061128271826,0.03465557811040325,-174.6961312947411,0.263470526122221,0.29577464788732405,21.29025186520875,-0.08013911258577441,0.5028951210923992,0.19743177326437072,0.2946146499155095,0.24210303972963113,5.885589781765091,0.09435008694716569,0.5038973134703316,Specialty Chemicals,Basic Materials,WLK
2012Q4,2012,Q4,2013-02-22,2012-12-31,95277000.0,801041000.0,156231000.0,0.71,190248000.0,0.23750095188635786,3412196000.0,1872256000.0,1751413000.0,398510000.0,1539940000.0,399298000.0,1399472000.0,5283542709.25,5382098709.25,14.050222452074712,4.394903515595594,0.22383268721960872,0.40793620103233746,0.037972810946589365,14.050222452074712,0.05088887417105353,6.595845542550257,13.863636316346021,2.8220193762231234,2.762219633279805,1.529667065700304,0.0498105181470858,0.23475820263548752,3.3000677523776067,0.027922487453827388,-163.59743340506563,0.23750095188635786,0.09230769230769222,3.9570364526892834,-0.07754334552013403,0.4252470439569926,0.10494311152928057,0.0955912791499931,0.09622711676501751,6.583265451869094,0.2601770107095011,0.44414353282788416,Specialty Chemicals,Basic Materials,WLK
2012Q3,2012,Q3,2012-11-08,2012-09-30,86964000.0,821175000.0,142517000.0,0.65,172179000.0,0.20967394282582885,3544174000.0,2033428000.0,1997805000.0,362807000.0,1510746000.0,371537000.0,1567371000.0,4896474978.72,4461737978.72,15.33228742846049,5.506522751766091,0.21548913794864474,0.37558792344749853,0.03539033686149973,15.33228742846049,0.04276718919971595,5.962766741218377,14.076155014488753,2.407990338836684,0.14381813164067891,1.746786995642426,0.002554286513125303,0.23169714579476064,4.388173326313991,0.02453717001479047,58.91275812402243,0.20967394282582885,-0.24418604651162787,1.231451034620647,-0.03842091595831717,0.5783541500160613,-0.14718964219201966,-0.24707145392680582,-0.16646001239925604,1.9057866801318237,0.29113347136092943,0.5829568519981491,Specialty Chemicals,Basic Materials,WLK
2012Q2,2012,Q2,2012-08-03,2012-06-30,115501000.0,913958000.0,170978000.0,0.86,201896000.0,0.22090292989393387,3441938000.0,1952311000.0,1970770000.0,338077000.0,1489627000.0,407124000.0,1492914000.0,3489064899.8399997,3143130899.8399997,14.621076963154046,5.829352484788968,0.22214345522783965,0.3916404712159077,0.04118972419409535,14.621076963154046,0.05916116848186585,3.817533081213797,7.552023142310455,1.7871460540047153,0.042631665526705394,1.7490052170837387,0.0014112663826418945,0.2655358696176398,4.521271781280596,0.03355696703426965,25.487905704830847,0.22090292989393387,0.31297709923664113,1.9780608471199772,0.1408362393442112,0.5511723224439352,0.1694827875831948,0.315306389714507,0.17409785407725323,5.768171563350472,0.5698988230686445,0.54513145922633,Specialty Chemicals,Basic Materials,WLK
2012Q1,2012,Q1,2012-05-02,2012-03-31,87813000.0,1034867000.0,145625000.0,0.655,172637000.0,0.16682047064985162,3330047000.0,1863030000.0,1795876000.0,311963000.0,1467017000.0,422405000.0,1382337000.0,4310154750.0,4179595750.0,14.002480270574972,5.756695505556749,0.22960126388606528,0.41039757813883837,0.03610435309706357,14.002480270574972,0.047134506690713514,4.164935928964785,12.270833333333334,2.3135187034025217,0.05595982371630624,2.041240042139653,0.0011400982760537773,0.31076648467724327,4.29458301144687,0.026369898082519556,95.45243605359317,0.16682047064985162,2.275,3.37615670597804,0.4114250728630153,0.5328653043803796,1.2344939166450946,2.3208410543433047,1.886006460690858,15.29669141728395,1.0963529699631587,0.4967411746818886,Specialty Chemicals,Basic Materials,WLK
2011Q4,2011,Q4,2012-02-23,2011-12-31,26443000.0,859175000.0,50459000.0,0.2,77260000.0,0.08992347309919399,3266821000.0,1756312000.0,1756156000.0,364595000.0,1510509000.0,490777000.0,1299438000.0,2676966000.0,2615628000.0,13.200390830514843,4.8167308931828465,0.23403884081803075,0.43532299500316574,0.013485918235000283,13.200390830514843,0.015055980941882763,3.1157400995140687,25.308834095980032,1.5241972952413925,0.1855311424573611,1.5932185086098167,0.0018326717634814934,0.26300032967830195,3.382583414473594,0.008094413498627565,50.58227991610453,0.08992347309919399,-0.6039603960396039,0.8006167546837196,0.6077307296837507,0.4671886817468734,-0.4746612088367887,-0.6107316355071397,-0.5699431522785965,1.2387008500567331,0.4231535253277933,0.40194941194467065,Specialty Chemicals,Basic Materials,WLK
2011Q3,2011,Q3,2011-11-02,2011-09-30,67930000.0,968372000.0,117331000.0,0.505,147067000.0,0.1518703556071427,3207179000.0,1729123000.0,1716253000.0,331562000.0,1478056000.0,466248000.0,1277901000.0,2282980776.92,2288584776.92,12.981786145384852,5.176265675801208,0.23838488590752185,0.4421565151813954,0.030135637647338166,12.981786145384852,0.039285811362176085,2.3575452170446893,8.401960757102902,1.3203113815038028,0.07232445164139556,1.761519620459498,0.002152011111818556,0.3019388690185362,3.683802727694971,0.021180607630568796,29.880774013062315,0.1518703556071427,-0.16528925619834708,0.07754758426050352,0.4084898699278596,0.4425701491221683,-0.11985995990304917,-0.16186504460264778,-0.15204272633321048,1.4331606927214997,-0.11603743632626051,0.24717979261264342,Specialty Chemicals,Basic Materials,WLK
2011Q2,2011,Q2,2011-08-03,2011-06-30,81049000.0,925049000.0,138369000.0,0.605,167095000.0,0.1806336745404838,3147800000.0,1673828000.0,1688529000.0,329632000.0,1473972000.0,508198000.0,1214884000.0,3447904177.35,3500104177.35,12.597750507493522,5.122466872148335,0.2428750238261643,0.45675063387636006,0.03615819327035695,12.597750507493522,0.048421343172655736,3.727266531124297,10.635245892453947,2.05989156433636,0.05216597367024886,1.4914541182767347,0.0012262521759666674,0.29387159285850434,3.46635945539268,0.025747823876993457,77.8747414421231,0.1806336745404838,-0.03200000000000003,0.18249493171848793,0.3545212925292871,0.4758339640021396,-0.0029179396601107504,-0.029864502537584985,-0.016126623861430493,0.6843236707796929,-0.17865731673545557,0.23227244626791943,Specialty Chemicals,Basic Materials,WLK
2011Q1,2011,Q1,2011-05-04,2011-03-31,83544000.0,867252000.0,140637000.0,0.625,167584000.0,0.1932356454640635,3006868000.0,1594507000.0,1541351000.0,277371000.0,1412361000.0,446257000.0,1138063000.0,3694900191.0,3804899191.0,12.126348313585611,5.557001272663689,0.25425193257569006,0.47945979541011735,0.03863238223477085,12.126348313585611,0.052394878166104004,4.260468919068506,11.056749111246768,2.3172680903878127,0.05048836541223786,1.567858879524579,0.0011415734612464394,0.2884237020048768,3.835739857447246,0.027784392264642147,311.7533066992913,0.1932356454640635,-0.02343750000000002,0.6111920113243352,0.3876254762177747,0.511016089822498,0.021081621213229023,-0.006292150868887752,0.02615795464495228,14.393806443076096,-0.05925266627001201,0.22798203880836357,Specialty Chemicals,Basic Materials,WLK
2010Q4,2010,Q4,2011-02-24,2010-12-31,84073000.0,795387000.0,137052000.0,0.64,164124000.0,0.20634483591006642,2954144000.0,1505070000.0,1475960000.0,323578000.0,1449074000.0,450028000.0,1058737000.0,2857959275.85,2992142275.85,11.446173053067998,4.561373146505634,0.258782916472589,0.5079378367783558,0.03945213248239882,11.446173053067998,0.055859860338721784,3.593168200951235,8.498445624189692,1.89888794265383,0.05003984632402793,1.4027193863492937,0.0014720293726889356,0.2692444918054096,3.0693124996136945,0.028459343891157642,74.67689048757545,0.20634483591006642,0.34736842105263166,0.13060643882065678,0.23732624461132484,0.49894785540786896,0.21704052500834228,0.34021456696051394,0.27673131742216756,3.4327804575438723,-0.07177053439068559,0.16109366696157998,Specialty Chemicals,Basic Materials,WLK
2010Q3,2010,Q3,2010-11-03,2010-09-30,62731000.0,779677000.0,107346000.0,0.475,134855000.0,0.1729626499178506,2667935000.0,1419583000.0,1180950000.0,273704000.0,1248352000.0,355803000.0,978871000.0,1980005531.85,2162133531.85,10.729293051596077,4.314697629556017,0.22881404531969482,0.4300283956626699,0.03420921787848793,10.729293051596077,0.04418973740880244,2.5395202524250426,7.890857518013423,1.394779686605151,0.06696848448135691,1.8123006270323747,0.0021217112439452803,0.2922398784078323,2.8891466693946746,0.02351294165712433,14.220499955830388,0.1729626499178506,0.10465116279069764,0.4166652167991409,0.2659383037107533,0.5133754681010332,0.07007395416746016,0.1016648519546205,0.07845323849422828,0.613474958940872,-0.08484179725651139,0.10450735376186196,Specialty Chemicals,Basic Materials,WLK
2010Q2,2010,Q2,2010-08-04,2010-06-30,56942000.0,818389000.0,99537000.0,0.43,126024000.0,0.15399033955734986,2544137000.0,1358107000.0,1131093000.0,304924000.0,1186030000.0,370025000.0,920341000.0,1228251554.7,1454887554.7,10.266645661262764,3.709425955320014,0.20259954554334142,0.3795290061828707,0.03340055529540095,10.266645661262764,0.04192747699555337,1.5008163045935368,5.392555383987215,0.9043849672374857,0.06680481893856907,1.8711303290318222,0.003097085434529839,0.3216764663223718,2.3505004525717883,0.022381656333758757,13.024246378240814,0.15399033955734986,2.185185185185185,0.1530910848557065,0.3849816291538256,0.5228611282235894,1.1848821081830792,2.226724089080297,1.891080194022481,0.4819882598014694,0.03114817320172158,0.08920407396956297,Specialty Chemicals,Basic Materials,WLK
2010Q1,2010,Q1,2010-05-05,2010-03-31,17647000.0,778334000.0,34429000.0,0.135,57680000.0,0.07410700290620736,2466955000.0,1303385000.0,1027633000.0,289664000.0,1163570000.0,398412000.0,867203000.0,1703121180.55,2033278180.55,9.86844023017338,3.547672475695979,0.208929631874112,0.39544723930381276,0.012494790148660463,9.86844023017338,0.013539360971623888,2.188162383436931,24.12763048322661,1.3066907940094445,0.2154473848246161,1.8088159995180868,0.0022323719788231366,0.31550393095942164,2.0387448906319046,0.007153353020221285,-24.401065669727924,0.07410700290620736,0.4361702127659575,-0.7161886502008432,0.2372300819739588,0.5451861048660593,0.23079549334243768,0.41708825182686904,0.49939029701245535,-0.11407774441835955,0.06937485323444059,0.08030787009729919,Specialty Chemicals,Basic Materials,WLK
2009Q4,2009,Q4,2010-02-24,2009-12-31,12453000.0,630036000.0,22962000.0,0.094,46864000.0,0.07438305112723717,2446356000.0,1284982000.0,988378000.0,286566000.0,1161374000.0,369417000.0,853358000.0,1646328461.85,1916136461.85,9.72910388246654,3.4490414075640516,0.21068070223630575,0.4010951126163635,0.010323371062204581,9.72910388246654,0.00969118633568408,2.613070462402148,33.05084039689232,1.2812074113489527,0.3046655424395728,1.578627946196304,0.002304521903081621,0.25754060324825984,2.0427685070803934,0.005090428375919122,-129.9185970525568,0.07438305112723717,-0.5822222222222222,-0.7412503292102117,0.10029557158783375,0.6422987893294204,-0.3539386252722711,-0.5816367667808909,-0.5316076127531975,-0.14576920165268104,0.18764794651325584,0.08136427801037588,Specialty Chemicals,Basic Materials,WLK
2009Q3,2009,Q3,2009-11-04,2009-09-30,29766000.0,632571000.0,49023000.0,0.225,72538000.0,0.11467171274054612,2411413000.0,1277628000.0,945384000.0,263668000.0,1133785000.0,312029000.0,844699000.0,1694999887.1,1957506887.1,9.685853034532629,3.5855090492589166,0.21372531374758286,0.40338815367227393,0.019513230866276387,9.685853034532629,0.023297861349312946,2.6795409323222215,14.236040172512261,1.3266771604097594,0.12746086138547336,1.794810738745437,0.00223834823168703,0.26232379107187365,2.261476553848021,0.012343800087334687,37.30521804516243,0.11467171274054612,0.7307692307692307,-0.0930697022464599,-0.04590770891112457,0.5247689577925894,0.3031870935287988,0.7664233576642335,0.35516240497581203,-0.5232176042348896,-0.07093591162350159,0.07631741117292284,Specialty Chemicals,Basic Materials,WLK
2009Q2,2009,Q2,2009-08-05,2009-06-30,16851000.0,574865000.0,36175000.0,0.13,55662000.0,0.09682621137136545,2334844000.0,1247656000.0,850309000.0,261599000.0,1087188000.0,286767000.0,818727000.0,1344213217.19,1650565217.19,9.462675085571705,3.250429091854327,0.21858376833741355,0.40905425854562477,0.012088907907495861,9.462675085571705,0.013506126688766775,2.338311111634906,19.942632739748383,1.077390897162359,0.205388404249006,1.8105395669655155,0.0025747403430796643,0.24621131004897973,2.0097362757502895,0.007217184531386251,86.84669965047163,0.09682621137136545,3.888888888888889,-0.43866680920277884,0.015304088726843603,0.9101430856425169,1.7742224880382775,3.7738271604938274,41.0609080841639,-0.7522496937742436,-0.15175001535390442,0.1085580138530741,Specialty Chemicals,Basic Materials,WLK
2009Q1,2009,Q1,2009-05-06,2009-03-31,-6075000.0,488251000.0,-903000.0,-0.045,20064000.0,0.04109361783181192,2288220000.0,1231108000.0,781138000.0,212159000.0,1057112000.0,283873000.0,805337000.0,962614103.99,1293610103.99,9.355311731536352,3.6818518186831573,0.22302881715918924,0.4145363363734132,-0.0004486037978568348,9.355311731536352,-0.004934579257059494,1.9715558267981017,-39.61374913539095,0.7819087391114345,-0.5697119341563786,1.6492833062672392,0.003595417920487849,0.2133758991705343,2.169853741769145,-0.0026549020636127646,10.999921198363634,0.04109361783181192,0.9459530872797588,-1.4271297377722147,-0.08377024900224246,1.0310874153993395,1.14798315423025,0.9445544735184864,0.9945524634568631,-1.1170676279284404,-0.21939990905994022,0.1657282296451498,Specialty Chemicals,Basic Materials,WLK
2008Q4,2008,Q4,2009-02-19,2008-12-31,-109567000.0,597108000.0,-165763000.0,-0.83261,-135583000.0,-0.22706612539105153,2286989000.0,1239060000.0,798989000.0,212288000.0,1047929000.0,327967000.0,814873000.0,1071837577.17,1491917577.17,9.415739767816822,3.7637030826047635,0.22314012004430278,0.41185979694284375,-0.05959473406764553,9.415739767816822,-0.0884275176343357,1.7950480937619324,-2.445621348512782,0.8650408996900876,-0.031451075597579564,2.2340387904880674,0.0032150393617459854,0.26108914384809023,2.0611716159179982,-0.04790884433637416,16.72003084267998,-0.22706612539105153,-4.9648095238095244,-3.2849247496225518,0.046605958082020435,0.5894020876058446,-2.8886845807736776,-5.004056424499343,-4.397618266786915,-2.472289387896509,-0.07185222576345707,0.23304993438524127,Specialty Chemicals,Basic Materials,WLK
2008Q3,2008,Q3,2008-11-07,2008-09-30,27364000.0,1073735000.0,48788000.0,0.21,71787000.0,0.06685727856500906,2596811000.0,1358894000.0,1107610000.0,391789000.0,1237917000.0,491185000.0,927886000.0,1372743743.97,1866239743.97,10.408913151318844,2.82705742121397,0.19868523354221773,0.37968230045904977,0.016969605394288618,10.408913151318844,0.020136964325399923,1.2784753630737566,12.541512059366323,1.01019192370413,0.12596842566876187,2.039858709040382,0.0025110294730109005,0.41348215176229614,1.4938040629012044,0.010537540082816963,35.00022294102649,0.06685727856500906,-0.4166666666666667,-0.15759804761873483,0.6363061719538726,0.6385947216941066,-0.25578478125647935,-0.4211494933683075,-0.33690333804501466,-0.37371200329339505,0.7668692549857296,0.46818562388477386,Specialty Chemicals,Basic Materials,WLK
2008Q2,2008,Q2,2008-08-06,2008-06-30,47273000.0,1106449000.0,73576000.0,0.36,96460000.0,0.08717979771322493,2685972000.0,1334428000.0,1217500000.0,465001000.0,1351544000.0,514462000.0,903969000.0,969834645.66,1496810645.6599998,10.223186070294176,2.61827393919583,0.20455834982643156,0.4117404610814521,0.027768732707837238,10.223186070294176,0.03542566552860102,0.8765290091635493,5.128903632411736,0.7267792984409799,0.06940536881517992,1.9631945605311958,0.0033830509300553876,0.411936163146898,1.4278808002563435,0.017599960088936148,-52.254021856681035,0.08717979771322493,8.0,4.365380287714707,1.418620327734098,0.0,1.6280514385353095,7.7753851865602375,4.308896745796955,-0.02984618650680841,0.8976327362120712,0.5164147265537358,Specialty Chemicals,Basic Materials,WLK
2008Q1,2008,Q1,2008-05-02,2008-03-31,5387000.0,915061000.0,13859000.0,0.04,36704000.0,0.0401109871363767,2526322000.0,1288879000.0,1032959000.0,350711000.0,1237443000.0,532051000.0,859978000.0,851637231.9000001,1398598231.9,9.87502091264547,2.945328204704158,0.21961056429069611,0.4304570095408491,0.005232473840284235,9.87502091264547,0.004179601033145857,0.9306890271796089,39.522797099498796,0.6607580943595172,0.6092444774457026,1.6508887305916162,0.003853753543252058,0.3622107553985596,1.3464904151851524,0.002132348924642227,-11.954816697549063,0.0401109871363767,-0.7142857142857143,-0.6181223258622275,0.7313108899276664,1.1439190139296083,-0.14681543468154346,-0.7138531817698927,-0.30777683432395986,-0.9123290063323055,0.4719213158284262,0.5462164986141329,Specialty Chemicals,Basic Materials,WLK
2007Q4,2007,Q4,2008-02-20,2007-12-31,18826000.0,850552000.0,20021000.0,0.14,43020000.0,0.050578918161382255,2569335000.0,1286670000.0,1092185000.0,441262000.0,1282665000.0,527871000.0,857872000.0,1239279006.4199998,1725779006.4199998,9.85809618876058,2.475139486291591,0.19904527825293314,0.3974709910077953,0.013074318210428862,9.85809618876058,0.014631568311999191,1.4570290898381284,16.457014320886007,0.9631677169903704,0.17396154254754065,1.5297904222812013,0.0026426656007517975,0.33103974374692285,1.206487302328322,0.007327187774268439,-15.064474641949795,0.050578918161382255,-0.5254237288135593,-0.604165218894408,0.5031244856510732,0.6640730360656786,-0.5001161980013944,-0.5089851594898411,-0.6649485398711404,-0.604165218894408,0.5031244856510732,0.6640730360656786,Specialty Chemicals,Basic Materials,WLK
2007Q3,2007,Q3,2007-11-02,2007-09-30,38341000.0,840160000.0,59755000.0,0.295,86060000.0,0.10243286992953723,2314846000.0,1267464000.0,1066275000.0,367350000.0,1047382000.0,466399000.0,842321000.0,1637483237.6000001,1833441237.6000001,9.714098339909626,2.902613311555737,0.14481179309552342,0.26447851773304804,0.02581854488018536,9.714098339909626,0.0302501688410874,1.949013565987431,10.677103085469863,1.2919366842766344,0.08539161732870817,1.6168559538077911,0.001999409780095571,0.36294423041532786,1.5668599428338097,0.01656308886206685,65.47052247411139,0.10243286992953723,0.017241379310344845,0.1810010339161405,0.281080789127151,0.529215397841666,0.019293861259489998,0.01190287674848245,-0.040527304548884854,0.1810010339161405,0.281080789127151,0.529215397841666,Specialty Chemicals,Basic Materials,WLK
2007Q2,2007,Q2,2007-08-03,2007-06-30,37890000.0,782664000.0,62279000.0,0.29,84431000.0,0.10787643228767389,2172380000.0,1229593000.0,937335000.0,339023000.0,942787000.0,464519000.0,807254000.0,1834118479.64,2051699479.64,9.425823779602993,2.7648124168566732,0.11977462506559626,0.21161148445054584,0.02755078994887087,9.425823779602993,0.03081507458158919,2.3434302326924454,12.101599892055951,1.4916468129210234,0.06909474795460543,1.5031311959252474,0.001427388704198575,0.36027950910982426,1.3050648481076506,0.017441699886760142,40.77449823573874,0.10787643228767389,0.9333333333333332,3.3030735111966023,0.7119003115438955,0.0,0.45849816027224516,0.9260878405856039,0.9065389089573257,0.27572925287697403,0.3971546826609337,0.9027042518395512,Specialty Chemicals,Basic Materials,WLK
2007Q1,2007,Q1,2007-05-04,2007-03-31,19672000.0,718802000.0,32666000.0,0.15,57889000.0,0.08053539083085468,2110481000.0,1191512000.0,880944000.0,306552000.0,918969000.0,417651000.0,771982000.0,1770668591.3999999,2038219591.3999999,9.134840635090965,2.873717998903938,0.13308624905886382,0.23573073540174166,0.014516952019422455,9.134840635090965,0.016510114879245866,2.4633606909830523,22.50239669835299,1.4860686181926828,0.13272671817812118,1.5824528134734503,0.0014745842404848793,0.34058681409593355,1.42538623137347,0.009321097891902367,-28.89142218414998,0.08053539083085468,0.3636363636363636,0.3954121084679022,0.36085223126766025,0.9832219799868541,0.8651609369462254,0.3663957768979649,2.8394452280206863,0.3954121084679022,0.36085223126766025,0.9832219799868541,Specialty Chemicals,Basic Materials,WLK
