Quarters,Year,Quarter,FillingDate,Date,NetIncome,Revenue,OperatingIncome,EPSDiluted,GrossProfit,GrossProfitRatio,TotalAssets,CommonStockEquity,CurrentAssets,CurrentLiability,TotalLiability,Inventory,RetainedEarnings,MarketCap,EnterpriseValue,bookValuePerShare,currentRatio,debtToAssets,debtToEquity,roic,shareholdersEquityPerShare,roe,priceToSalesRatio,peRatio,pbRatio,payoutRatio,inventoryTurnover,dividendYield,assetTurnover,quickRatio,returnOnAssets,priceToFreeCashFlowsRatio,grossProfitMargin,epsdilutedGrowth,fiveYNetIncomeGrowthPerShare,fiveYRevenueGrowthPerShare,fiveYShareholdersEquityGrowthPerShare,grossProfitGrowth,netIncomeGrowth,operatingIncomeGrowth,threeYNetIncomeGrowthPerShare,threeYRevenueGrowthPerShare,threeYShareholdersEquityGrowthPerShare,Industry,Sector,Symbol
2023Q1,2023,Q1,2023-05-02,2023-03-31,13419000.0,326385000.0,18431000.0,0.68,89378000.0,0.2738422415,1238545000.0,528969000.0,361510000.0,148215000.0,709576000.0,0.0,365967000.0,1536594030.0,2025786030.0,27.66718970657461,2.439091859798266,0.40468291422596675,0.9475375683641196,0.01439230926729655,27.66718970657461,0.02536821628488626,4.707918654349924,28.62720824949698,2.9048848420228786,0.0,0.0,0.0,0.2635229240762346,2.2453327935768983,0.010834487241077231,-15.269437455282613,0.27384224152457987,-0.19999999999999993,5.642989496127967,0.744465975360381,0.17719266191963853,-0.08544122462344467,-0.21452821353313042,-0.4794238101963,1.3620983388411756,0.54022334719468,0.15112731524888823,Consulting Services,Industrials,HURN
2022Q4,2022,Q4,2023-02-28,2022-12-31,17084000.0,321183000.0,35405000.0,0.85,97728000.0,0.3042751329,1199040000.0,552040000.0,328484000.0,245684000.0,647000000.0,0.0,352548000.0,1413522000.0,1747774000.0,28.35336414997432,1.3370182836489148,0.2886359087269816,0.6269219621766539,0.027123802611502205,28.35336414997432,0.030947032823708427,4.4009863535741305,20.684880590025756,2.5605427142960653,0.0,0.0,0.0,0.2678667934347478,1.2309592810276615,0.014248065118761677,16.92779900123349,0.304275132868178,-0.011627906976744196,1.637525001489908,0.7292824868266516,0.21200722744100614,0.06340518601538613,-0.037032861732709546,0.20840301716782142,0.3518273513101018,0.42539726045146625,0.0679033466920886,Consulting Services,Industrials,HURN
2022Q3,2022,Q3,2022-11-01,2022-09-30,17741000.0,292186000.0,29299000.0,0.86,91901000.0,0.3145291013,1194684000.0,556261000.0,323619000.0,196118000.0,638423000.0,0.0,335464000.0,1332221250.0,1723025250.0,27.66229051668407,1.6501239049959717,0.33451105062091735,0.7184307366506011,0.02016882341398861,27.66229051668407,0.03189330188526609,4.559497203835913,18.773198382278338,2.3949571334319684,0.0,0.0,0.0,0.24457178634684987,1.5199777684863194,0.014849951953822098,34.50635231040199,0.31452910132586775,0.3030303030303029,3.34155824441007,0.6077034894899308,0.13444631927275788,0.09395533758689649,0.27863063063063065,0.010171010895048958,0.42487152358156915,0.31899971378074493,0.038212174263802676,Consulting Services,Industrials,HURN
2022Q2,2022,Q2,2022-07-28,2022-06-30,13875000.0,280817000.0,29004000.0,0.66,84008000.0,0.2991556779,1177909000.0,575359000.0,303712000.0,158480000.0,602550000.0,0.0,317723000.0,1337624180.0,1727000180.0,27.954474783791664,1.9164058556284704,0.3407173219662979,0.6975366684105054,0.017919283352467008,27.954474783791664,0.02411537839853031,4.763330496373083,24.101336576576575,2.3248514058179324,0.0,0.0,0.0,0.23840296661287078,1.7821365471983845,0.011779347980192019,55.56532962239854,0.29915567789699343,-0.48031496062992124,1.096478466774869,0.44915132166075084,0.15982519937616763,0.15440004397295662,-0.48327871294503205,0.8175209926055896,0.41605212216776,0.2285621815329149,0.08190847334540063,Consulting Services,Industrials,HURN
2022Q1,2022,Q1,2022-05-03,2022-03-31,26852000.0,264775000.0,15958000.0,1.27,72772000.0,0.2748446794,1157185000.0,582282000.0,274197000.0,127848000.0,574903000.0,0.0,303848000.0,955138500.0,1342359500.0,27.927194244604316,2.1447109067017083,0.3430471359376418,0.6817469885725473,0.010793939096525615,27.927194244604316,0.046115112608667276,3.6073590784628458,8.892619730373902,1.6403366410089957,0.0,0.0,0.0,0.22880956804659583,2.0106923847068394,0.02320458699343666,-11.225961707979268,0.2748446794448116,-0.12413793103448272,4.162887836955804,0.31057452591369833,-0.10893195961110441,-0.03443151511934932,-0.1354240453345354,-0.6317441270134305,7.523924724627077,0.24495711282602603,0.1110862375735367,Consulting Services,Industrials,HURN
2021Q4,2021,Q4,2022-02-24,2021-12-31,31058000.0,260736000.0,43334000.0,1.45,75367000.0,0.2890548294,1119349000.0,571900000.0,257682000.0,205184000.0,547449000.0,0.0,276996000.0,1049846100.0,1326300100.0,27.18285089595513,1.2558581565814098,0.26554273957452057,0.5197324707116628,0.03503376302043283,27.18285089595513,0.05430669697499563,4.026471603460972,8.450689838366927,1.83571620912747,0.0,0.0,0.0,0.23293539369758673,1.1816369697442295,0.027746484787139668,24.441171951389858,0.2890548294059892,1.2656249999999998,6.492285333954506,0.33853120551294663,-0.11563755944616702,0.07850488687912308,1.2625482625482625,1.3672020102698568,9.50082161783551,0.1800106855702974,0.09480784317478883,Consulting Services,Industrials,HURN
2021Q3,2021,Q3,2021-11-02,2021-09-30,13727000.0,227697000.0,18306000.0,0.64,69881000.0,0.30690347259735523,1049984000.0,533368000.0,233343000.0,156405000.0,516616000.0,0.0,245938000.0,1104584000.0,1423251000.0,25.10912343470483,1.4919152201016592,0.31415335852736803,0.6184398014129081,0.017212688585638306,25.10912343470483,0.02573645213061151,4.851113541241211,20.116995701901363,2.0709603875748077,0.0,0.0,0.0,0.21685759021089845,1.4048080304338098,0.013073532549067414,37.841178485782805,0.30690347259735523,0.08474576271186449,0.10801558094281348,0.11568110860890858,-0.171857085052363,0.01962472277343294,0.07267328280065641,0.1349742699485399,0.6576676342950813,0.06072862861043058,0.030431611136360084,Consulting Services,Industrials,HURN
2021Q2,2021,Q2,2021-07-30,2021-06-30,12797000.0,233378000.0,16129000.0,0.59,68536000.0,0.2936694975533255,1055872000.0,538138000.0,235645000.0,145629000.0,517734000.0,0.0,232211000.0,1059428250.0,1381421250.0,24.965808397123638,1.6181186439514108,0.31724962874287793,0.6224704443841542,0.013511124557638907,24.965808397123638,0.023780145613207022,4.539537788480491,20.696808822380245,1.9686925100996397,0.0,0.0,0.0,0.2210286852951873,1.5175754829051906,0.012119840283670748,71.22685558693021,0.2936694975533255,1.4583333333333333,-0.17570592235238336,0.1219656261285634,-0.15999301760384416,0.24545239782660053,1.367622571692877,0.9574029126213592,1.3991862148345855,0.07682152675818238,0.04480814917165871,Consulting Services,Industrials,HURN
2021Q1,2021,Q1,2021-05-04,2021-03-31,5405000.0,205147000.0,8240000.0,0.24,55029000.0,0.2682417973453182,1024742000.0,541003000.0,205216000.0,110174000.0,483739000.0,0.0,219414000.0,1104934160.0,1420902160.0,24.667289804851357,1.862653620636448,0.3294399956281679,0.6240094786905064,0.006768537179567569,24.667289804851357,0.009990702454515039,5.386060532203737,51.10703792784459,2.0423808370748406,0.0,0.0,0.0,0.20019380487966726,1.7268321019478279,0.0052744983615388066,-13.03126699767664,0.2682417973453182,1.857142857142857,-0.1330541196584542,0.0022614148698778445,-0.14225388430928826,-0.0357799933416271,1.8807234805279454,1.6511774932827565,2.6302724240343593,-0.04416172232518302,0.049551936994010434,Consulting Services,Industrials,HURN
2020Q4,2020,Q4,2021-02-23,2020-12-31,-6137000.0,200101000.0,-12654000.0,-0.28,57071000.0,0.28521096846092725,1057476000.0,551942000.0,237014000.0,193370000.0,505534000.0,0.0,214009000.0,1291181850.0,1497879850.0,25.19937908049126,1.2257020220303045,0.2589893293086557,0.49620249953799495,-0.007944464135811156,25.19937908049126,-0.011118921915708535,6.452650661415985,-52.59825036662865,2.3393433549177267,0.0,0.0,0.0,0.18922509825282086,1.140016548585613,-0.005803441401979808,23.511514649379972,0.28521096846092725,-1.56,-1.3200246128512052,1.1999760018798993,-0.1465452312493108,-0.04667167794203625,-1.5549828178694158,-1.9237170596393898,0.7964242095160167,-0.04230989489785733,0.07718538833808068,Consulting Services,Industrials,HURN
2020Q3,2020,Q3,2020-11-02,2020-09-30,11058000.0,208164000.0,13699000.0,0.5,59865000.0,0.287585749697354,1090681000.0,555066000.0,259832000.0,175126000.0,535615000.0,0.0,220146000.0,861523650.0,1111611650.0,25.339694133759416,1.4836860317714102,0.2978258537555894,0.5852150915386639,0.01182376898232239,25.339694133759416,0.019921955226945984,4.13867743702081,19.47738402061856,1.552110289587184,0.0,0.0,0.0,0.19085690499788663,1.416003334741843,0.010138619816426617,11.766233952472001,0.287585749697354,-0.180327868852459,-0.42397166909758205,-0.075486768268431,-0.13534543417590936,-0.12538168217745116,-0.18373071528751753,-0.14134386360787263,1.4842273453549415,0.05147606821110124,0.03919531624479384,Consulting Services,Industrials,HURN
2020Q2,2020,Q2,2020-07-31,2020-06-30,13547000.0,220827000.0,15954000.0,0.61,68447000.0,0.3099575685944201,1125526000.0,536014000.0,297962000.0,152783000.0,589512000.0,0.0,209088000.0,967703250.0,1291187250.0,24.510219946042344,1.9502300648632374,0.3613386096811624,0.7587413761580855,0.01252428798466472,24.510219946042344,0.02527359360016716,4.382178130391664,17.85825736325386,1.805369356024283,0.0,0.0,0.0,0.196198932765658,1.859493530039337,0.012036150208880115,18.51248732615308,0.3099575685944201,1.3144329896907216,-0.26913232466275094,-0.08432211539187998,-0.13001994022299787,0.03261673078373689,1.3201994894582585,1.3479531526029966,1.0886541726914056,0.07250953914446932,0.016923800412623934,Consulting Services,Industrials,HURN
2020Q1,2020,Q1,2020-04-30,2020-03-31,-42308000.0,241922000.0,-45851000.0,-1.94,66285000.0,0.2739932705582791,1190048000.0,524609000.0,359405000.0,119508000.0,665439000.0,0.0,195541000.0,990072720.0,1298991720.0,24.034865075365374,3.007371891421495,0.3864785285971658,0.8767062707654654,-0.03418417279308529,24.034865075365374,-0.08064672927837685,4.092528666264333,-5.850387160820649,1.8872583581295783,0.0,0.0,0.0,0.2032875984834225,2.896006961877029,-0.0355515071660975,-16.482257403985418,0.2739932705582791,-4.079365079365079,-29.553636247560327,0.19622648872239135,-0.12828710604969648,-0.1634906612821807,-3.955914203870607,-3.4785664089950807,-8.77052850979587,0.14385801738784618,-0.23312381701734497,Consulting Services,Industrials,HURN
2019Q4,2019,Q4,2020-02-26,2019-12-31,14313000.0,255199000.0,18499000.0,0.63,79240000.0,0.3105027841018186,1104271000.0,585465000.0,224736000.0,204544000.0,518806000.0,0.0,237849000.0,1515344720.0,1720062720.0,26.550496576119,1.0987171464330412,0.1958957538502777,0.3694875013877858,0.017164276835519337,26.550496576119,0.024447234249698958,5.937894427486001,26.467978760567313,2.5882755075025834,0.0,0.0,0.0,0.23110178570296602,1.0290597622027535,0.012961492242393399,20.365073042239516,0.3105027841018186,0.03278688524590167,0.12262029748246436,0.20729934815887818,-0.021939671674915173,0.03825995807127883,0.04826424490991651,-0.10094284603421462,2.2943390826801973,0.24998060499282207,-0.13621047182116208,Consulting Services,Industrials,HURN
2019Q3,2019,Q3,2019-10-30,2019-09-30,13654000.0,242925000.0,20576000.0,0.61,76320000.0,0.31417104044458166,1161933000.0,587557000.0,280436000.0,433548000.0,574376000.0,0.0,223536000.0,1352669680.0,1617770680.0,26.644159259931072,0.6468395656305646,0.2706791183312635,0.5352859382153561,0.017997613007463584,26.644159259931072,0.02323859642553829,5.568260491921375,24.76691226014355,2.3021931148807693,0.0,0.0,0.0,0.20906971400244248,0.6140611881498703,0.01175110785217392,26.38892057980062,0.31417104044458166,0.29787234042553196,0.13953346172065947,0.1430363373519043,0.014491425780466005,-0.03396073566826576,0.30385790679908325,0.1511048951048951,0.06164068374552852,0.14657482759643034,-0.12122891214311404,Consulting Services,Industrials,HURN
2019Q2,2019,Q2,2019-07-31,2019-06-30,10472000.0,244288000.0,17875000.0,0.47,79003000.0,0.32340106759235,1114675000.0,568361000.0,233205000.0,395418000.0,546314000.0,0.0,209882000.0,1116347750.0,1425330750.0,25.838114288312042,0.5897682958287179,0.2854284881243412,0.559785066181529,0.014022453232117827,25.838114288312042,0.018424909520533606,4.569801832263558,26.65077707219251,1.9641526248282342,0.0,0.0,0.0,0.21915625630789243,0.5524255344976708,0.009394666606858502,43.38532315106292,0.32340106759235,2.1333333333333333,-0.4586204958154324,0.09082080506118101,-0.007425009357678696,0.1859997297824749,2.169491525423729,1.645796329188869,-0.3390201571095643,0.15081719993764628,-0.13064315527501277,Consulting Services,Industrials,HURN
2019Q1,2019,Q1,2019-04-30,2019-03-31,3304000.0,223062000.0,6756000.0,0.15,66613000.0,0.2986299773157239,1091360000.0,549653000.0,216509000.0,373945000.0,541707000.0,0.0,199410000.0,1038292639.9999999,1365350640.0,25.135037497713554,0.5789862145502681,0.30749157015100426,0.6105379211975556,0.005022051718904853,25.135037497713554,0.0060110651629300665,4.654726667921922,78.56330508474575,1.888996585118247,0.0,0.0,0.0,0.2043890192053951,0.5426279265667411,0.003027415334994869,-24.298346399569397,0.2986299773157239,0.07142857142857129,-0.8999946196227087,0.002489956092231571,-0.009823753061472368,-0.08606591114891748,0.0793858216269193,-0.6043338213762811,-0.46849727000944197,0.09297594707596475,-0.12598907492609712,Consulting Services,Industrials,HURN
2018Q4,2018,Q4,2019-02-27,2018-12-31,3061000.0,228680000.0,17075000.0,0.14,72886000.0,0.3187248556935456,1049532000.0,540624000.0,232931000.0,418305000.0,508908000.0,0.0,196106000.0,1117223940.0,1381101940.0,24.828878478919812,0.5568448859086074,0.28296898045986213,0.5493374323004528,0.006248361295144888,24.828878478919812,0.005661975790937879,4.88553410879832,91.24664652074486,2.066545214418894,0.0,0.0,0.0,0.21788759180282258,0.5235629504787177,0.002916538037906419,23.24692440541834,0.3187248556935456,-0.631578947368421,-0.8575827928061256,0.0340013428705951,0.04927043479118716,0.04268833509770822,-0.6389052730918957,0.2591254332276381,-0.8394331188374323,1.5290781674917615,-0.15909337794078815,Consulting Services,Industrials,HURN
2018Q3,2018,Q3,2018-10-30,2018-09-30,8477000.0,219744000.0,13561000.0,0.38,69902000.0,0.3181065239551478,1040565000.0,529873000.0,208144000.0,152110000.0,510692000.0,0.0,192984000.0,1067896950.0,1374562950.0,24.367578753736492,1.3683781473933339,0.3033842191501732,0.5957861600798682,0.013723645815837014,24.367578753736492,0.015998173147150355,4.859732006334644,31.49395275451221,2.0153828370194367,0.0,0.0,0.0,0.21117758141009932,1.2807573466570246,0.008146535776236948,27.40938245938246,0.3181065239551478,0.52,-0.4917660384977752,0.17654021347270352,0.08257793571353884,0.0016335186565025505,0.5779970215934475,-0.2914097606855471,-0.5551708010035804,-0.01687581962062396,-0.16851647394488617,Consulting Services,Industrials,HURN
2018Q2,2018,Q2,2018-07-31,2018-06-30,5372000.0,218277000.0,19138000.0,0.25,69788000.0,0.3197221878622118,1050003000.0,518739000.0,209866000.0,135927000.0,531264000.0,0.0,184507000.0,887898100.0,1229884100.0,23.895112626099774,1.5439610967651753,0.33565427908301215,0.679412961045921,0.015288650846238793,23.895112626099774,0.010355882245213874,4.067758398731886,41.32064873417722,1.71164709034794,0.0,0.0,0.0,0.20788226319353373,1.444260522192059,0.005116175858545166,23.370044481878242,0.3197221878622118,2.666666666666667,-0.650055925820685,0.19202303684797012,0.10623138392093494,0.1447599363548382,2.6458333333333335,7.242032730404824,-0.7080417622792694,-0.08822509479408341,-0.1518529186357157,Consulting Services,Industrials,HURN
2018Q1,2018,Q1,2018-05-01,2018-03-31,-3264000.0,211298000.0,2322000.0,-0.15,60963000.0,0.2885166920652349,1051253000.0,507470000.0,206138000.0,112556000.0,543783000.0,0.0,179135000.0,822655200.0,1194429200.0,23.502686180066693,1.8314261345463592,0.35977067366276244,0.7452854355922518,0.0030071782702662344,23.502686180066693,-0.006431907304865312,3.8933411579854047,-63.00974264705883,1.6210912960372041,0.0,0.0,0.0,0.20099633484993623,1.7103042041295,-0.003104866288134255,-21.44565172054223,0.2885166920652349,0.891304347826087,-1.2952005295150624,0.20783014496412278,0.12602245730394926,-0.17710976729118297,0.8897744157773876,1.085594219994102,-3.226846358739169,0.05617191305913348,-0.1475885335162302,Consulting Services,Industrials,HURN
2017Q4,2017,Q4,2018-02-28,2017-12-31,-29612000.0,205240000.0,-27128000.0,-1.38,74084000.0,0.36096277528746834,1036928000.0,503316000.0,191295000.0,139467000.0,533612000.0,0.0,180443000.0,870281750.0000001,1195879750.0,23.393725307924704,1.3716147905956249,0.33030933681027036,0.680500917912405,-0.029777846000779058,23.393725307924704,-0.05883381414459306,4.240312560904307,-7.347373953127112,1.7290961344364177,0.0,0.0,0.0,0.1979308110109863,1.2930944237704978,-0.02855743118133564,20.396591122152437,0.36096277528746834,-7.899999999999999,-2.625980738741443,0.07667164490321413,0.15444927898516644,0.1852681428388583,-7.776201372997711,-5.448671695637914,-3.3804381314082494,-0.004858259700277563,-0.1382279954795399,Consulting Services,Industrials,HURN
2017Q3,2017,Q3,2017-11-02,2017-09-30,4370000.0,194358000.0,6098000.0,0.2,62504000.0,0.32159211352246886,1077797000.0,524377000.0,187241000.0,128794000.0,553420000.0,0.0,210543000.0,737621499.9999999,1103289500.0,24.383957219251336,1.4538021957544607,0.34730844491124024,0.7138528196316772,0.013052578023062087,24.383957219251336,0.008333698846440633,3.795169223803496,42.19802631578947,1.4066625729198647,0.0,0.0,0.0,0.18032894877235695,1.3365141233287265,0.004054566861848753,30.883499413833523,0.32159211352246886,1.0286123032904149,-0.5736951345229255,0.13128470498584435,0.2627646806743992,-0.07710480465404719,1.0290997715967585,1.030402592546429,-0.626012438767887,-0.062224712663599996,-0.0715670446119316,Consulting Services,Industrials,HURN
2017Q2,2017,Q2,2017-07-27,2017-06-30,-150173000.0,202348000.0,-200575000.0,-6.99,67726000.0,0.334700614782454,1093485000.0,518007000.0,188651000.0,118720000.0,575478000.0,0.0,206173000.0,928454400.0000001,1315035400.0,24.102317141261864,1.5890414420485175,0.36596112429525784,0.7725243095170529,-0.1611510594355486,24.102317141261864,-0.28990534876941815,4.58840413544982,-1.5456413602977899,1.792358790518275,0.0,0.0,0.0,0.1850487203756796,1.446933962264151,-0.13733430271105684,28.45313965247771,0.334700614782454,-28.96,-24.536134688777803,0.2960201366210687,0.2869208811366216,-0.07464236428971567,-29.345224613061532,-15.175913492119584,-8.946038338146332,-0.07522343050301221,-0.0741059140771714,Consulting Services,Industrials,HURN
2017Q1,2017,Q1,2017-05-01,2017-03-31,5298000.0,205799000.0,14149000.0,0.25,73189000.0,0.35563340929742127,1292294000.0,665657000.0,196785000.0,106024000.0,626637000.0,0.0,356346000.0,894161900.0,1303791900.0,31.341259004661236,1.8560420282200256,0.3267809027976606,0.6344063083540021,0.006148906239895669,31.341259004661236,0.00795905398726371,4.344831121628385,42.19337013967535,1.3432772433851068,0.0,0.0,0.0,0.15925091349182152,1.7174884931713574,0.004099686294295261,-35.539026232114466,0.35563340929742127,0.3157894736842105,5.3454479790088145,0.3841665886989165,0.7009264475046443,0.14443645233925445,0.2753972075108329,0.6826019740753954,-0.8348911769316391,-0.04770238037126391,0.23466576162405936,Consulting Services,Industrials,HURN
2016Q4,2016,Q4,2017-02-23,2016-12-31,4154000.0,195200000.0,8409000.0,0.19,63952000.0,0.32762295081967213,1153215000.0,648033000.0,180082000.0,135768000.0,505182000.0,0.0,351483000.0,1067853950.0,1342891950.0,30.737229047099557,1.3263950268104414,0.2532615340591303,0.4506946405507127,0.008578087131464419,30.737229047099557,0.0064101673834511515,5.470563268442623,64.26660748675975,1.6478388446267398,0.0,0.0,0.0,0.16926592179255387,1.2283748747864003,0.0036021036840485077,23.89523036988968,0.32762295081967213,-0.6666666666666666,-0.3404542195385078,0.29871281100110836,0.6867986826766692,-0.1493821741617121,-0.6620566221932964,-0.6381669535283994,-0.8003949901272839,-0.08845409919766145,0.2989578129317736,Consulting Services,Industrials,HURN
2016Q3,2016,Q3,2016-11-01,2016-09-30,12292000.0,202493000.0,23240000.0,0.57,75183000.0,0.37128690868326314,1161094000.0,639020000.0,184567000.0,114208000.0,522074000.0,0.0,347329000.0,1259501760.0,1576256760.0,30.319795027519454,1.616060170916223,0.28064738944478224,0.5099339613783607,0.015136711094499248,30.319795027519454,0.019235704672780195,6.219976789321112,25.61629027009437,1.9709895777909923,0.0,0.0,0.0,0.17439845524996253,1.5042291258055478,0.01058656749582721,37.08234241130575,0.37128690868326314,-0.1971830985915493,24.703539357611618,0.19640300593291865,0.6879009473473972,-0.07156264664476772,-0.18966312874942318,-0.17614945584742459,-0.23964698410202923,0.11859013970218174,0.3470169294976224,Consulting Services,Industrials,HURN
2016Q2,2016,Q2,2016-07-26,2016-06-30,15169000.0,203241000.0,28209000.0,0.71,80978000.0,0.3984333869642444,1142557000.0,625953000.0,173195000.0,102745000.0,516604000.0,0.0,335037000.0,1272505620.0,1600479620.0,29.720953421015146,1.6856781351890604,0.29291667724236076,0.534663145635535,0.019453447825603293,29.720953421015146,0.02423344883721302,6.2610675011439625,20.972140879425144,2.0329092120334913,0.0,0.0,0.0,0.1778825914155705,1.5303907732736386,0.013276361704492642,27.221118360536504,0.3984333869642444,1.5357142857142854,0.6117764405250454,0.17855891411719216,0.6451944153961583,0.18102266429425662,1.5273242252582473,0.962228714524207,0.018545469997883993,0.1440600643878122,0.3759404255105915,Consulting Services,Industrials,HURN
2016Q1,2016,Q1,2016-04-28,2016-03-31,6002000.0,197050000.0,14376000.0,0.28,68566000.0,0.3479624460796752,1127554000.0,607202000.0,180728000.0,89200000.0,520352000.0,0.0,319868000.0,1228623660.0,1565179660.0,28.758264658520414,2.02609865470852,0.3104179489408046,0.5764358483667709,0.009481196962000817,28.758264658520414,0.00988468417429455,6.235085815782797,51.175593968677106,2.023418335249225,0.0,0.0,0.0,0.17475881421200226,1.8592040358744395,0.005323026657703312,-101.43854524438574,0.3479624460796752,-0.6744186046511628,0.466536897753699,0.2511363875255024,0.6940389723149197,0.6402564470599493,-0.6897068707025797,-0.34094347407509284,-0.44488197736270557,0.1518853947262027,0.37781918162396977,Consulting Services,Industrials,HURN
2015Q4,2015,Q4,2016-02-23,2015-12-31,19343000.0,91745000.0,21813000.0,0.86,41802000.0,0.45563245953457954,1164160000.0,652325000.0,229589000.0,131421000.0,511835000.0,0.0,313866000.0,1312324200.0,1565880200.0,29.526320554021638,1.7469734669497266,0.2679983851017042,0.4782784654888284,0.02848346888015393,29.526320554021638,0.029652397194649908,14.304040547168784,16.961228868324458,2.0117643812516763,0.0,0.0,0.0,0.07880789582188015,1.5269020932727646,0.016615413688840022,16.962105780167512,0.45563245953457954,0.0,5.803457109647398,-0.4531933940042124,0.7735014800067249,-0.5578706886522047,-0.001600082584907608,-0.40765784114052955,0.034327676399449746,-0.531304987014969,0.4570847107932918,Consulting Services,Industrials,HURN
2015Q3,2015,Q3,2015-10-22,2015-09-30,19374000.0,227237000.0,36825000.0,0.86,94547000.0,0.4160722065508698,1272144000.0,647871000.0,256861000.0,120266000.0,624273000.0,0.0,294523000.0,1382350710.0,1788314710.0,29.306147374134888,2.1357740342241365,0.3297000968443824,0.6473912244875909,0.021700495352133226,29.306147374134888,0.029904101279421367,6.083299418668615,17.837704010529574,2.1336820292928684,0.0,0.0,0.0,0.17862521852872001,1.8681173398965627,0.015229407991548127,23.27268106670258,0.4160722065508698,0.036144578313253045,1.4254973811022231,0.3388454057091797,0.7297882010811821,-0.035952810661446066,0.02872617214463973,0.020309209797184972,0.8385175649553507,0.2866433413808037,0.5176686662441802,Consulting Services,Industrials,HURN
2015Q2,2015,Q2,2015-07-28,2015-06-30,18833000.0,245033000.0,36092000.0,0.83,98073000.0,0.4002440487607792,1284507000.0,626011000.0,270235000.0,113139000.0,658496000.0,0.0,275149000.0,1557399800.0,2008201800.0,28.173312331233124,2.3885220834548653,0.36405406899300663,0.7469996533607237,0.019733951617328813,28.173312331233124,0.030084135901765303,6.355877779727629,20.673814580789042,2.4878153898254185,0.0,0.0,0.0,0.1907603461872921,2.0873085319827824,0.014661656184045708,27.46736860670194,0.4002440487607792,10.857142857142856,6.327998900942726,0.44590625663250844,0.7068790083160219,0.5628167128788603,11.538615179760319,3.116332116788321,1.8549306797899707,0.51799446378929,0.5042878955309262,Consulting Services,Industrials,HURN
2015Q1,2015,Q1,2015-04-28,2015-03-31,1502000.0,205008000.0,8768000.0,0.07,62754000.0,0.3061051276047764,1281741000.0,610058000.0,265177000.0,97055000.0,671683000.0,0.0,256316000.0,1463634900.0000002,1954807900.0000002,27.57199674590979,2.7322343001390963,0.38881178022705054,0.8168993767805685,0.0032578621790735544,27.57199674590979,0.002462060984365421,7.139403828143293,243.6143308921438,2.39917335728734,0.0,0.0,0.0,0.1599449498767692,2.439874298078409,0.001171843609590393,-30.093652849740938,0.3061051276047764,-0.878932228562495,-0.4519600658440546,0.24072794998074212,0.6911235730949521,-0.11428208493881525,-0.882592042523255,-0.6611662866638327,0.7268373106954984,0.3235704649665851,0.4963642165317942,Consulting Services,Industrials,HURN
2014Q4,2014,Q4,2015-02-24,2014-12-31,12793000.0,212099000.0,25877000.0,0.578188556449426,70851000.0,0.3340468366187488,1155914000.0,600634000.0,486159000.0,176376000.0,555280000.0,0.0,254814000.0,1513197140.0,1612927140.0,27.14607249389858,2.7563784188324942,0.30850218960926157,0.5937093138250582,0.015690471986278837,27.14607249389858,0.02129916055368161,7.134390732629574,29.570803173610567,2.519333137984197,0.0,0.0,0.0,0.1834902942606457,2.579880482605343,0.011067432352233817,33.55055518602279,0.3340468366187488,0.09092180462155847,-0.1850187553512361,0.426180483103355,0.684939515812965,0.03920619554695063,0.046976020950977984,0.21619589227804673,0.9354428619041126,0.3446257779255111,0.48972307335798515,Consulting Services,Industrials,HURN
2014Q3,2014,Q3,2014-10-28,2014-09-30,12219000.0,216728000.0,21277000.0,0.53,68178000.0,0.31457864235354915,1130562000.0,590615000.0,463452000.0,158276000.0,539947000.0,0.0,242021000.0,1371093360.0,1506299360.0,26.263562789043046,2.9281255528317622,0.3194154765506005,0.6114287649314697,0.014120879268572745,26.263562789043046,0.020688604251500556,6.326332361300801,28.052487110238154,2.32146721637615,0.0,0.0,0.0,0.19169934952704937,2.711794586671384,0.010807899080280427,18.361545961002786,0.31457864235354915,-0.3837209302325581,1.1718440998954378,0.04373540507753295,0.7090924057188862,-0.20126994540640597,-0.3863807562898609,-0.3746289274902272,22.946574642126787,0.20010670303044312,0.46209077179142094,Consulting Services,Industrials,HURN
2014Q2,2014,Q2,2014-07-30,2014-06-30,19913000.0,230546000.0,34023000.0,0.86,85358000.0,0.3702428148829301,929541000.0,589481000.0,277905000.0,140540000.0,340060000.0,0.0,229802000.0,1603718899.9999998,1773250899.9999998,26.03139765952749,1.9774085669560268,0.19229921004022416,0.3032328438066706,0.02705369038560916,26.03139765952749,0.033780562901942555,6.956177509043747,20.134069452116705,2.720560798397234,0.0,0.0,0.0,0.24802133526116654,1.7839262843318628,0.021422400948425083,108.57212781802178,0.3702428148829301,-0.4189189189189189,0.8006453675388049,0.12346693829380692,0.4361187685103357,-0.016533591418662796,-0.4164859637812811,-0.1864224395609651,0.9678464555790601,0.24338100558123177,0.4409601686643492,Consulting Services,Industrials,HURN
2014Q1,2014,Q1,2014-04-30,2014-03-31,34126000.0,229834000.0,41819000.0,1.48,86793000.0,0.37763342238311126,867840000.0,573383000.0,243474000.0,111768000.0,294457000.0,0.0,209889000.0,1431627440.0,1572486440.0,25.384407650079687,2.1783873738458235,0.18724649705014748,0.28340568171710706,0.047738368905981,25.384407650079687,0.059516937195556896,6.228962816641576,10.487805778585244,2.4968083113730266,0.0,0.0,0.0,0.2648345317109145,1.9913749910528953,0.039322916666666666,-102.22259478757587,0.37763342238311126,0.5416666666666667,1.8780553390576538,0.12101253593996428,0.4686648947054003,0.04778173477394821,0.5427667269439421,0.13349054046728465,6.794264287054026,0.3640655148380133,0.4952980076850159,Consulting Services,Industrials,HURN
2013Q4,2013,Q4,2014-02-26,2013-12-31,22120000.0,227610000.0,36894000.0,0.96,82835000.0,0.36393392205966346,885600000.0,530264000.0,272514000.0,173384000.0,355336000.0,0.0,175763000.0,1404372030.0,1514991030.0,23.66299254763711,1.5717367231117059,0.19054878048780488,0.3182377080095952,0.03264385314152383,23.66299254763711,0.041715070229168864,6.170080532489785,15.872197445750452,2.6484393245628595,0.0,0.0,0.0,0.2570121951219512,1.3684999769298205,0.024977416440831075,22.02591013174404,0.36393392205966346,0.27999999999999997,0.6337109175563977,0.1029045281965096,0.4484428180469851,0.20646965437888695,0.28821850794944964,0.1855779427359491,6.415610529732522,0.33744183080552126,0.42132008042927255,Consulting Services,Industrials,HURN
2013Q3,2013,Q3,2013-11-07,2013-09-30,17171000.0,192277000.0,31119000.0,0.75,68659000.0,0.35708379057297546,820012000.0,503883000.0,233101000.0,130461000.0,316129000.0,0.0,153643000.0,1177727460.0,1321946460.0,22.508844813722863,1.786748530212094,0.2134115110510578,0.3473028460972091,0.026493164644509407,22.508844813722863,0.034077355259058154,6.125160367594668,17.14704239706482,2.33730342162764,0.0,0.0,0.0,0.23448071491636707,1.5171890450019545,0.02093993746432979,30.424372513562385,0.35708379057297546,0.08695652173913052,0.6418866335627378,-0.12414681341605349,0.46017557479759136,0.01652280769287713,0.08642834546029737,0.018658548561327704,1.1229042900134731,0.11874738922646129,0.32857907529356845,Consulting Services,Industrials,HURN
2013Q2,2013,Q2,2013-07-31,2013-06-30,15805000.0,188530000.0,30549000.0,0.69,67543000.0,0.35826128467617885,790326000.0,482792000.0,204465000.0,112690000.0,307534000.0,0.0,136472000.0,1002442350.0,1179084350.0,21.600465303565837,1.8144023427100897,0.2293357424657673,0.37542047092743874,0.025356978274710076,21.600465303565837,0.032736665064872654,5.317150320903835,15.856411736792156,2.076344160632322,0.0,0.0,0.0,0.2385471311838406,1.555994320702813,0.019998076743014907,49.91,0.35826128467617885,0.3799999999999999,0.26574975436045234,-0.05046904340507536,0.7373622624223373,0.16668681878638178,0.3941077886566111,0.43133580096518764,5.1137473184998194,0.1059694312316277,0.30866333227142234,Consulting Services,Industrials,HURN
2013Q1,2013,Q1,2013-04-26,2013-03-31,11337000.0,179372000.0,21343000.0,0.5,57893000.0,0.32275383002921304,776075000.0,462092000.0,190969000.0,101729000.0,313983000.0,0.0,120667000.0,898400620.0,1095151620.0,20.872306788924522,1.8772326475243049,0.26092838965306187,0.4382244228422046,0.018730265732601885,20.872306788924522,0.02453407546549172,5.008588965947863,19.8112512128429,1.9442029292868086,0.0,0.0,0.0,0.23112714621653835,1.6457843879326446,0.014608124214798828,-30.87924039320822,0.32275383002921304,-0.3975903614457831,-0.12896293633266684,-0.06792815111585385,0.7824529727917886,-0.24691052891744933,-0.39054940328996884,-0.3820966387771055,3.1341414049074405,0.08493898581743206,0.2801992674272438,Consulting Services,Industrials,HURN
2012Q4,2012,Q4,2013-02-21,2012-12-31,18602000.0,194709000.0,34541000.0,0.83,76874000.0,0.39481482622785796,787850000.0,445321000.0,200372000.0,116725000.0,342529000.0,0.0,109330000.0,740371440.0,907709440.0,20.26396978522024,1.716615977725423,0.24433585073300756,0.4322724506591874,0.030941508228088596,20.26396978522024,0.041772114946297165,3.8024510423246998,9.95015912267498,1.6625567624253066,0.0,0.0,0.0,0.24713968394999047,1.4550953094881132,0.02361109348226185,12.781773358193496,0.39481482622785796,0.7659574468085106,0.2784609023536339,0.04424283167732121,0.9154316105256497,0.06943227188625961,0.7778839720921342,0.6796829410620502,0.19313370996393225,0.3181843644303953,0.25777176223307213,Consulting Services,Industrials,HURN
2012Q3,2012,Q3,2012-10-31,2012-09-30,10463000.0,175358000.0,20564000.0,0.47,71883000.0,0.40992141789938297,777340000.0,423854000.0,191598000.0,98499000.0,353486000.0,0.0,90728000.0,780761500.0,1000049500.0,19.30997722095672,1.9451771083970395,0.2862325365991715,0.5249449102757081,0.018022026773078938,19.30997722095672,0.024685386949279704,4.452385976117428,18.655297237885883,1.8420529238841676,0.0,0.0,0.0,0.22558725911441582,1.6868902222357587,0.01346000463117812,84.29729000215936,0.40992141789938297,0.6206896551724138,-0.22578500380012742,-0.06371942309933896,0.9955033369203261,0.39254165052305307,0.6079606577531889,0.39881640704713966,1.1507549198625755,-0.13479845958670075,0.25659019258081067,Consulting Services,Industrials,HURN
2012Q2,2012,Q2,2012-07-30,2012-06-30,6507000.0,159225000.0,14701000.0,0.29,51620000.0,0.3241953210865128,748306000.0,410495000.0,174567000.0,95495000.0,337811000.0,0.0,80265000.0,693704700.0,901432700.0,18.728670499133134,1.8280224095502382,0.28531108931372995,0.5201037771471029,0.011861578248935044,18.728670499133134,0.01585159380747634,4.356757418747056,26.652247579529735,1.689922410747999,0.0,0.0,0.0,0.21278060044954872,1.5479868055919157,0.008695640553463422,20.060864661654136,0.3241953210865128,6.249999999999999,-0.5049954669445499,-0.05284258032691737,1.13347763935961,0.26855401553130837,6.6016355140186915,3.0420676381633216,-0.3920838186445673,-0.1983489517012022,0.03323669227598237,Consulting Services,Industrials,HURN
2012Q1,2012,Q1,2012-04-26,2012-03-31,856000.0,152433000.0,3637000.0,0.04,40692000.0,0.2669500698667611,767550000.0,401226000.0,194187000.0,94983000.0,366324000.0,0.0,73758000.0,817869000.0,1057906000.0,18.425993111366246,2.044439531284546,0.3178945997003453,0.6081360629670062,0.0015726200466275745,18.425993111366246,0.0021334609422121197,5.3654326818995886,238.8636098130841,2.0384247282080423,0.0,0.0,0.0,0.1985968340824702,1.7999747323205204,0.001115236792391375,-45.90127960489393,0.2669500698667611,-0.8661029976940815,-0.9329855509075605,-0.0711089408356698,1.3519582289996905,-0.24219230124587965,-0.8684089162182936,-0.8059128021772773,-0.925112879133295,-0.2287506588689872,0.06607211819899161,Consulting Services,Industrials,HURN
2011Q4,2011,Q4,2012-02-23,2011-12-31,6505000.0,155236000.0,18739000.0,0.29873708381171066,53697000.0,0.34590558890978895,786644000.0,396789000.0,211524000.0,169702000.0,389855000.0,0.0,72902000.0,843563500.0,1031983500.0,18.22222732491389,1.2464437661312182,0.24598166387845075,0.487664728608908,0.014927152006727628,18.22222732491389,0.016394103667188353,5.4340713494292565,32.419811683320525,2.1259750144283234,0.0,0.0,0.0,0.19733958436090532,0.7808157829607194,0.008269306064751018,16.771312974670963,0.34590558890978895,13.936854190585532,-0.3776310753922694,0.2328140902570778,1.6142284440657473,-0.1148311161663617,12.302658486707566,7.350713012477718,-0.5055735424463865,-0.22588882381248215,0.11540644085722941,Consulting Services,Industrials,HURN
2011Q3,2011,Q3,2011-11-03,2011-09-30,489000.0,173066000.0,2244000.0,0.02,60663000.0,0.3505194550056048,755299000.0,387121000.0,198067000.0,120869000.0,368178000.0,0.0,66397000.0,670882630.0,903159630.0,17.96301795740337,1.6386914758953908,0.3094800866941436,0.6038163778250211,-0.0005077910343255317,17.96301795740337,0.001263170946551595,3.8764553985184844,342.98702965235174,1.7330050036035243,0.0,0.0,0.0,0.22913574624089267,0.915544928807221,0.000647425721469246,36.21889704691465,0.3505194550056048,-0.9545454545454545,-0.9450749429631831,0.5868791587306615,1.8092765709915724,-0.022510473735095068,-0.9483577991340163,-0.9016910540611583,-0.9514302899603474,-0.18111143696468618,0.16528237180167996,Consulting Services,Industrials,HURN
2011Q2,2011,Q2,2011-07-28,2011-06-30,9469000.0,173505000.0,22826000.0,0.44,62060000.0,0.3576842165931817,754018000.0,382804000.0,170998000.0,102257000.0,371214000.0,0.0,65908000.0,640149900.0,890916900.0,18.065313827277016,1.672237597426093,0.33689514043431323,0.6635902446160438,0.01764672364486313,18.065313827277016,0.024735896176633472,3.6895184576813347,16.90120128841483,1.6722654413224525,0.0,0.0,0.0,0.23010723881923242,0.9565799896339615,0.012558055643233982,19.644936475787148,0.3576842165931817,1.3157894736842106,0.16048852060369778,0.7934337518001245,2.11382706654119,0.2834777573263293,1.3345660749506902,0.961333562467778,-0.20012251945139423,-0.07826377253789953,0.45302400023513767,Consulting Services,Industrials,HURN
2011Q1,2011,Q1,2011-04-26,2011-03-31,4056000.0,156087000.0,11638000.0,0.19,48353000.0,0.30978236496312955,789005000.0,355226000.0,205443000.0,132023000.0,433779000.0,0.0,56439000.0,579413250.0,861547250.0,16.97615292712067,1.5561152223476213,0.36317513830710835,0.806661111517738,0.008791126092445707,16.97615292712067,0.0114180831358065,3.7121172807472758,35.71334134615385,1.631111602191281,0.0,0.0,0.0,0.1978276436777967,0.8578656749202791,0.00514065183363857,-86.1068880962996,0.30978236496312955,2.0424095437860514,-0.4431223531401078,0.7733423201421862,2.1915524832990583,-0.11233294169481568,2.0634504457262715,7.770158251695554,-0.6702923921195384,-0.14186817658741313,0.44972927801016727,Consulting Services,Industrials,HURN
2010Q4,2010,Q4,2011-02-22,2010-12-31,-3814000.0,158913000.0,1327000.0,-0.1822700119474313,54472000.0,0.3427787531542416,788983000.0,348372000.0,200614000.0,166159000.0,440611000.0,0.0,52383000.0,553466250.0,804227250.0,16.648602150537634,1.207361623505197,0.3257763475258656,0.73780900876075,0.004621981720253441,16.648602150537634,-0.010948067008829642,3.4828255082969926,-36.27859530676455,1.5887219696186834,0.0,0.0,0.0,0.20141498612771125,0.7797109997051017,-0.0048340712030550724,15.665617039343335,0.3427787531542416,-1.5063055887428647,-1.6484520872048802,1.018938521649842,2.543658009508467,-0.048457534150857705,-1.5119463087248322,-0.9461204271387389,-1.2752907883455726,-0.10492777119759601,0.5736925769334641,Consulting Services,Industrials,HURN
2010Q3,2010,Q3,2010-11-04,2010-09-30,7450000.0,158302000.0,24629000.0,0.36,57246000.0,0.36162524794380363,732784000.0,349328000.0,182047000.0,97320000.0,383456000.0,0.0,56197000.0,453411809.99999994,716699810.0,16.94204374605946,1.8706021372790793,0.36786829406755606,0.7716759034489076,0.021093832787538524,16.94204374605946,0.021326661475747723,2.8642203509747186,15.215161409395972,1.2979543867081937,0.0,0.0,0.0,0.21602818838839277,0.9378236744759556,0.010166706696652766,19.965293262879786,0.36162524794380363,2.0,0.5136755082867152,1.0478390585623052,2.8400537903024135,0.08752065958699823,2.136842105263158,1.669810298102981,-0.41314804928032367,-0.10022533983652047,0.7507998296766902,Consulting Services,Industrials,HURN
2010Q2,2010,Q2,2010-07-29,2010-06-30,2375000.0,156608000.0,9225000.0,0.12,52639000.0,0.3361194830404577,728603000.0,338929000.0,179211000.0,81565000.0,389674000.0,0.0,48747000.0,398564940.0,688611940.0,16.505746566669913,2.19715564273892,0.4023247227914241,0.8648861560975898,0.009161653961209174,16.505746566669913,0.007007367324719927,2.5449845474049857,41.95420421052631,1.175954078877877,0.0,0.0,0.0,0.21494284267289593,1.1865751241341262,0.003259662669519615,65.10371447239464,0.3361194830404577,0.0,-0.6114140049261065,1.1614325984829879,3.0800194448640905,0.21433514810371873,-0.0552903739061257,0.1781609195402299,-0.8071501310032526,-0.005620376282724177,0.8802531243505427,Consulting Services,Industrials,HURN
2010Q1,2010,Q1,2010-04-29,2010-03-31,2514000.0,151566000.0,7830000.0,0.12,43348000.0,0.2860008181254371,733821000.0,330905000.0,176414000.0,86104000.0,402916000.0,0.0,46372000.0,412008800.0,712317800.0,16.3039515175404,2.04884790485924,0.41045704606436717,0.9102370771067225,0.0070511784891994864,16.3039515175404,0.007597346670494553,2.7183458031484635,40.971439936356404,1.2450969311433797,0.0,0.0,0.0,0.20654355762508841,1.1610145870110564,0.0034259035922929435,-18.22160895139534,0.2860008181254371,-0.830854920480589,-0.6010448102697847,1.2707124485253682,3.559358471862589,-0.09488014699741085,-0.8254045419820821,-0.8485493230174082,-0.7888419368074745,-0.009087551303636634,1.081093415433707,Consulting Services,Industrials,HURN
2009Q4,2009,Q4,2010-02-23,2009-12-31,14399000.0,136418000.0,51700000.0,0.7094501379582183,47892000.0,0.35106804087437143,754215000.0,326989000.0,192783000.0,192993000.0,427226000.0,0.0,43858000.0,467619840.0,681182840.0,16.111007094994086,0.9989118776328675,0.29073672626505703,0.6705974818724789,0.06310651335809143,16.111007094994086,0.04403512044747682,3.4278455922239,8.118963816931732,1.43007819834918,0.0,0.0,0.0,0.18087415392162712,0.5967522138108636,0.019091373149566104,7.038121641757349,0.35106804087437143,1.2245095373285502,3.3731231721541417,1.3282136392590613,4.087600335260355,-0.2334336385171906,1.2250054692627435,1.5494739079604634,0.4780211207462882,0.1623168489463358,1.3113449447913543,Consulting Services,Industrials,HURN
2009Q3,2009,Q3,2009-11-05,2009-09-30,-63994000.0,186880000.0,-94090000.0,-3.16,62476000.0,0.3343107876712329,761288000.0,311012000.0,234634000.0,131617000.0,450276000.0,0.0,29459000.0,522773369.99999994,797862370.0,15.366964770986709,1.7827028423379958,0.3964596841142905,0.9704448702943937,-0.1019431807729826,15.366964770986709,-0.20576054943217625,2.797374625428082,-2.0422749398381095,1.6808784548506166,0.0,0.0,0.0,0.24547871501980853,1.034957490293807,-0.08406017170899843,29.417217376624833,0.3343107876712329,-7.723404255319149,-35.717862560756295,1.7883136233325974,207.4748183470624,0.05196160969860246,-7.634252539912917,-5.331353864567509,-8.65383844342349,0.8246236603907375,1.4032740044438639,Consulting Services,Industrials,HURN
2009Q2,2009,Q2,2009-08-17,2009-06-30,9646000.0,178993000.0,21723000.0,0.47,59390000.0,0.3318006849429866,777135000.0,358029000.0,182687000.0,106856000.0,419106000.0,0.0,93453000.0,913134959.9999999,1202875960.0,18.126215066828674,1.7096559856255147,0.3800729602964736,0.8249834510612268,0.016565868888787066,18.126215066828674,0.026941951629616594,5.101512126172532,23.666155919552146,2.5504497121741534,0.0,0.0,0.0,0.23032420364544126,0.8828048963090515,0.012412257844518649,36.85860014531363,0.3318006849429866,-0.07843137254901968,0.6220528979019735,1.4544335194125495,1277.3802766002302,-0.04413184832292538,-0.05901863232855331,-0.005448219027561579,0.268247075842356,0.9848572180887759,2.1243243061637602,Consulting Services,Industrials,HURN
2009Q1,2009,Q1,2009-04-30,2009-03-31,10251000.0,177249000.0,21842000.0,0.51,62132000.0,0.3505351229061941,772803000.0,337522000.0,177690000.0,97872000.0,435281000.0,0.0,139003000.0,828573040.0,1140923040.0,17.284002458009013,1.8155345757724375,0.41655635394790136,0.953763013966497,0.01820203728022221,17.284002458009013,0.03037135357102648,4.674627445006742,20.20712710955029,2.4548712083953044,0.0,0.0,0.0,0.22935858168252451,1.0151728788621874,0.01326470005939418,-535.946338939198,0.3505351229061941,-0.15592168827866762,0.6907436572088228,1.7599221572390238,3.833427218538828,-0.10979296511211405,-0.13119755911517925,-0.23364092487982877,0.5081195612450983,1.1578305570691094,2.24942884309666,Consulting Services,Industrials,HURN
2008Q4,2008,Q4,2009-02-24,2008-12-31,11799000.0,179841000.0,28501000.0,0.6042093404342482,69795000.0,0.3880928153201995,779597000.0,319026000.0,179055000.0,166151000.0,460571000.0,0.0,128752000.0,1118368560.0,1384780560.0,16.336849651782057,1.077664293323543,0.3598243707967065,0.8792951044742435,0.025592572103616398,16.336849651782057,0.03698444640875665,6.218651809098037,23.696257309941522,3.5055718342705613,0.0,0.0,0.0,0.2306845716440674,0.6360058019512371,0.015134742693981634,20.54012195121951,0.3880928153201995,0.37320304644147323,2.724408138237043,2.1900136952905402,4.15891783024101,0.06847616423257095,0.3362400906002265,0.27898940944175193,1.1495626391151603,1.44827431898806,2.477301433189908,Consulting Services,Industrials,HURN
2008Q3,2008,Q3,2008-10-30,2008-09-30,8830000.0,185355000.0,22284000.0,0.44,65322000.0,0.3524156348628308,767724000.0,291362000.0,212658000.0,126929000.0,476362000.0,0.0,116953000.0,1076978980.0,1397887980.0,15.415163218877309,1.6754090869698808,0.43694609000109413,1.151330647098798,0.01864690298146769,15.415163218877309,0.030305942435870155,5.810358393353295,30.492043601359004,3.696360472539315,0.0,0.0,0.0,0.2414344217453147,1.452260712681893,0.011501529195387926,30.341709536554443,0.3524156348628308,-0.18518518518518523,4.12954323251889,1.9613338385137942,208.128699111309,0.13793463870113581,-0.09980630033642574,0.10153237765694513,0.9571316097856558,1.6157518582059414,2.4939737397708175,Consulting Services,Industrials,HURN
2008Q2,2008,Q2,2008-08-05,2008-06-30,9809000.0,155973000.0,20230000.0,0.54,57404000.0,0.36803805786899013,499503000.0,218297000.0,182682000.0,87300000.0,281206000.0,0.0,108123000.0,796079720.0000001,984490720.0000001,12.432908076090671,2.0925773195876287,0.4058954600873268,0.9287621909600223,0.026320000669234157,12.432908076090671,0.044934195156140486,5.103958505638797,20.28952288714446,3.646773524143713,0.0,0.0,0.0,0.3122563828445475,1.7803436426116839,0.01963751969457641,31.321990871891728,0.36803805786899013,-0.03571428571428574,0.8555750414265175,1.406028038162598,876.4788901377784,0.02637272255895868,-0.03955742680896896,-0.019341703427214117,0.8769243898372175,1.517536016058001,2.073263393555907,Consulting Services,Industrials,HURN
2008Q1,2008,Q1,2008-05-06,2008-03-31,10213000.0,151007000.0,20629000.0,0.56,55929000.0,0.3703735588416431,472984000.0,203424000.0,183154000.0,78210000.0,269560000.0,0.0,98314000.0,721806600.0,885694600.0,11.70987796454064,2.341823296253676,0.37668293219220944,0.8758307770961146,0.029828428444840877,11.70987796454064,0.0502054821456662,4.779954571642374,17.668819152061097,3.5482863378952336,0.0,0.0,0.0,0.31926449943338464,2.011379618974556,0.021592696581702552,-21.24210123602119,0.3703735588416431,-0.15420622500434697,0.8935327064294734,1.643127205199336,2.274637516228318,0.01677998763771225,-0.11206746652756043,-0.11208195239529979,0.8935327064294734,1.643127205199336,2.274637516228318,Consulting Services,Industrials,HURN
2007Q4,2007,Q4,2008-02-21,2007-12-31,11502000.0,147396000.0,23233000.0,0.6620999309233249,55006000.0,0.37318516106271543,443213000.0,183784000.0,155712000.0,122201000.0,259429000.0,0.0,88101000.0,1400704360.0,1522754360.0,10.579323048583928,1.2742285251348189,0.2821284574234059,0.6803802289644365,0.04175320419563404,10.579323048583928,0.06258433813607278,9.503001166924475,30.44480003477656,7.621470639446306,0.0,0.0,0.0,0.3325624474011367,1.0768897144867882,0.025951404855001997,38.84586943258084,0.37318516106271543,0.14155160504021536,3.081251655733655,1.9389857638718577,2.3407823093521487,0.06221999073072764,0.09678649756841805,0.06446440025657472,3.081251655733655,1.9389857638718577,2.3407823093521487,Consulting Services,Industrials,HURN
2007Q3,2007,Q3,2007-10-31,2007-09-30,10487000.0,145337000.0,21826000.0,0.58,51784000.0,0.35630293731121465,420761000.0,164824000.0,168811000.0,88358000.0,255937000.0,0.0,76599000.0,1280881600.0,1432782600.0,9.676745141783597,1.910534416804364,0.36990833275897717,0.9442981604620686,0.03716884912078521,9.676745141783597,0.06362544289666554,8.813183153636032,30.534986173357492,7.771208076493715,0.0,0.0,0.0,0.3454146177996535,1.5291428054052831,0.024923887907862183,93.7001901975128,0.35630293731121465,0.035714285714285546,5.760252144219036,1.5766349335672605,130.2788644790145,-0.0013499440737455163,0.038214038214038216,0.10416350483128446,5.760252144219036,1.5766349335672605,130.2788644790145,Consulting Services,Industrials,HURN
2007Q2,2007,Q2,2007-08-07,2007-06-30,10101000.0,129176000.0,19767000.0,0.56,51854000.0,0.40142131665324826,335075000.0,147847000.0,139812000.0,67245000.0,187228000.0,0.0,66112000.0,1229634420.0,1334338420.0,8.778470490440565,2.0791434307383447,0.3227367007386406,0.7314385817771074,0.043243538196740865,8.778470490440565,0.06832062875810804,9.51906251935344,30.43348232848233,8.316938591922732,0.0,0.0,0.0,0.3855136909647094,1.5663320692988327,0.0301454898157129,377.30420988033137,0.40142131665324826,0.018181818181818195,0.9920468153341578,1.0773729508405343,619.147062219307,0.1083703830369357,0.029558658648455815,0.045043616177636796,0.9920468153341578,1.0773729508405343,619.147062219307,Consulting Services,Industrials,HURN
2007Q1,2007,Q1,2007-05-03,2007-03-31,9811000.0,126044000.0,18915000.0,0.55,46784000.0,0.3711719716924249,314493000.0,131029000.0,125722000.0,57655000.0,183464000.0,0.0,56011000.0,1017549000.0,1125351000.0,7.834319880418535,2.1805914491371086,0.36292699678530205,0.8710896061177297,0.04320395516257272,7.834319880418535,0.07487655404528769,8.072966583097966,25.92877892161859,7.765830465011563,0.0,0.0,0.0,0.40078475514558354,1.6833579047784233,0.031196242841653073,-55.87244673841423,0.3711719716924249,0.14583333333333348,0.8893675368032892,1.2915369077386198,1.1908475794741789,0.28949036685868634,0.2220976581963129,0.3129945855893378,0.8893675368032892,1.2915369077386198,1.1908475794741789,Consulting Services,Industrials,HURN
