Quarters,Year,Quarter,FillingDate,Date,NetIncome,Revenue,OperatingIncome,EPSDiluted,GrossProfit,GrossProfitRatio,TotalAssets,CommonStockEquity,CurrentAssets,CurrentLiability,TotalLiability,Inventory,RetainedEarnings,MarketCap,EnterpriseValue,bookValuePerShare,currentRatio,debtToAssets,debtToEquity,roic,shareholdersEquityPerShare,roe,priceToSalesRatio,peRatio,pbRatio,payoutRatio,inventoryTurnover,dividendYield,assetTurnover,quickRatio,returnOnAssets,priceToFreeCashFlowsRatio,grossProfitMargin,epsdilutedGrowth,fiveYNetIncomeGrowthPerShare,fiveYRevenueGrowthPerShare,fiveYShareholdersEquityGrowthPerShare,grossProfitGrowth,netIncomeGrowth,operatingIncomeGrowth,threeYNetIncomeGrowthPerShare,threeYRevenueGrowthPerShare,threeYShareholdersEquityGrowthPerShare,Industry,Sector,Symbol
2023Q1,2023,Q1,2023-05-05,2023-03-31,4669000.0,105198000.0,4110000.0,0.36,13314000.0,0.1265613415,1209781000.0,811709000.0,224263000.0,120997000.0,398072000.0,22913000.0,-168373000.0,593916823.5,788589823.5,62.18507043183632,1.8534591766738018,0.28758097539967975,0.4286141954813856,0.005057470378588025,62.18507043183632,0.005752061391459254,5.645704514344379,31.80107215142429,0.7316868773168709,1.847504819019062,4.010125256404661,0.014523919274026088,0.0869562342275172,1.5120705472036498,0.0038593762011471496,-30.108325230660043,0.12656134147037015,-0.7600000000000001,67.25401261188436,0.021958785906006497,0.3497727209671501,-0.6654521697615399,-0.7993122716526971,-0.834441087613293,1.7812227375691385,0.11247669277336983,0.33741924143721924,Marine Shipping,Industrials,EGLE
2022Q4,2022,Q4,2023-03-10,2022-12-31,23265000.0,151441000.0,24825000.0,1.5,39797000.0,0.2627888088,1237209000.0,819181000.0,262024000.0,128965000.0,418027000.0,28081000.0,-163556000.0,649403080.04,821948080.04,62.99615816032187,2.031745047105804,0.2907350334502901,0.43909709819929904,0.019234628147997167,62.99615816032187,0.02840031690188127,4.288158953255723,6.9783266713947985,0.7927467556498502,1.0064044702342574,3.9757843381645954,0.03605464883005762,0.12240534945995382,1.7017485364246114,0.018804421888298582,23.40191279423423,0.2627888088430478,-0.6855345911949685,1.45277361210379,0.5696127485425253,0.373214107779849,-0.47807897601342936,-0.6987062434438013,-0.6620241790557099,1.91207698683534,0.6635417458042503,0.335962563384189,Marine Shipping,Industrials,EGLE
2022Q3,2022,Q3,2022-11-07,2022-09-30,77217000.0,185313000.0,73452000.0,4.77,76251000.0,0.4114714024,1255991000.0,819203000.0,279699000.0,135652000.0,436788000.0,26274000.0,-162712000.0,561057171.0,746822171.0,63.04738156532714,2.061886297290125,0.3031829049730452,0.4648359442043059,0.06240727913821938,63.04738156532714,0.09425868801749994,3.027619060724288,1.8164949784373907,0.6848817338315412,0.37246979292124793,4.1509477049554695,0.05126215559946921,0.1475432546889269,1.685076519328871,0.06147894371854575,5.786122671864365,0.41147140243803726,-0.1733102253032929,6.822045706210954,1.2849454471129904,0.3299170561763677,-0.22712575639323326,-0.18248229278053635,-0.17215729146708442,6.2498004652528705,0.9615402050511869,0.30675376525803705,Marine Shipping,Industrials,EGLE
2022Q2,2022,Q2,2022-08-08,2022-06-30,94453000.0,198695000.0,88727000.0,5.77,98659000.0,0.4965348902,1226609000.0,765495000.0,244370000.0,136549000.0,461114000.0,25193000.0,-210854000.0,673827816.0,938509816.0,58.937728091652424,1.7896139847234327,0.3290673719172124,0.5272888784381348,0.07812890395578415,58.937728091652424,0.12338813447507822,3.3912670978132313,1.7835003017373723,0.8802511002684538,0.2752480069452532,3.970785535664669,0.03858255682338883,0.1619872347259803,1.339467883323935,0.07700334825523047,6.993252132760446,0.4965348901582828,1.298804780876494,13.407974427405748,1.8658703205112073,0.22292792199397982,0.3056176801429233,1.3168416405023549,0.3571384869527976,6.932097081763247,1.2470843150897435,0.26353091142757584,Marine Shipping,Industrials,EGLE
2022Q1,2022,Q1,2022-05-09,2022-03-31,40768000.0,184398000.0,65378000.0,2.51,75565000.0,0.4097929479,1162587000.0,693769000.0,185189000.0,135129000.0,468818000.0,27771000.0,-278858000.0,883667653.75,1198908653.75,53.47327854479589,1.370460818921179,0.3430650781403886,0.5748930840092308,0.04519201623862172,53.47327854479589,0.058763075317576886,4.792175911615093,5.418880333533654,1.2737202927054971,0.6578198587127159,3.9189442223902633,0.030348513817602212,0.15861006531124122,0.921489835638538,0.03506662297101206,23.062026091552053,0.4097929478627751,-0.5351851851851852,3.662008214378453,1.9063350719234569,0.02828770172610376,-0.2795009098559575,-0.5339856147778868,-0.29534910252612356,6.221359562070713,0.8701862054584434,0.1339676640606759,Marine Shipping,Industrials,EGLE
2021Q4,2021,Q4,2022-03-14,2021-12-31,87482278.0,184722200.0,92780695.0,5.4,104878689.0,0.5677643997,1126658424.0,671266219.0,156032816.0,123600683.0,455392205.0,17651381.0,-313494798.0,586080131.0,896987843.0,52.113373835735786,1.2623944480954041,0.3524176054977955,0.5915004401554728,0.10415142147947273,52.113373835735786,0.13032426706996258,3.1727650006333836,1.6748538801195827,0.8730964175034703,0.0,4.523357747475963,0.0,0.16395581488147645,0.927200280924014,0.0776475603754062,8.441481839813989,0.5677643997310556,0.4173228346456694,1.3132390741149433,1.3557658677743645,-0.10571968165837199,0.04149671502884544,0.43979847954458917,-0.032753123343225526,138.995105689259,0.6786555749667399,0.10263784782732259,Marine Shipping,Industrials,EGLE
2021Q3,2021,Q3,2021-11-08,2021-09-30,60760085.0,183392700.0,95922455.0,3.81,100699971.0,0.5490947622,1162657261.0,607650746.0,204603121.0,165914895.0,555006515.0,17091901.0,-374722217.0,645497058.4200001,1022159491.4200001,47.463811358510014,1.2331811498901288,0.40998679747633726,0.7844541130539483,0.06719487842119656,47.463811358510014,0.09999178870423044,3.519753285817811,2.655925590048138,1.062283001657008,0.0,4.838123565073306,0.0,0.15773582305955255,0.7489111149423926,0.05225967018667249,10.599354755304367,0.5490947622233601,2.332167832167832,2.2969137903690644,1.1174787551674061,-0.5363896669371977,0.6146084005902638,2.7141640761929633,0.7797711805718679,14.085214958125732,1.09251769075217,0.0139022706623555,Marine Shipping,Industrials,EGLE
2021Q2,2021,Q2,2021-08-06,2021-06-30,-35445898.0,129850586.0,53895948.0,-2.86,62368046.0,0.4803062344,1093168365.0,526258356.0,167776917.0,149901345.0,566910009.0,15899222.0,-453063487.0,575798277.6,989252096.6,43.24873202072948,1.1192489100081124,0.450737494585292,0.9362929146535015,-0.2007191167762512,43.24873202072948,-0.06735455617164585,4.434314047685546,-4.061106574306567,1.0941361235126876,0.0,4.24439258725993,0.0,0.11878370263669312,0.6889429310991172,-0.03242492111450737,-33.81115232310264,0.4803062344285454,-38.094682230869,0.9582913692263688,-0.8656853849000902,-0.9696004627514976,1.2718775512523512,-40.134652031152356,1.8678921876681156,-9.503735149570728,0.43448871921391724,-0.07215598764412809,Marine Shipping,Industrials,EGLE
2021Q1,2021,Q1,2021-05-07,2021-03-31,905742.0,96572168.0,18792878.0,0.0771,27452204.0,0.284266208,1020639858.0,480895934.0,127274922.0,92187577.0,539743924.0,14720800.0,-462288512.0,423669251.03999996,839562058.04,40.998871391872726,1.3806081702310062,0.4821334725887219,1.0232663747163226,0.0017653109426667669,40.998871391872726,0.0018834469912569483,4.387074038143163,116.93982697059427,0.8809998610634956,0.0,4.695394543774795,0.0,0.09461924031581373,1.0484836910292155,0.0008874256603841156,-10.828219038387429,0.2842662080445372,1.1070833333333332,1.00053121059993,-0.8954475298102825,-0.9769151940609372,0.6422431180133624,1.1195226757269372,1.4069360886631204,13.73478653788107,0.044029829078665046,-0.11008932190806339,Marine Shipping,Industrials,EGLE
2020Q4,2020,Q4,2021-03-12,2020-12-31,-7577993.0,75181143.0,7807801.0,-0.72,16716285.0,0.2223467792,967127056.0,470418083.0,118264780.0,82440923.0,496708973.0,11624833.0,-472137822.0,197894481.0,588443998.0,45.165198806125375,1.4345397370187134,0.476128868635436,0.9788677936515463,-0.5482657259503273,45.165198806125375,-0.016109059736124132,2.632235599291168,-6.528591442351557,0.4206778781503601,0.0,5.029307345748537,0.0,0.07773657301135416,1.016134596164092,-0.00783557129643574,24.265715523820546,0.2223467791650893,0.6842105263157895,0.9976262893869546,-0.9242288182898061,-0.9764558147454356,0.8314108558215818,0.6768501878986979,5.898386683512542,0.8158727887742149,-0.027154896463988724,-0.015471895549382995,Marine Shipping,Industrials,EGLE
2020Q3,2020,Q3,2020-11-06,2020-09-30,-23450402.0,68182301.0,1131830.0,-2.28,9127545.0,0.133869712,995028754.0,446326450.0,124678681.0,89205200.0,548702304.0,11693931.0,-472252726.0,168278656.26000002,593778554.26,43.41824536090457,1.397661582508643,0.5114512640506065,1.1402163461296098,0.0024599352652409793,43.41824536090457,-0.05254091932037638,2.468069481257314,-1.7939847711352668,0.37703043648880774,0.0,5.050034586316611,0.0,0.06852294541831903,1.0807362799478057,-0.023567562149063283,17.040365803718696,0.13386971202394593,0.21917808219178087,0.974171227167555,-0.9387788297966296,-0.9804476414723958,3.3826764418351805,0.2191551250116209,1.1033581277899243,-1.2348948849708683,0.062638939218082,-0.08413856973763725,Marine Shipping,Industrials,EGLE
2020Q2,2020,Q2,2020-08-10,2020-06-30,-30032088.0,57391784.0,-10950566.0,-2.92,-3830795.0,-0.0667481429,1032097080.0,456960818.0,140399966.0,87833815.0,575136262.0,10104762.0,-461093440.0,157560743.55,597513775.55,44.46037243862702,1.5984728205190677,0.5217388784783695,1.1784055695558564,-0.015883959658765958,44.46037243862702,-0.06572136344521337,2.7453536476579994,-1.3116033053545928,0.3448014301086095,0.0,6.058784858069888,0.0,0.05560696286438481,1.337754440018346,-0.029098123211432785,-22.256329032478607,-0.06674814290491475,-5.3478260869565215,0.9743799791201084,-0.9337405854249892,-0.9806158362719161,-1.6832859769942727,-5.3886152283106385,-3.65062884294088,-3.9855578718474782,0.04607403357240509,-0.07746985440469595,Marine Shipping,Industrials,EGLE
2020Q1,2020,Q1,2020-05-11,2020-03-31,-4700876.0,74378319.0,-2354642.0,-0.46,5606430.0,0.0753772077,1026468027.0,477378209.0,124436541.0,92471542.0,549089818.0,15360834.0,-440602113.0,132957792.44999999,570709692.45,46.49631806180007,1.345673904734929,0.49390902849816676,1.0620129206609847,-0.0031297420732815918,46.49631806180007,-0.009847278135814532,1.7875880261558477,-7.070905106303591,0.27851667701489075,0.0,4.4770934312551,0.0,0.0724604342693277,0.9449962670677645,-0.00457966139845484,-4.286706377500479,0.07537720770484205,0.7653061224489796,0.994061590050695,-0.9262526478610155,-0.9806369301364227,-0.31919721462999273,0.7653103818372503,-0.01812538725995288,0.6121151377493447,0.48139162726876555,-0.10587879891371604,Marine Shipping,Industrials,EGLE
2019Q4,2019,Q4,2020-03-12,2019-12-31,-20030183.0,71486350.0,-2312723.0,-1.96,8235028.0,0.115197209,1002087136.0,481502937.0,100533363.0,102215182.0,520584199.0,15824278.0,-437074354.0,328802443.20000005,742552934.2,47.15413432000921,0.9835462896304387,0.46636103010507063,0.9705743269433058,-0.004273171078037185,47.15413432000921,-0.04159929558228219,4.599513658201881,-4.103837234038251,0.6828669524813304,0.0,3.997106345073058,0.0,0.07133745902112848,0.7197244828072604,-0.01998846435645692,-4.895557644986268,0.11519720897765798,-0.7345132743362833,0.9645798738981711,-0.9396768983609536,-0.9809786569961557,-0.3812366493901914,-0.7359789132923289,-1.9587267015602627,0.9095294557703095,0.1500125860050092,-0.19082164237263216,Marine Shipping,Industrials,EGLE
2019Q3,2019,Q3,2019-11-07,2019-09-30,-11538264.0,74110376.0,2412286.0,-1.13,13308849.0,0.1795814529,970422478.0,491776892.0,112175955.0,80497172.0,478645586.0,14283915.0,-425902901.0,312155449.375,680985033.375,48.2473310898611,1.3935390798573644,0.45378863534527486,0.8954603178060673,0.006402821344206352,48.2473310898611,-0.02346239562634838,4.2120343496165775,-6.76348386063536,0.6347501366025958,0.0,4.256643014187637,0.0,0.07636918731802088,1.1365003356888115,-0.011889938930289288,-3.948068949584982,0.17958145293986905,0.08130081300813015,0.9998142450827545,-0.9981668246458921,-0.9991322843807435,0.7546389890506859,0.07658820513678274,3.7212613589435963,0.6906644670725257,0.0747628258260294,-0.528736513235123,Marine Shipping,Industrials,EGLE
2019Q2,2019,Q2,2019-08-06,2019-06-30,-12495253.0,69391315.0,510941.0,-1.23,7584950.0,0.1093069068,863758180.0,475438158.0,75743967.0,73789730.0,388320022.0,12994459.0,-421339912.0,376719826.56,694486568.56,46.64526016626121,1.026483861643077,0.412575711873432,0.7495520500481159,0.0012450498451672847,46.64526016626121,-0.026281552689340515,5.428918972929105,-7.53725888063251,0.792363465618172,0.0,4.7563630775240435,0.0,0.08033650691446997,0.763458478571476,-0.014466147226530463,-9.572380208551037,0.10930690677932822,-1.05,0.9998988004790887,-0.9989230611322067,-0.9993257864519619,-0.27698597343542214,-1.0389098359946864,-0.9174218750631327,0.9824472925700419,-0.9143112936716908,-0.9672130428422574,Marine Shipping,Industrials,EGLE
2019Q1,2019,Q1,2019-05-08,2019-03-31,-6128399.0,77389597.0,6187365.0,-0.6,10490737.0,0.1355574574,883005392.0,480203640.0,100011870.0,76937998.0,402801752.0,13137786.0,-415347756.0,341446652.54,648564932.54,47.155911265856574,1.2999021627778773,0.4165699182955839,0.7659947850457777,-1.4699254982994776,47.155911265856574,-0.012762083602698222,4.412048463568043,-13.928868393686507,0.7110455317248324,0.0,5.0920954261243105,0.0,0.08764340252182741,1.035777965005016,-0.006940386837411294,65.11110138285932,0.13555745741898617,-11.371134020618555,0.9999000062977598,-0.9988874859268854,-0.9993761961582354,-0.5218909783838808,-11.27066385015067,-0.5407286966765105,0.9958600112956818,-0.9034938924192701,-0.9734484139807869,Marine Shipping,Industrials,EGLE
2018Q4,2018,Q4,2019-03-13,2018-12-31,-499435.0,86692209.0,13472135.0,-0.0485,21942144.0,0.25310399,846209160.0,479605849.0,118474183.0,62993199.0,366603311.0,16137785.0,-415377239.0,327466698.51000005,591016522.51,47.26245696936837,1.8807456182690452,0.39087213024259865,0.6896487557223265,-0.0012800711723355306,47.26245696936837,-0.001041344681348955,3.7773486485965546,-163.91857724728945,0.6827829543630107,0.0,4.012326660691043,0.0,0.10244773171682518,1.3810274185313243,-0.0005902027815439862,-15.816694821314517,0.25310399000214656,0.8614285714285714,0.9999934553182969,-0.9987814008612537,-0.9994035192487805,0.25545964300482354,0.8635662070020543,0.5256740326811685,0.9998394299836729,-0.9103217527759349,-0.9753625341659787,Marine Shipping,Industrials,EGLE
2018Q3,2018,Q3,2018-11-07,2018-09-30,-3660640.0,69092740.0,8830284.0,-0.35,17477379.0,0.2529553612,826493553.0,472473494.0,115118042.0,53293773.0,354020059.0,13276431.0,-421863589.0,412592969.04,654131101.04,46.81300430218305,2.1600655296069955,0.3899306846740763,0.6821021731221181,-0.01573516241184012,46.81300430218305,-0.007747820875640486,5.971582094442919,-28.177652612657898,0.8732616205555862,0.0,3.887743701601733,0.0,0.08359743369952216,1.817842208319535,-0.00442912105812881,72.62864899433308,0.25295536115661355,-0.7499999999999998,0.9999633636832512,-0.9988290786454255,-0.9994448147179942,-0.016793690694289383,-2.0608192323619647,-0.01727077159013385,0.9958934234603273,-0.9368124074583297,-0.9789188937447313,Marine Shipping,Industrials,EGLE
2018Q2,2018,Q2,2018-08-08,2018-06-30,3450767.0,74938700.0,8985470.0,-0.2,17775902.0,0.237205903,816562660.0,469551696.0,117558136.0,42636113.0,347010964.0,11911398.0,-424448411.0,383602954.56,628533415.56,46.61207212074086,2.7572432787200842,0.3941051847754096,0.6853592069657863,-0.006856992083721384,46.61207212074086,0.007349067268622963,5.118889900145052,27.791137054457746,0.8169557427389209,0.0,4.798999915878892,0.0,0.09177336127517759,2.109803208374084,0.004225967178073021,40.79557507120294,0.2372059029580177,0.6721311475409836,1.0000961113297198,-0.9988801010471979,-0.999483238484549,0.09505527700227705,64.42358517395014,0.42199525646562536,1.0030035194639069,-0.911727609575545,-0.9796777222471329,Marine Shipping,Industrials,EGLE
2018Q1,2018,Q1,2018-05-10,2018-03-31,52745.0,79370609.0,6318917.0,-0.61,16232881.0,0.204520051,814944152.0,463687433.0,110407626.0,39171456.0,351256719.0,13622341.0,-427899178.0,348741058.05,612316259.05,46.07077137199733,2.81857345307767,0.3944722275889158,0.6932964150443128,-0.9480565431293398,46.07077137199733,0.00011375119584058255,4.393831198271391,1652.957901459854,0.7521037518607928,0.0,4.6348662098533575,0.0,0.09739392424034475,1.8348498968228293,6.472222651154137e-05,-70.19330737204615,0.20452005099267917,0.8455696202531646,1.0000025365505978,-0.9992728947976097,-0.9994879342774508,0.10501173772997761,1.0013278364671399,-0.03581890552182886,1.0000679699361235,-0.9197206271526529,-0.9808141461102535,Marine Shipping,Industrials,EGLE
2017Q4,2017,Q4,2018-03-12,2017-12-31,-39722512.0,74587441.0,6553662.0,-3.95,14690234.0,0.1969531841,808349935.0,461165033.0,105222551.0,30823368.0,347184902.0,14113079.0,-427164813.0,315251104.0,576683736.0,45.87497157465942,3.4137265921102458,0.3930026616504893,0.6888719943344013,0.020154276903204402,45.87497157465942,-0.08613513418741789,4.226597665416621,-1.9840833832462559,0.6835971538197693,0.0,4.244092093582131,0.0,0.09227122780680375,2.530469220625079,-0.04914024270936571,95.46476688660582,0.19695318411580845,-1.4382716049382716,0.9995166562685225,-0.9988536693214096,-0.9994894413399819,1.258430429689908,-2.873346837834628,2.5322923775862276,0.9286489295650948,-0.9360670344286339,-0.9814946540277609,Marine Shipping,Industrials,EGLE
2017Q3,2017,Q3,2017-11-03,2017-09-30,-10255346.0,62710903.0,-4277031.0,-1.62,6504621.0,0.103723925,818248734.0,476299342.0,107496870.0,25291467.0,341949392.0,12602371.0,-410580388.0,318591162.75,568026555.75,47.407002769476534,4.250321659870501,0.3834513247166234,0.6587423776033686,-0.008569384536506089,47.407002769476534,-0.021531304152001118,5.080315344047908,-7.766465479321712,0.6688885216851718,0.0,4.459976777385779,0.0,0.0766403911111948,2.9449281846719293,-0.012533286730389247,-12.72222889210472,0.10372392500870223,-0.6875000000000002,0.9998870729548474,-0.9991205154820246,-0.9994969150896077,0.00432944481046404,-0.7415989155749562,-1.0237697773916696,0.9998325028177059,-0.998426287522735,-0.999147397465601,Marine Shipping,Industrials,EGLE
2017Q2,2017,Q2,2017-08-08,2017-06-30,-5888466.0,53631224.0,-2113398.0,-0.96,6476581.0,0.1207613871,806787529.0,484204479.0,112008548.0,22385581.0,322583050.0,12570540.0,-400325042.0,332656070.67,561009026.6700001,48.193950789474705,5.003602452846768,0.3681718548230063,0.6134525265306354,-0.004439459571899725,48.193950789474705,-0.01216111427172486,6.2026566962186065,-14.123205885454716,0.6870156826244476,0.0,3.751202653187532,0.0,0.06647502852017932,3.571288143023851,-0.0072986576866137945,-2.8193770726100893,0.12076138706064214,0.43529411764705883,0.9999209496550736,-0.9993145061725138,-0.999535916714857,1.0366280289215488,0.4679953323175932,0.6569434204464771,0.9999516177772458,-0.9991555889947954,-0.9993034015794975,Marine Shipping,Industrials,EGLE
2017Q1,2017,Q1,2017-05-09,2017-03-31,-11068448.0,45855057.0,-6160494.0,-1.7,3180051.0,0.069350061,771585032.0,487614894.0,169582520.0,23031017.0,283970138.0,8727971.0,-394436576.0,373478063.49,484538499.49,52.00225428645563,7.36322325670638,0.33285786964307,0.5267028410333996,-0.011944729339843523,52.00225428645563,-0.022699158980160273,8.144751918855972,-8.435646612108581,0.7659283341948123,0.0,4.889453230309771,0.0,0.059429687070445915,6.709830703524729,-0.014345078689914244,-12.58618592846468,0.06935006099763436,0.9215867158671587,0.9997401030936824,-0.9994254334800358,-0.9995129256459379,1.5851362324344644,0.9257186132956596,0.9546259405072842,0.9998038687219225,-0.9992841126637403,-0.9993120861174449,Marine Shipping,Industrials,EGLE
2016Q4,2016,Q4,2017-03-31,2016-12-31,-149007019.0,41835941.0,-135771277.0,-21.68,-5434719.0,-0.129905504,686381617.0,400482639.0,104265116.0,25575820.0,285898978.0,10876713.0,-383368128.0,281424616.20000005,460852050.20000005,58.274092325296735,4.076706670597463,0.37288811014296147,0.6390877383326472,-0.21644713531977947,58.274092325296735,-0.3720686104448088,6.726862345465112,-0.4721667108178307,0.7027136479691446,0.0,4.346042779652271,0.0,0.060951429880733536,3.190741020229263,-0.21709063195962605,-10.410261837354074,-0.12990550397802694,-3.2509803921568627,0.960553402908541,-0.99946246751939,-0.9994656430999338,0.20129589277324259,-6.697023623687203,-10.580402308791674,0.9971167899602614,-0.9991316589369559,-0.9992645457600869,Marine Shipping,Industrials,EGLE
2016Q3,2016,Q3,2016-11-09,2016-09-30,-19359044.0,35788181.0,-11724228.0,-5.1,-6804421.0,-0.1901303953,816460922.0,541598647.0,114808252.0,23016033.0,274862275.0,6995819.0,-240978980.0,261809572.99,410218353.99,102.37867444615475,4.988185931085518,0.30249773056499085,0.45601586593328397,-0.020731067304580117,102.37867444615475,-0.03574426211592807,7.315531711153468,-3.3809723893132326,0.4834014531613112,0.0,6.088293879530045,0.0,0.04383330547202846,4.56301922229604,-0.02371092538339514,-34.94918776678985,-0.19013039528329198,0.9406976744186047,0.9980843416838452,-0.9994821982669704,-0.9990608212983721,0.42221179671333237,0.13942872226459846,0.3219849954796987,0.9996303577897839,-0.9988428815906901,-0.9987858259880765,Marine Shipping,Industrials,EGLE
2016Q2,2016,Q2,2016-08-09,2016-06-30,-22495573.0,25590434.0,-17291989.0,-86.0,-11776670.0,-0.460198135,745264954.0,458235827.0,30995959.0,23396691.0,287029127.0,6846985.0,-221619936.0,19773350.66,266429766.66,1422.6773146969517,1.3248009729239063,0.3468973840946236,0.5641864903767116,-0.02970550026533221,1422.6773146969517,-0.049091694002354816,0.7726852408990016,-0.21974713269139665,0.04315103598392363,0.0,5.457453755192979,0.0,0.03433736399739521,0.7452850063284591,-0.030184665036590463,-1.4919060015538244,-0.4601981349749676,0.4479394017203749,0.8509232339301668,-0.99361531607662,-0.9869817383516009,0.39080768893935547,0.4272827211308326,0.5257853684344529,0.9804044084485584,-0.9880394072286242,-0.984227586294894,Marine Shipping,Industrials,EGLE
2016Q1,2016,Q1,2016-05-10,2016-03-31,-39278670.0,21278288.0,-36464478.0,-155.78,-19331613.0,-0.9085135515,764014071.0,479892405.0,32207541.0,25501966.0,284121666.0,5596345.0,-199124363.0,13618483.2,250236977.2,1776.0110914554714,1.2629434530655401,0.33165235774826457,0.5280080813114765,-0.053290789551329966,1776.0110914554714,-0.0818489094446077,0.6400178059437864,-0.08667861717313748,0.028378201151151788,0.0,7.25650420050944,0.0,0.02785064936323666,0.9358015770235126,-0.05141092486502124,-0.6807995736780169,-0.9085135514661706,0.49176209585331637,0.9232181940270571,-0.9944245174730371,-0.9836882633765243,0.03743929228363585,0.5257446658534667,0.5243857869386863,0.929640839987827,-0.9927393439983181,-0.9802600569576259,Marine Shipping,Industrials,EGLE
2015Q4,2015,Q4,2016-03-31,2015-12-31,-82821778.0,25740856.0,-76668184.0,-306.51,-20083526.0,-0.7802198186,787038940.0,518344462.0,41025427.0,37914108.0,268694478.0,5574406.0,-159845693.0,133158502.4,349900648.4,1918.3164895191853,1.082062302507552,0.30702204772739705,0.46617322015490154,-0.10477378215442386,1918.3164895191853,-0.159781350186394,5.173040958700053,-0.4019428996078785,0.25689191678872414,0.0,8.220495959569504,0.0,0.032705949720861334,0.8432926603469083,-0.10523212231404967,-9.374418265255514,-0.7802198186416178,-2.4704483695652177,-1.310155347254177,-0.9919185439976488,-0.9824019371248656,-0.5954823047748183,-2.487908751325573,-3.5078134834617183,0.9625073364666621,-0.9852819744587697,-0.9786503824904642,Marine Shipping,Industrials,EGLE
2015Q3,2015,Q3,2015-11-16,2015-09-30,-23745397.0,29127482.0,-17007843.0,-88.32,-12587746.0,-0.4321604593,851408976.0,597016574.0,46002040.0,37497144.0,254392402.0,6547466.0,-80100712.0,223200930.4,426128853.4,2220.614218975496,1.226814500859052,0.2680395431959834,0.3822528267029317,-0.02401721534394375,2220.614218975496,-0.03977343014266133,7.662898234732409,-2.349938920793786,0.3738605260228504,0.0,6.37120192758542,0.0,0.034210917221995554,0.998061745715887,-0.027889530964963657,-33.85365882661463,-0.43216045932154384,0.2256028057869356,-1.0327790365795304,-0.9909163058934258,-0.9794311415376905,0.11983098288222713,0.22559886346099634,0.3016316135168708,0.990228723709643,-0.984734455546414,-0.976434757733972,Marine Shipping,Industrials,EGLE
2015Q2,2015,Q2,2015-08-14,2015-06-30,-30662916.0,22657372.0,-24353684.0,-114.05,-14301510.0,-0.6312078029,868801490.0,616650799.0,53046687.0,39085479.0,252150691.0,6297658.0,-59724092.0,262345781.6,459280088.6,2293.644082989898,1.3571967993535399,0.25796312227779444,0.36344515463767363,-0.032287721339800596,2293.644082989898,-0.049724927057136596,11.578826600013452,-2.1389500398461774,0.42543653884084237,0.0,5.868670861453575,0.0,0.02607888253046159,1.0454192207801778,-0.035293351073787865,-18.27233506575639,-0.6312078029173022,-0.28304646191922594,-1.0315942553568593,-0.9921637469414459,-0.9782743677211213,-0.13785305025795905,-0.48366095929252456,-0.3910148777237277,0.9846171058459494,-0.9891777297202708,-0.9779133716255655,Marine Shipping,Industrials,EGLE
2015Q1,2015,Q1,2015-05-15,2015-03-31,-20667064.0,26331166.0,-17507853.0,-88.89,-12568855.0,-0.4773375778,886340231.0,643662996.0,55837366.0,37442209.0,242677235.0,6422227.0,-32215792.0,277323495.4,469440488.4,2401.2885554506825,1.4912946509112217,0.24428741292236344,0.3363899483822432,-0.02346488955366578,2401.2885554506825,-0.03210851661262814,10.5321388122349,-3.354655206467643,0.4308520097060232,0.0,6.057092189360482,0.0,0.029707740976952224,1.1549578177932824,-0.02331730330765049,-26.720286619926345,-0.47733757783457065,-0.6050920910075839,-1.0513828451227136,-0.9889604504671374,-0.9766261169903885,-2.514496451489239,-0.3930549681058333,-1.1191660863764727,0.9830240625745033,-0.98845845976436,-0.977508550578979,Marine Shipping,Industrials,EGLE
2014Q4,2014,Q4,2015-04-02,2014-12-31,-14835785.0,31089603.0,-8261671.0,-55.38,-3576289.0,-0.1150316715,913900000.0,664100000.0,76600000.0,41000000.0,249800000.0,5700000.0,-11500000.0,550190428.2,729890428.2,2479.0118295264083,1.8682926829268294,0.2233285917496444,0.30733323294684534,-0.012224313888481763,2479.0118295264083,-0.022339685288360188,17.696926789319246,-9.271340009982621,0.8284752720975758,0.0,6.081735438596491,0.0,0.03401860488018383,1.5365853658536586,-0.01623348834664624,-1161.4866701147364,-0.11503167152054017,0.9936356678411608,-1.0770528831547983,-0.9831652105107543,-0.9756150602003822,0.8181806118815977,0.676481814791485,0.6850974574895131,0.8992449914883466,-0.9897523651587601,-0.9772681645720296,Marine Shipping,Industrials,EGLE
2014Q3,2014,Q3,2014-11-14,2014-09-30,-45857654.0,29846038.0,-26235644.0,-8701.62,-19669459.0,-0.6590308235,1670101149.0,418410316.0,76612360.0,44685598.0,1251690833.0,10583049.0,-348904371.0,17589549.7925,1201994001.7925,55602.69980066445,1.7144754334494976,0.7286398855115093,2.9083946152035125,-0.022907914226978417,55602.69980066445,-0.10959972124587865,0.5893428733321321,-0.09589211537347724,0.04203899645844296,0.0,4.6787553378993145,0.0,0.017870796638796874,1.3000268677169768,-0.02745800996990991,-1.4853040469449157,-0.659030823454691,0.2816765025644328,-37.170877408507515,-0.41954936242318214,-0.44573454165758525,-2.960737679995006,0.43532606034838495,-2.2352690047503705,-2.1901238197188335,-0.6964207201665399,-0.4899243256635923,Marine Shipping,Industrials,EGLE
2014Q2,2014,Q2,2014-08-14,2014-06-30,-81210856.0,42380059.0,-8109262.0,-12113.79,-4966110.0,-0.1171803465,1681863430.0,463814210.0,70376556.0,1218049220.0,1218049220.0,8675172.0,-303046717.0,52775777.187199995,1221533161.1872,69184.69719570405,0.0577780888033408,0.7068633581027444,2.5631979494548043,-0.008922614463275087,69184.69719570405,-0.17509350565175655,1.2452973977030093,-0.16246527800174893,0.11378646028805371,0.0,5.457663433070837,0.0,0.02519827605740854,0.040172590890867284,-0.04828623689142227,200.9418797724659,-0.11718034653986678,-1.0127723703405855,-3.3265497084583657,-0.38872000124251593,-0.41563808724584467,-17.40160247306643,-1.0127739534677145,-0.6782260260875108,-24.856850268317253,-0.49199037933265904,-0.36692285674717834,Marine Shipping,Industrials,EGLE
2014Q1,2014,Q1,2014-05-15,2014-03-31,-40347728.0,45795391.0,-4832044.0,-6018.46,302782.0,0.006611626,1705522336.0,506783075.0,64313430.0,1198739261.0,1198739261.0,6735101.0,-258386658.0,68147362.6976,1229701709.6976,75594.13409904535,0.05365089147605719,0.6926804346466208,2.3311393203097794,-0.005112355268286634,75594.13409904535,-0.07961538178835195,1.4880834339333406,-0.4222503104610996,0.13447047871044235,0.0,6.754554831471718,0.0,0.026851240838865215,0.037760500112626244,-0.023657109114518217,470.36459116798505,0.006611626047695498,0.1996813863682301,-1.8056949187636466,-0.436823292329469,-0.2799256512570274,-0.9019204711725249,0.1996815842650642,0.5986166355276199,-2.1789582974088058,-0.5163493841878427,-0.3057072607058913,Marine Shipping,Industrials,EGLE
2013Q4,2013,Q4,2014-03-31,2013-12-31,-50414594.0,46998612.0,-12038476.0,-7520.08,3087107.0,0.0656850675,1723414301.0,531194864.0,61931191.0,1192219437.0,1192219437.0,9610272.0,-235796772.0,78395086.3712,1232756540.3712,79235.5107398568,0.051946134308830265,0.681231539809533,2.210194897516931,-0.011397739369603432,79235.5107398568,-0.09490790935056932,1.6680298212040814,-0.3887519473587351,0.1475825383191205,0.0,4.569226032312093,0.0,0.027270640595664874,0.03749080296197184,-0.029252742054390088,-1830.292453567426,0.06568506746539664,0.24039442503924247,-2.8945408334121536,-0.46043596568966705,-0.22432941724880054,1.312604343399209,0.23617909754352523,-0.30048101203194444,-8.609483765825855,-0.4052754624011609,-0.27311707553903947,Marine Shipping,Industrials,EGLE
2013Q3,2013,Q3,2013-11-14,2013-09-30,-66003161.0,38978418.0,-9256941.0,-9899.98,-9875445.0,-0.2533567422,1754189555.0,562158814.0,72483815.0,25439783.0,1192030741.0,12111008.0,-204570237.0,121954280.7425,1268619469.7425,84319.60611969401,2.849230868046319,0.6650312987412583,2.075198198351116,-0.009392155797921568,84319.60611969401,-0.11741016836569604,3.12876424955215,-0.4619259096640084,0.21693919530451408,0.0,4.033839544982548,0.0,0.022220185890914165,2.0904334364801773,-0.03762601413961788,-64.37348546434906,-0.25335674218486753,-1.7776552614227796,-1.9782050131163087,-0.47957768083925145,-0.23887340192985976,-2.130611467253853,-1.7805740119018876,-1.5242020421302116,-4.6742127636250625,-0.5098075889238805,-0.21897372850569183,Marine Shipping,Industrials,EGLE
2013Q2,2013,Q2,2013-08-12,2013-06-30,-23737243.0,44240145.0,17659109.0,-3564.15,-3154478.0,-0.0713035186,1784652558.0,600734364.0,82470086.0,24586422.0,1183918194.0,11815111.0,-166940186.0,56501582.52600001,1196212348.526,90200.35495495495,3.354293926948785,0.6496120305339568,1.9298575901011716,0.07836638276971034,90200.35495495495,-0.03951370925735822,1.277156359365459,-0.5950731359787655,0.09405418752771734,0.0,4.011356558563013,0.0,0.02478922006509684,2.706141829014405,-0.01330076428243351,258.0982688532079,-0.07130351855763584,-0.7251118080966488,-1.5485100074786533,-0.1812486746616805,-0.1836010737778045,-1.1283001420238994,-0.7253743439599615,0.0698421660853221,-1.9873337637576705,-0.3823328544787523,-0.1456129755663065,Marine Shipping,Industrials,EGLE
2013Q1,2013,Q1,2013-05-15,2013-03-31,-13757735.0,72222353.0,16506275.0,-2066.04,24586707.0,0.3404307113,1776581586.0,599113069.0,53268273.0,24007669.0,1177468517.0,12719310.0,-163901119.0,57850290.2378,1190619714.2378001,89970.42634029133,2.2188023751910273,0.6484589540263309,1.922909541804704,-0.09436257460842734,89970.42634029133,-0.022963503405064263,0.8010025682464265,-1.0512320930334826,0.09655988699154884,0.0,3.7451438796601386,0.0,0.040652426868056035,1.511753431788817,-0.007743936506161671,48.25502065554763,0.34043071125085056,0.7472805046463524,-1.3303022977079233,0.35609716395049207,-0.17601771796835936,1.3870632679586856,0.7455231004014683,2.530520656723919,-2.376865379271465,0.21887191853681187,-0.12423760366935536,Marine Shipping,Industrials,EGLE
2012Q4,2012,Q4,2013-04-01,2012-12-31,-54062805.0,42802955.0,-10784745.0,-8175.23,-63521158.0,-1.4840367447,1789144150.0,594194577.0,43799335.0,33988759.0,1194949573.0,12083125.0,-165275389.0,25271553.048,1152017794.048,89852.49916830486,1.2886417830083174,0.6398960134095399,1.9267530423792474,-0.010340228035658074,89852.49916830486,-0.09098501920524933,0.590416083375552,-0.1168620137634368,0.042530770266521634,0.0,8.799388651528474,0.0,0.023923703967620495,0.812663828061507,-0.030217132029300153,11.762219971180375,-1.4840367446593348,0.09554934289497935,-2.1482148788197764,-0.16631641268677919,-0.19965703372281307,-4.524407910819901,0.09404174833162184,-0.4563018106641352,-12.374525694963356,-0.0610928967367615,-0.11616081982033206,Marine Shipping,Industrials,EGLE
2012Q3,2012,Q3,2012-11-09,2012-09-30,-59674720.0,46854671.0,-7405570.0,-9038.89,18023214.0,0.3846620543,1813966597.0,622123673.0,47118318.0,35150147.0,1191842924.0,10813659.0,-132851614.0,58700675.5348,1177722232.5348,94232.60724023024,1.340487082458005,0.6271232865485891,1.828544296529285,-0.008416834257933055,94232.60724023024,-0.09592099222367961,1.2528244096474395,-0.24591935887927083,0.09435531564284326,0.0,2.6662073401796746,0.0,0.025829952479549435,0.9243071159844651,-0.03289736431679177,14.424460934315888,0.38466205429123596,-0.21913878308533935,-2.2072725159246023,-0.13449443593142713,-0.2643818206229291,0.013733185196442713,-0.2913118400618984,0.2862316539269707,-54.649858976121514,0.038633872593789816,-0.060659294781531134,Marine Shipping,Industrials,EGLE
2012Q2,2012,Q2,2012-08-09,2012-06-30,-46212478.0,48537233.0,-10375313.0,-7414.16,17779051.0,0.3662971682,1835151827.0,647282298.0,45814050.0,36073257.0,1187869529.0,12581899.0,-103014254.0,50179503.2406,1163217422.2406,103847.63324241938,1.2700280986549122,0.6158544554035964,1.7460487216970053,-0.011674256590169532,103847.63324241938,-0.07139462664557528,1.033835267053645,-0.2714607905282638,0.07752336715471245,0.0,2.444637490731725,0.0,0.02644861982855438,0.765832982588736,-0.025181828184508027,-12.151554300549803,0.3662971681966296,-0.63241688922747,-2.2724086097292213,0.12473372093022776,0.034833959603370525,-0.21213316759180967,-0.6458847785725199,-0.5281481553488432,-2.4239488309367125,-0.24700772273153734,-0.12286092074852152,Marine Shipping,Industrials,EGLE
2012Q1,2012,Q1,2012-05-10,2012-03-31,-28077590.0,52616400.0,-6789468.0,-4541.83,22566061.0,0.4288788477,1848160459.0,660018195.0,57748404.0,120709769.0,1188142264.0,11617193.0,-79908015.0,122217353.6496,1223629078.6496,106764.5090585571,0.47840704591191785,0.611136730850273,1.7112842487622633,-0.006110535986622599,106764.5090585571,-0.042540630262473296,2.322799614751294,-1.088210861843912,0.18517270368523706,0.0,2.5867125561226367,0.0,0.02846960594994528,0.3460876227838693,-0.015192181968438056,47.05280432608738,0.42887884765966505,-7.263131083416719,-1.9829817616452887,0.16209404659673182,-0.06860160783847592,-0.3752245964047908,-7.263077412963904,-1.7417706173763168,-1.6080179113966289,-0.2983039228898676,0.016988755086151244,Marine Shipping,Industrials,EGLE
2011Q4,2011,Q4,2012-03-15,2011-12-31,-3397958.0,70010899.0,9153056.0,-549.65,36118677.0,0.5159007742,1867256728.0,674175703.0,55890837.0,69121710.0,1193081025.0,11083331.0,-62474486.0,59351015.5304,1163754553.5304,109054.62681979942,0.8085858552978507,0.6048866896893034,1.6753477409137658,0.01014945632235528,109054.62681979942,-0.005040166806486054,0.8477396573696333,-4.366667828913718,0.08803493698496577,0.0,3.05794548588326,0.0,0.03749398674010294,0.5790391470349909,-0.0018197594091089546,-26.44318534034493,0.5159007742494494,0.7122673115982998,-1.2235577866504421,0.4653800265909454,0.24594737308393058,0.02409913756182495,0.710674735631945,0.17107701834586544,-1.1384747875443813,-0.1283771231800761,0.06758276872541141,Marine Shipping,Industrials,EGLE
2011Q3,2011,Q3,2011-11-09,2011-09-30,-11744422.0,80323369.0,7815930.0,-1910.28,35268731.0,0.4390843093,1872995551.0,670185652.0,62266165.0,40972102.0,1202809899.0,8277696.0,-60775507.0,98363880.84,1200568627.84,109008.72674040338,1.5197210287136353,0.6030333282943287,1.6853221754738492,0.008685986154308495,109008.72674040338,-0.017524132253431173,1.224598545412108,-2.093842524561873,0.14677109327312188,0.0,5.442895945925049,0.0,0.04288497586506013,1.2143985192656213,-0.006270395033095303,-2.19568517206229,0.43908430932472464,-3.0775256675702787,-1.3696413783955783,0.6225911368636975,0.16580052332691755,-0.01923748546357268,-3.082806661855358,-0.23979846308748853,-1.1887527958631845,0.16297456671927515,-0.016012465403321127,Marine Shipping,Industrials,EGLE
2011Q2,2011,Q2,2011-08-05,2011-06-30,-2876556.0,76405388.0,10281392.0,-468.49,35960521.0,0.4706542554,1896527632.0,670998859.0,80458952.0,37444007.0,1225528773.0,8529107.0,-54903296.0,155175156.552,1255398568.552,109283.20179153094,2.1487804977709786,0.6070855265028904,1.7158814214913591,0.011283642751969393,109283.20179153094,-0.004286975993203589,2.0309452070579104,-13.48619291194053,0.2312599410128058,0.0,4.7419814290054045,0.0,0.04028698907984062,1.837999602980525,-0.0015167487947257074,-3.4445062151770593,0.4706542554302584,0.7525432860417701,-1.0811857081358565,0.6803222226095176,0.05229895261338271,0.013738237522644572,0.7524598207900788,1.3272056285399916,-1.0720996192216494,0.5337879370247395,-0.010883176221599242,Marine Shipping,Industrials,EGLE
2011Q1,2011,Q1,2011-05-10,2011-03-31,-11620562.0,86692775.0,4417913.0,-1893.22,35473182.0,0.4091826799,1900766880.0,668301379.0,126530948.0,40963037.0,1232465501.0,5342449.0,-53465018.0,232686917.57520002,1286326062.5752,108879.33838383839,3.0889054441935055,0.6057315539925654,1.722807272555396,0.004855767630852373,108879.33838383839,-0.017388205927972505,2.6840404817494887,-5.005930814172327,0.3481766234320459,0.0,9.587287216031449,0.0,0.04560936741490361,2.8142494659270505,-0.00611361767835517,-8.00356364605213,0.40918267987153484,-2.9157298254490263,-1.2852322920031642,0.9306838611613973,0.14048795008786363,-0.12504429882944537,-2.915725033886251,-0.7025232824892652,-1.302673164851184,0.765973611195993,-0.0028429412095208424,Marine Shipping,Industrials,EGLE
2010Q4,2010,Q4,2011-03-04,2010-12-31,6065882.0,72353918.0,14851290.0,988.25,40542832.0,0.5603405195,1896572958.0,669086518.0,150732559.0,30515717.0,1227486440.0,3190052.0,-47654737.0,311500227.2184,1333733023.2184,109007.25285109156,4.939505730768181,0.6070710178289909,1.7207856458407969,0.016316145427342537,109007.25285109156,0.009065915747535657,4.305229569163068,12.838208327263867,0.46556046017713965,0.0,9.971964720324308,0.0,0.038149820545949176,4.702107278029875,0.003198338336742224,-11.580430032483175,0.5603405195002709,-0.6319654701122073,-0.8677873227539598,0.576721335249196,0.12254410501857957,-0.18051995509789423,-0.6313050583912067,-0.31171522074689234,-0.8611997681268981,0.5183125822636963,-0.02903993878731558,Marine Shipping,Industrials,EGLE
2010Q3,2010,Q3,2010-11-09,2010-09-30,16452306.0,72825583.0,21577246.0,2685.21,49473849.0,0.6793471053,1873040580.0,659203837.0,146984981.0,39586476.0,1213836743.0,884234.0,-50687678.0,324810040.1864,1319338490.1864,107960.012610547,3.713009993614991,0.5999153243118737,1.7045801069874538,0.0242050750022779,107960.012610547,0.02495784319896184,4.4601090277080235,4.935630910742847,0.4927308094330768,0.0,26.408998070646458,0.0,0.0388809424513376,3.55193980893879,0.008783742421640432,-8.923949480204254,0.6793471052610729,-0.25419741530872697,-0.5146245762686161,0.5031606809763286,0.22513668872105247,-0.0017362022256100422,-0.2529774777715895,-0.0835137656982104,-0.6401177538506335,0.45451988013911376,-0.1572200934689732,Marine Shipping,Industrials,EGLE
2010Q2,2010,Q2,2010-08-06,2010-06-30,22023842.0,65612840.0,23543448.0,3600.43,49559895.0,0.7553383606,1812765224.0,644101970.0,116836079.0,33714224.0,1168663254.0,0.0,-58913831.0,262370871.80839998,1240477717.8084,105573.17980658909,3.465483263088007,0.5959077941799704,1.6771271884170762,0.027307153414340393,105573.17980658909,0.034193098338140465,3.9987732859665877,2.978259558532067,0.40734368784557506,0.0,0.0,0.0,0.03619489117030855,3.342395838622891,0.012149307427358282,-4.504112489932646,0.75533836060137,1.4053378762067008,1.2029119026955093,0.37673802682666,-0.35559217533772447,0.27465613531671207,1.407696155835819,0.5008063581012774,-0.38047829445305503,0.553315370200454,0.05202890307705897,Marine Shipping,Industrials,EGLE
2010Q1,2010,Q1,2010-05-07,2010-03-31,9147268.0,54243725.0,15687199.0,1496.85,38880992.0,0.7167832224,1720291605.0,626265436.0,96786564.0,33055266.0,1094026169.0,0.0,-69925753.0,329869087.98719996,1247859122.9872,102733.8313648294,2.928022542610911,0.5825427637310362,1.6001895815946003,0.019266904480896886,102733.8313648294,0.01460605595356535,6.081239590149828,9.0155084552896,0.5267240837912057,0.0,0.0,0.0,0.03153170360323882,2.8133395447490877,0.005317277590272261,-3.8283896247998346,0.7167832223911613,1.082631864538839,2.1641902621501976,0.0,2.211710672636142,0.3242024276493224,1.0877557522867183,0.5038727563585439,-0.6752410880276747,0.21493681933923345,-0.1037646667647363,Marine Shipping,Industrials,EGLE
2009Q4,2009,Q4,2010-03-05,2009-12-31,4381388.0,42024017.0,10431201.0,718.73,29361819.0,0.6986913935,1608202814.0,619729072.0,84205028.0,26505017.0,988473742.0,0.0,-74499387.0,307505082.93119997,1136331189.9312,101661.59317585302,3.176946764455952,0.5597371626039201,1.452523240671853,0.013726167944506916,101661.59317585302,0.007069844223799783,7.317365280220593,17.546099713789328,0.49619276684699404,0.0,0.0,0.0,0.02613104307128765,2.97257771990865,0.00272440015765325,-4.216869144090505,0.6986913935428877,3.2667260314633424,-0.9038447985460881,-0.07791197878070125,0.04689934973632457,-0.023158525028814374,3.2765191962690894,-0.06225741063973471,-0.7076739276379815,-0.10799719677259585,0.16148208154690272,Marine Shipping,Industrials,EGLE
2009Q3,2009,Q3,2009-11-06,2009-09-30,1024522.0,41551805.0,11123736.0,168.45,30057916.0,0.7233841225,1547092283.0,610032634.0,93718855.0,33917517.0,937059649.0,0.0,-76690081.0,317902914.4812,1072084327.4812,100317.81516197993,2.763140208642042,0.5408377310094824,1.3716083916913862,0.015377460567686695,100317.81516197993,0.0016794544142371241,7.650760646407538,77.57347194135411,0.5211244395184275,0.0,0.0,0.0,0.02685800029939132,2.6054349143541375,0.0006622242326833454,-4.465133518785665,0.7233841225429316,-0.9676225805831588,-0.9696503218807722,-0.1388216009942816,0.13841257439119503,-0.25019286546215247,-0.9616213031095254,-0.44666558358318703,-0.9673991384655745,-0.15137478210100677,0.07285503566479344,Marine Shipping,Industrials,EGLE
2009Q2,2009,Q2,2009-08-07,2009-06-30,26695070.0,53021338.0,20103098.0,5202.7,40087530.0,0.7560640963,1517366380.0,607003870.0,140044495.0,34101392.0,910362510.0,0.0,-77202342.0,246085692.6792,925932422.6791999,118393.57714062805,4.106709045777369,0.5332307435202301,1.3329509793734924,0.02839199514796543,118393.57714062805,0.04397841812771309,4.641257689106223,2.304598683195062,0.40541041802451766,0.0,0.0,0.0,0.034943003020799765,3.948023030848711,0.017593028520903435,33.86305412406763,0.7560640963077921,-0.30351049346108183,1.2926733725323951,0.32388683207094354,-0.27733778939927556,-0.06569962678588163,-0.22563644569133878,-0.15221605459561982,-0.09771680718262497,0.396446565635832,0.14002367407659133,Marine Shipping,Industrials,EGLE
2009Q1,2009,Q1,2009-05-07,2009-03-31,34473562.0,55977666.0,23712525.0,7469.89,42906469.0,0.7664926401,1401836536.0,484487372.0,31066406.0,37340239.0,917349164.0,0.0,-90549877.0,199876979.12,983456624.12,104981.01235102925,0.8319819806188171,0.5724464888679431,1.656341216257748,0.03685033792035056,104981.01235102925,0.07115471732047539,3.5706558240566872,1.4494946817506122,0.412553537349989,0.0,0.0,0.0,0.039931664329228185,0.6464586099730106,0.024591713166762546,-160.2669920378463,0.7664926401182929,0.8818972423627102,6.795514161007316,0.0,2.2819630428713467,-0.11759035987980225,0.881898325321762,0.44384782039641973,0.12541551427902944,0.6580523052021894,0.09965381266631775,Marine Shipping,Industrials,EGLE
2008Q4,2008,Q4,2009-03-02,2008-12-31,18318504.0,59962501.0,16423147.0,3969.34,48624207.0,0.8109102554,1362175544.0,471426776.0,16864500.0,21404109.0,890748768.0,0.0,-107786658.0,320743764.51000005,1101136305.51,102150.98071505959,0.7879094616832684,0.579662002065719,1.6749184458712205,0.02604723236719994,102150.98071505959,0.03885758071578013,5.3490724896548265,4.377319301155815,0.6803681522536175,1.2797902601653497,0.0,0.07309212397570733,0.04401965757212273,0.6338361947231721,0.013447975982748961,-9.177693428120126,0.8109102553944506,-0.6053157005071095,-0.46896355919226174,0.7379121057000824,0.05193900611548613,0.15198987492775218,-0.6055721701033998,-0.38143175929093576,-0.46896355919226174,0.7379121057000824,0.05193900611548613,Marine Shipping,Industrials,EGLE
2008Q3,2008,Q3,2008-11-07,2008-09-30,46443234.0,51553232.0,26550259.0,10057.0,42208884.0,0.8187437017,1314176463.0,508381488.0,40433720.0,15843529.0,805794975.0,0.0,-93502067.0,651902990.8871999,1360886477.8871999,110782.62976683374,2.5520652627328166,0.5645876926651364,1.4594706426446433,0.0424685454607888,110782.62976683374,0.09135508490427173,12.645239989748847,3.509138655628503,1.2823106393032153,0.5035231396676639,0.0,0.035872274444045914,0.039228546128664,2.326883360392751,0.03534018094798278,-7.939447478216399,0.8187437016557954,0.5598801977264867,0.8231071739679688,0.4158461912833776,0.2571679172542968,0.42468969144442276,0.5578568682817069,0.5195189026879827,0.8231071739679688,0.4158461912833776,0.2571679172542968,Marine Shipping,Industrials,EGLE
2008Q2,2008,Q2,2008-08-08,2008-06-30,29812260.0,37223200.0,17472806.0,6447.29,29626721.0,0.7959208504,1208390915.0,506908100.0,69414680.0,14770857.0,701482815.0,0.0,-93338441.0,1382537358.4239998,1985235388.4239998,110485.63644289451,4.699434839833599,0.5508934523891219,1.3132452272907063,0.029801748468193716,110485.63644289451,0.05881196216829047,37.14181903823421,11.593698015715681,2.7273925163634196,0.7844169814700395,0.0,0.016914727734126195,0.03080393897201718,4.55596158029287,0.02467103950380163,-10.136243698773669,0.7959208504373616,0.034564153089993506,1.365247251404769,0.0386130939198113,-0.3256070455865056,0.03247861847923079,0.039058094314646574,0.07132315120514923,1.365247251404769,0.0386130939198113,-0.3256070455865056,Marine Shipping,Industrials,EGLE
2008Q1,2008,Q1,2008-05-08,2008-03-31,28691620.0,36686016.0,16309557.0,6231.89,28694755.0,0.7821714683,1148287285.0,500853422.0,153092619.0,12551981.0,647433863.0,0.0,-84859328.0,1204139325.7608001,1659498792.7608001,109189.75844778723,12.196689829278741,0.5258900781088071,1.205687858912143,0.02952687343976288,109189.75844778723,0.05728546265178558,32.82284251745406,10.492082058810205,2.4041750996777655,0.8148224812680497,0.0,0.01941517605135015,0.03194846488263606,12.093135418226016,0.024986447533467203,45.730479854742775,0.7821714682782671,-0.124728403991601,5.852927993425604,0.0,2.4135387329609204,0.016869907722210385,-0.12148445984877894,-0.061494873844739874,5.852927993425604,0.0,2.4135387329609204,Marine Shipping,Industrials,EGLE
2007Q4,2007,Q4,2008-02-29,2007-12-31,32659206.0,35612521.0,17378229.0,7119.95,28218708.0,0.7923816458,1136008373.0,514970995.0,157454266.0,10262605.0,621037378.0,0.0,-75826561.0,1241067512.3616,1685406710.3616,112267.49400479616,15.342524242139302,0.5257381056292619,1.1597602501865178,0.031249796885964968,112267.49400479616,0.06341950579177766,34.849190046433385,9.500135370418988,2.409975560587835,0.7153749236892042,0.0,0.01882538763386205,0.031348819116494314,15.22967638333542,0.02874908915834197,61.608099994961414,0.7923816457700369,-0.045354046078080426,-0.04746068892078169,0.03846951785014945,0.15611769202594558,0.03333129367393228,0.05339398828336794,-0.05424398202771598,-0.04746068892078169,0.03846951785014945,0.15611769202594558,Marine Shipping,Industrials,EGLE
2007Q3,2007,Q3,2007-11-09,2007-09-30,31003790.0,33955704.0,18374960.0,7458.21,27308481.0,0.8042383984,1075042842.0,530461641.0,159099695.0,13590133.0,544581201.0,0.0,-68792587.0,1130102783.6316001,1502994746.6316001,128099.88915720841,11.70700058638131,0.4909935477715594,0.9950561137746811,0.03472540329131774,128099.88915720841,0.058446808597796426,33.281677317943405,9.112618035017656,2.1304137684700186,0.6323580117140517,0.0,0.017348417581096016,0.03158544261996956,11.551100787608187,0.028839585539047755,45.369800040218884,0.8042383983556931,0.2827820002786334,0.3487062196725657,0.03344113855120544,0.45368521392951516,0.2712577903202696,0.29998251527607206,0.3376270466375331,0.3487062196725657,0.03344113855120544,0.45368521392951516,Marine Shipping,Industrials,EGLE
2007Q2,2007,Q2,2007-08-08,2007-06-30,23849390.0,28338047.0,13736983.0,5814.09,21481466.0,0.7580432766,726654462.0,410740640.0,26863458.0,8844256.0,315913822.0,0.0,-64688987.0,934729055.0744,1214226239.0744,100351.97654532127,3.037390369523451,0.4161215747134571,0.7361740464737067,0.03852657669379382,100351.97654532127,0.05806435418710941,32.98494970646354,9.798249085976622,2.2757160213666707,0.8745259312711982,0.0,0.022313321584231584,0.0389979673722832,2.74610040686294,0.0328208127069892,-9.68398508737932,0.7580432765885383,0.2593633100771333,1.3275299329768737,-0.11367771591097225,-0.3874618627136008,0.03962863592318385,0.40492375634264194,0.34098588795349605,1.3275299329768737,-0.11367771591097225,-0.3874618627136008,Marine Shipping,Industrials,EGLE
2007Q1,2007,Q1,2007-05-10,2007-03-31,16975576.0,26908532.0,10243943.0,4616.69,20662634.0,0.7678841046,695366486.0,421143959.0,123526057.0,8552555.0,274222527.0,0.0,-55756772.0,725970716.6800001,872600065.6800001,114628.18698965704,14.443175986591141,0.3819921816019186,0.630721527220102,0.02983230215619085,114628.18698965704,0.040308250034758304,26.979201863557627,10.691400348948395,1.7238065539484566,1.078549558495099,0.0,0.025220025518013292,0.03869690665534893,14.013110935854842,0.024412416102549985,-155.3203132890018,0.7678841045657935,0.8777260784329675,4.584783109044921,0.0,2.5835573019001483,-0.08468552036148984,0.8792569398963725,0.39539036412480993,4.584783109044921,0.0,2.5835573019001483,Marine Shipping,Industrials,EGLE
