Quarters,Year,Quarter,FillingDate,Date,NetIncome,Revenue,OperatingIncome,EPSDiluted,GrossProfit,GrossProfitRatio,TotalAssets,CommonStockEquity,CurrentAssets,CurrentLiability,TotalLiability,Inventory,RetainedEarnings,MarketCap,EnterpriseValue,bookValuePerShare,currentRatio,debtToAssets,debtToEquity,roic,shareholdersEquityPerShare,roe,priceToSalesRatio,peRatio,pbRatio,payoutRatio,inventoryTurnover,dividendYield,assetTurnover,quickRatio,returnOnAssets,priceToFreeCashFlowsRatio,grossProfitMargin,epsdilutedGrowth,fiveYNetIncomeGrowthPerShare,fiveYRevenueGrowthPerShare,fiveYShareholdersEquityGrowthPerShare,grossProfitGrowth,netIncomeGrowth,operatingIncomeGrowth,threeYNetIncomeGrowthPerShare,threeYRevenueGrowthPerShare,threeYShareholdersEquityGrowthPerShare,Industry,Sector,Symbol
2023Q4,2023,Q4,2023-05-23,2023-03-31,-25240000.0,178550000.0,-20170000.0,-0.38,84520000.0,0.4733688043,896101000.0,400435000.0,401823000.0,198111000.0,495666000.0,7269000.0,127598000.0,1149913090.0,1325958090.0,6.062695877303215,2.028272029316898,0.3066216866179147,0.6861637968709029,-0.030097475394458336,6.062695877303215,-0.06303145329454218,6.4402861383366,-11.389788926307448,2.8716597949729668,0.0,12.935754574219287,0.0,0.19925209323502596,1.7749544447304795,-0.02816646784235259,-1863.7165153970827,0.4733688042565108,-4.166666666666667,-1.2100293573173522,0.2720175088369402,0.1976547237535877,0.10443236462471252,-4.229686500319898,-3.1089502300292766,-4.944528389331969,0.30798125076399235,-0.0010707387589214083,Health Information Services,Healthcare,NXGN
2023Q3,2023,Q3,2023-01-25,2022-12-31,7815000.0,161877000.0,9564000.0,0.12,76528000.0,0.4727540046,871023000.0,417764000.0,389637000.0,154198000.0,453259000.0,7920000.0,152838000.0,1250015580.0,1284358580.0,6.276408106849356,2.5268615675949104,0.3167459412667633,0.6604039601306001,0.012035937494408677,6.276408106849356,0.01870673394548118,7.722008562056376,39.98770249520154,2.9921572466751565,0.0,10.776388888888889,0.0,0.18584698681894737,2.2533366191519995,0.008972208540991455,-180.09156893819335,0.4727540045837271,-0.4000000000000001,3.8538554959383498,0.17627918008841423,0.2089401186882297,-0.00435840391345641,-0.42633781105483376,-0.5397719070304605,0.7416998751628353,0.15637878323333848,0.028279240691534088,Health Information Services,Healthcare,NXGN
2023Q2,2023,Q2,2022-10-25,2022-09-30,13623000.0,159443000.0,20781000.0,0.2,76863000.0,0.482071963,627138000.0,441842000.0,218145000.0,168612000.0,185296000.0,28220000.0,145023000.0,1200166200.0,1141680200.0,6.516266997020913,1.2937691267525444,0.01952042453176175,0.027706736797316688,0.03140636796854905,6.516266997020913,0.030832288465107438,7.52724296457041,22.024631138515744,2.71627912240122,0.0,2.926293408929837,0.0,0.2542390988905153,1.0450145897089176,0.0217224917003913,42.783623271068016,0.4820719630212678,9.0,0.5891017755622416,0.12624664117402598,0.2714711255557989,0.04935288335517693,10.866724738675957,10.841025641025642,1.1607972415455385,0.14548133515049416,0.08959312008387214,Health Information Services,Healthcare,NXGN
2023Q1,2023,Q1,2022-07-27,2022-06-30,1148000.0,153302000.0,1755000.0,0.02,73248000.0,0.4778019856,607995000.0,428859000.0,192536000.0,157599000.0,179136000.0,29199000.0,131400000.0,1178734720.0,1156113720.0,6.3451944132094455,1.2216828786984688,0.029177871528548754,0.041365577031145434,0.004815695918936373,6.3451944132094455,0.0026768704865701783,7.688971572451762,256.6931010452962,2.7485367451773195,0.0,2.7416692352477825,0.0,0.2521435209171128,0.954771286619839,0.0018881734224788032,-83.61006667612428,0.4778019856231491,2.8461538461538463,-0.7269278813208035,0.08514958762787175,0.2649674630023643,-0.029802113963283795,2.2988505747126435,-0.6587594789033638,-0.11230151397715721,0.1183440390766562,0.0832466317643361,Health Information Services,Healthcare,NXGN
2022Q4,2022,Q4,2022-05-18,2022-03-31,348000.0,151259000.0,5143000.0,0.0052,75498000.0,0.4991306302,627674000.0,423078000.0,211570000.0,180862000.0,204596000.0,31147000.0,130252000.0,1399485390.0,1359679390.0,6.3212957014149325,1.169786909356305,0.03190031768083432,0.047326970440438876,0.001700196214835301,6.3212957014149325,0.000822543360798718,9.252245420107233,1005.3774353448275,3.307866138158921,0.0,2.432369088515748,0.0,0.24098337672103673,0.9263969214096935,0.0005544279355206683,160.84190208022068,0.49913063024348964,-0.935,-0.9262336635125605,0.06928167569591265,0.2979831615668142,-0.0002515989777136274,-0.9329867128827267,-0.35776723276723277,-0.9142909869622303,0.08567138471482813,0.088713739129863,Health Information Services,Healthcare,NXGN
2022Q3,2022,Q3,2022-01-26,2021-12-31,5193000.0,149721000.0,8008000.0,0.08,75517000.0,0.5043848224,605334000.0,411143000.0,185740000.0,170408000.0,194191000.0,23403000.0,129904000.0,1208972820.0,1180761820.0,6.0499573265840665,1.08997230176987,0.03505172351131772,0.0516073482948755,0.011863759508074766,6.0499573265840665,0.012630641893453129,8.07483799867754,58.20204217215482,2.9405166085765777,0.0,3.1707046105200187,0.0,0.2473361813478179,0.8844713863198911,0.008578735045445986,124.88098543538891,0.5043848224363984,1.7999999999999998,-0.5475083981283679,0.06985002404602211,0.26166246945284455,-0.01398391392907505,1.7669472751439965,2.014055970621755,0.023886049241124876,0.08816104502619598,0.0702879046402669,Health Information Services,Healthcare,NXGN
2022Q2,2022,Q2,2021-10-29,2021-09-30,-6771000.0,149286000.0,-7897000.0,-0.1,76588000.0,0.5130286831986924,635522000.0,435276000.0,210713000.0,171177000.0,200246000.0,0.0,124711000.0,950424600.0,901057600.0,6.4575260362578994,1.23096560869743,0.040810546291080406,0.05958518273463274,-0.01336611173226422,6.4575260362578994,-0.015555647451272296,6.366468389534183,-35.091736818785996,2.1834987456234667,0.0,0.0,0.0,0.23490296165986385,1.033304707992312,-0.010654233842416155,71.41753832281334,0.5130286831986924,-3.5000000000000004,-2.553450629806641,0.07383844476583326,0.3947411132605047,0.04424416781424267,-3.377457865168539,-3.114890198178897,-1.4930107999037279,0.09214583437471799,0.16756672327383956,Health Information Services,Healthcare,NXGN
2022Q1,2022,Q1,2021-07-30,2021-06-30,2848000.0,146084000.0,3734000.0,0.04,73343000.0,0.5020604583664193,624564000.0,438568000.0,194190000.0,155062000.0,185996000.0,0.0,131482000.0,1114433250.0,1079856250.0,6.52873836992929,1.2523377745675923,0.04551174899609968,0.06481321026613888,0.0063004327927639004,6.52873836992929,0.006493861841265209,7.628715328167356,97.8259524227528,2.5410728780941607,0.0,0.0,0.0,0.23389756694269923,1.0170641420851014,0.00455998104277544,-178.96792195278624,0.5020604583664193,5.0,5.008947816178302,0.08870038242676011,0.47864953663810217,-0.014299729864125687,5.910344827586207,13.875862068965517,0.02499846525230008,0.04520057042528194,0.24064478142699489,Health Information Services,Healthcare,NXGN
2021Q4,2021,Q4,2021-07-29,2021-03-31,-580000.0,144188000.0,-290000.0,-0.01,74407000.0,0.5160415568563265,644486000.0,431644000.0,207644000.0,180633000.0,212842000.0,0.0,128634000.0,1213224900.0,1171117900.0,6.439660445478823,1.1495352454977772,0.04839205196078736,0.07225398708194716,-0.00035136434021276297,6.439660445478823,-0.0013436999008442142,8.414187727134019,-522.9417672413794,2.810707203158158,0.0,0.0,0.0,0.223725573557843,0.9471248332253797,-0.0008999419692592236,82.75185185185185,0.5160415568563265,-2.4469827586206896,0.9677149070491134,0.024153961974564285,0.4558365468069465,0.041706333650669204,-2.25,-1.3111587982832618,0.9499573623817843,0.012198895357991861,0.27212215621270536,Health Information Services,Healthcare,NXGN
2021Q3,2021,Q3,2021-01-28,2020-12-31,464000.0,141752000.0,932000.0,0.006910932380101281,71428000.0,0.503894124950618,655899000.0,425712000.0,217347000.0,160041000.0,230187000.0,0.0,129214000.0,1221040320.0,1202206320.0,6.359320616046487,1.3580707443717548,0.10777421523740698,0.16604887811478183,0.0027243127055489114,6.359320616046487,0.0010899387379261097,8.613919521417687,657.8881034482757,2.8682309166760627,0.0,0.0,0.0,0.2161186402174725,1.1688567304628188,0.0007074259908918904,60.052147740126884,0.503894124950618,-0.9568066726243669,-0.9422232807216225,0.10128898142518836,0.3601401627535781,0.0052918988909531044,-0.9556193208990913,-0.9094969897067392,-0.7134565351213638,0.024163101772557215,0.22491044072642413,Health Information Services,Healthcare,NXGN
2021Q2,2021,Q2,2020-10-23,2020-09-30,10455000.0,140002000.0,10298000.0,0.16,71052000.0,0.507507035613777,672412000.0,419591000.0,224922000.0,137402000.0,252821000.0,0.0,128750000.0,849605120.0,857606120.0,6.291851607485604,1.636963071862127,0.16573321118599907,0.26559435259574204,0.020325470952197233,6.291851607485604,0.02491712167324847,6.068521306838473,20.315760879961744,2.024841142922513,0.0,0.0,0.0,0.20820865778719,1.4276065850569861,0.015548503001136207,35.786408323154035,0.507507035613777,17.0,0.1399594853639618,0.012445632135012404,0.32318472902391027,0.10141063401023097,13.688106796116505,4.486414491209377,0.24000496989157738,0.005501502167582869,0.22768260552508937,Health Information Services,Healthcare,NXGN
2021Q1,2021,Q1,2020-07-31,2020-06-30,-824000.0,130879000.0,1877000.0,-0.01,64510000.0,0.4928980203088349,769806000.0,403642000.0,317424000.0,138471000.0,366164000.0,0.0,118295000.0,727930080.0,761411080.0,6.088481959695909,2.2923500227484457,0.2933258509286755,0.5594165126523007,-0.0028877462237905855,6.088481959695909,-0.0020414129352247785,5.561855454274559,-220.852572815534,1.8034051956932133,0.0,0.0,0.0,0.17001556236246534,2.047309544958872,-0.001070399555212612,63.608011184900384,0.4928980203088349,0.8333333333333333,-1.1178283921287047,-0.02536247536762793,0.31167450350121684,-0.05192304866040592,0.8057520037718058,1.2984576244235968,-1.1998227599250602,-0.055517258318266566,0.21378969288296487,Health Information Services,Healthcare,NXGN
2020Q4,2020,Q4,2020-06-01,2020-03-31,-4242000.0,136382000.0,-6289000.0,-0.06,68043000.0,0.4989148128052089,720116000.0,400494000.0,260015000.0,143218000.0,319622000.0,0.0,119119000.0,688914720.0,729344720.0,6.069194398981633,1.8155189990085046,0.17913780557576836,0.32210220377833376,-0.00742403408895516,6.069194398981633,-0.010591918980059626,5.0513610300479534,-40.600820367751055,1.7201623994366957,0.0,0.0,0.0,0.1893889317832127,1.6157396416651537,-0.005890717606607824,42.8296375505129,0.4989148128052089,-1.857142857142857,-1.360753870661361,-0.029493312299619497,0.2904690411434178,-0.022440916600818907,-1.9608154020385051,-2.917378048780488,-1.9120087519258624,-0.022138551097527034,0.24621794427216348,Health Information Services,Healthcare,NXGN
2020Q3,2020,Q3,2020-01-24,2019-12-31,4415000.0,137740000.0,3280000.0,0.07,69605000.0,0.5053361405546682,622895000.0,399756000.0,153366000.0,136879000.0,223139000.0,75000.0,123361000.0,1052472510.0,1112302510.0,6.1037973523888045,1.1204494480526597,0.0594000594000594,0.09255645944025856,0.009885017610583594,6.1037973523888045,0.011044236984560581,7.641008494264557,59.59640486976218,2.632787275237895,0.0,908.4666666666667,0.0,0.2211287616693022,0.9095186259396986,0.007087871952736817,62.037872679045094,0.5053361405546682,-0.22222222222222213,-0.3913955851849096,0.02702538918426332,0.30225405935971206,0.015805142873821548,-0.2739680973524091,-0.5127024216312583,-0.6008201475474683,0.021282676005397464,0.2728903073110934,Health Information Services,Healthcare,NXGN
2020Q2,2020,Q2,2019-10-24,2019-09-30,6081000.0,134256000.0,6731000.0,0.09,68522000.0,0.5103831486116077,572828000.0,391128000.0,170054000.0,132255000.0,181700000.0,58000.0,118946000.0,1024833670.0,1033472670.0,5.980459014388159,1.2858039393595706,0.0,0.0,0.014030159247056641,5.980459014388159,0.01554734000122722,7.633429194970802,42.13261264594639,2.6202002157861366,0.0,1133.344827586207,0.0,0.23437401802984492,1.0727987599712676,0.01061575202329495,59.94230976194654,0.5103831486116077,3.4999999999999996,0.1793220834382865,0.026193410263656083,0.2625392518767662,0.02839561758967432,3.8882636655948555,3.8424460431654675,0.4379169802814793,-0.00466852572173816,0.2917008799813119,Health Information Services,Healthcare,NXGN
2020Q1,2020,Q1,2019-07-25,2019-06-30,1244000.0,131861000.0,1390000.0,0.02,66630000.0,0.5053048285694784,567325000.0,380830000.0,155516000.0,128250000.0,186495000.0,72000.0,112865000.0,1325655850.0,1357073850.0,5.8575713296931475,1.2126003898635478,0.010575948530383818,0.015755061313446946,0.004539684459953029,5.8575713296931475,0.003266549378988,10.053433919051121,266.40993770096463,3.480964866213271,0.0,905.9861111111111,0.0,0.2324258581941568,0.9768109161793372,0.002192746661966245,154.63150005832264,0.5053048285694784,-0.6666666666666666,-0.7767879934261509,0.03615316580083899,0.21429586696295963,-0.08384666153338467,-0.6832993890020367,-0.7873642343582683,2.8092763517538044,0.015350990231871614,0.3266414798253299,Health Information Services,Healthcare,NXGN
2019Q4,2019,Q4,2019-05-29,2019-03-31,3928000.0,134785000.0,6537000.0,0.06,72728000.0,0.5395852654227102,532895000.0,375946000.0,159851000.0,128232000.0,156949000.0,120000.0,111621000.0,1087783200.0,1065704200.0,5.806205501243262,1.246576517561919,0.020641965115078955,0.0292595213142313,0.011194157357759131,5.806205501243262,0.010448309065663686,8.0705063619839,69.23263747454176,2.8934559750602484,0.0,517.1416666666667,0.0,0.25292975163962883,1.0719789132197892,0.0073710580883663765,102.29294715064886,0.5395852654227102,-0.14285714285714296,-0.2977273407620581,0.08792488240050152,0.18465559937257894,0.051043412914041277,-0.1857379767827529,0.05725376031052887,1.2263472390720118,-0.008923064429070145,0.3126291733155149,Health Information Services,Healthcare,NXGN
2019Q3,2019,Q3,2019-01-24,2018-12-31,4824000.0,130867000.0,6183000.0,0.07,69196000.0,0.5287505635492523,530743000.0,365370000.0,157779000.0,119896000.0,165373000.0,129000.0,107693000.0,979250550.0,976720550.0,5.652644770023361,1.3159655034363116,0.05087207933029734,0.07389769274981525,0.01437795852408954,5.652644770023361,0.013203054437966993,7.482792071339604,50.74888837064677,2.680161343295837,0.0,478.06976744186045,0.0,0.2465732002117786,1.0989190631880963,0.009089144840346458,76.97300345857569,0.5287505635492523,-0.65,1.3567841394757474,0.11919620096975497,0.13475697177129728,-0.00010115168417554152,-0.6315869864059874,-0.6006329931533394,-0.3778914415018484,0.052994797297198803,0.2089953694247791,Health Information Services,Healthcare,NXGN
2019Q2,2019,Q2,2018-10-31,2018-09-30,13094000.0,130321000.0,15482000.0,0.2,69203000.0,0.5310195593956462,535685000.0,355434000.0,158635000.0,119046000.0,180251000.0,153000.0,102869000.0,1229389450.0,1239604450.0,5.530755465650043,1.3325521227088688,0.07840428610097352,0.11816539779537129,0.03397624765886024,5.530755465650043,0.036839469493633134,9.433548315313725,23.472381434244692,3.4588403191591124,0.0,399.4640522875817,0.0,0.24327916592773738,1.1269929271038086,0.02444346957633684,221.5914653929344,0.5310195593956462,4.0,0.20253021532893203,0.09049005366893402,0.030795706091467482,-0.03007750634206506,3.944864048338369,3.5308750365817967,0.48153152496060836,-0.022031073071793993,0.16312520203225514,Health Information Services,Healthcare,NXGN
2019Q1,2019,Q1,2018-08-01,2018-06-30,2648000.0,133200000.0,3417000.0,0.04,71349000.0,0.5356531531531532,535135000.0,336892000.0,155811000.0,135074000.0,198243000.0,161000.0,89775000.0,1248370500.0,1266459500.0,5.262375232352896,1.1535232539200735,0.08222224298541489,0.1306056540374957,0.007675054695546678,5.262375232352896,0.007860085724802013,9.3721509009009,117.85975264350452,3.7055510371276252,0.0,384.167701863354,0.0,0.24890915376493783,0.9678620607963042,0.004948284077849515,-315.8832236842105,0.5356531531531532,1.2352941176470589,-0.809693142771183,0.1313933285907932,0.010699012149814613,-0.033185181170221414,1.239703086810899,1.179445436403739,-0.6078798498396512,0.027201925431138068,0.1337018760713111,Health Information Services,Healthcare,NXGN
2018Q4,2018,Q4,2018-05-25,2018-03-31,-11047000.0,135775000.0,-19042000.0,-0.17,73798000.0,0.5435315779782729,515755000.0,323410000.0,141662000.0,134592000.0,192345000.0,180000.0,78708000.0,872071200.0,880226200.0,5.0621399949912345,1.0525291250594389,0.07173948871072505,0.11440586252744195,-0.02916696835025467,5.0621399949912345,-0.03415788009028787,6.4229143804087645,-19.735475694758758,2.6964880492254415,0.0,344.31666666666666,0.0,0.2632548399918566,0.9059156562054208,-0.021419084642902153,70.33966768833683,0.5435315779782729,-9.5,-1.51720089542396,0.13694901359174672,-0.018381830125572526,0.053038626731924485,-8.168721609344582,-6.028254555056773,-1.9703543614058476,-0.0020541836614861864,0.07634300634136819,Health Information Services,Healthcare,NXGN
2018Q3,2018,Q3,2018-01-26,2017-12-31,1541000.0,131715000.0,3787000.0,0.02,70081000.0,0.5320654443305622,501383000.0,330740000.0,128348000.0,107963000.0,170643000.0,154000.0,89754000.0,865127480.0,880768480.0,5.191661695915612,1.188814686512972,0.07778484711288576,0.11791739735139384,0.005212494816772598,5.191661695915612,0.0046592489568845616,6.568177352617393,140.3516353017521,2.615732841506924,0.0,400.2207792207792,0.0,0.26270336249932685,0.9897557496549744,0.0030734987025886396,69.34889619238477,0.5320654443305622,-0.8461538461538461,-0.9080480536370904,0.07250155184239264,-0.0395573001084216,-0.051061582624708876,-0.8080946450809464,-0.6659315455187015,-0.781615617895095,0.00965008137385966,0.10764858792084192,Health Information Services,Healthcare,NXGN
2018Q2,2018,Q2,2017-10-26,2017-09-30,8030000.0,132607000.0,11336000.0,0.13,73852000.0,0.5569238426327419,514060000.0,325503000.0,133140000.0,108613000.0,188557000.0,147000.0,88213000.0,999059490.0,1027506490.0,5.124982287090832,1.2258201136143925,0.10699140178189316,0.16896925681176517,0.02273409795357512,5.124982287090832,0.024669511494517717,7.533987572300105,31.103969178082195,3.069278900655293,0.0,399.6938775510204,0.0,0.25796016029257285,1.0232292635319897,0.015620744660156402,55.58977798798131,0.5569238426327419,1.1666666666666667,-0.5218093653769349,0.06700301553750515,-0.02611109007489544,0.029253132273215056,1.061088295687885,0.6818991097922849,0.6035951529193775,0.04371933707708818,0.08193890921386274,Health Information Services,Healthcare,NXGN
2018Q1,2018,Q1,2017-08-01,2017-06-30,3896000.0,130922000.0,6740000.0,0.06,71753000.0,0.5480591497227357,489909000.0,314188000.0,131543000.0,105749000.0,175721000.0,100000.0,80184000.0,1077965497.364,1099628497.364,5.016092981671882,1.2439172001626493,0.09185379325548214,0.14322634855564184,0.012083747759063903,5.016092981671882,0.012400218977172903,8.233646731366768,69.17129731545174,3.430956934586935,0.0,591.69,0.0,0.2672373849020941,1.0141467058790155,0.007952497300519076,212.40699455448276,0.5480591497227357,-0.14877463193657992,-0.7620625401941404,0.04745187098828178,-0.030004181778622498,-0.06100896420859779,-0.11755379388448471,0.012772351615326822,-0.27438597079731064,0.06784882909723892,0.039854341178830695,Health Information Services,Healthcare,NXGN
2017Q4,2017,Q4,2017-05-19,2017-03-31,4415000.0,132385000.0,6655000.0,0.07048662111245929,76415000.0,0.5772179627601315,473221000.0,305043000.0,146802000.0,128694000.0,168178000.0,158000.0,76227000.0,954572640.0,932956640.0,4.8700906826745,1.1407058604130729,0.03169766345956752,0.049173395226246794,0.015687238007229456,4.8700906826745,0.014473369328258639,7.2105800506099635,54.05281087202718,3.129305179925453,0.0,354.24050632911394,0.0,0.27975301180632306,0.9616532239265234,0.009329678944932706,40.8495652173913,0.5772179627601315,-0.5853728169855336,-0.7227813052366683,0.14954954592929123,-0.021929737887345424,0.03943359268730617,-0.578962426091932,-0.5056087957804026,-0.18403028572602398,0.10460035029849706,-0.006342404613960834,Health Information Services,Healthcare,NXGN
2017Q3,2017,Q3,2017-01-26,2016-12-31,10486000.0,127868000.0,13461000.0,0.17,73516000.0,0.5749366534238434,463019000.0,297750000.0,134834000.0,117952000.0,165269000.0,252000.0,71812000.0,816522950.0,817528950.0,4.79522651506611,1.1431260173629951,0.05399346463104106,0.08396305625524769,0.034092745415298685,4.79522651506611,0.035217464315701094,6.385670769856414,19.466978590501622,2.742310495382032,0.0,215.68253968253967,0.0,0.27616145341767834,0.966418543136191,0.022647018804843863,39.38276901557903,0.5749366534238434,1.8333333333333337,-0.5291244057254406,0.07465541796267565,-0.0010241837050652838,0.0329778414759235,1.6300476548783547,0.9886246122026887,1.807321730367388,0.1383518065745332,-0.03736800372626952,Health Information Services,Healthcare,NXGN
2017Q2,2017,Q2,2016-10-27,2016-09-30,3987000.0,127166000.0,6769000.0,0.06,71169000.0,0.5596543101143387,478888000.0,285471000.0,143258000.0,123844000.0,193417000.0,353000.0,61326000.0,697968560.0,719722560.0,4.629910149534529,1.1567617325021802,0.10023220460734034,0.16814317391258657,0.013689205796436383,4.629910149534529,0.013966392383114222,5.488641303493072,43.76527213443693,2.4449718535332834,0.0,158.6317280453258,0.0,0.265544344397855,0.9683795743031556,0.008325537495197207,17.645966526773524,0.5596543101143387,6.999999999999999,-0.8149200549712045,0.12409694913676961,0.009477657362487927,0.08837742774124484,7.162287480680062,51.8828125,-0.6183590440582507,0.10908132908325786,-0.13709952801744876,Health Information Services,Healthcare,NXGN
2017Q1,2017,Q1,2016-07-29,2016-06-30,-647000.0,122205000.0,128000.0,-0.01,65390000.0,0.5350844891780205,505074000.0,270126000.0,163067000.0,125490000.0,234948000.0,430000.0,57339000.0,728641890.0,790292890.0,4.415338596577257,1.2994421866284167,0.17423189473225706,0.3257738981068094,0.00023988404553968733,4.415338596577257,-0.002395178546308019,5.962455627838468,-281.5463253477589,2.697414873059239,0.0,132.12790697674419,0.0,0.24195464426994856,1.1249023826599729,-0.0012810004078610262,111.70349379120037,0.5350844891780205,0.9629629629629629,-1.032513762213551,0.16065037451836486,0.028563182241956676,-0.047584368673259825,0.9603602499693665,1.0056624640566247,-1.0486572151923093,0.08618768901553844,-0.1519840070636146,Health Information Services,Healthcare,NXGN
2016Q4,2016,Q4,2016-05-25,2016-03-31,-16322000.0,127912000.0,-22605000.0,-0.27,68657000.0,0.5367518293827006,530790000.0,269377000.0,183991000.0,138060000.0,261413000.0,555000.0,57986000.0,928100760.0,1015221760.0,4.423340284733739,1.3326886860785165,0.19781834623862546,0.3897882892748824,-0.041249265427881314,4.423340284733739,-0.060591661500425054,7.255775533179061,-14.21548768533268,3.4453600715725545,-0.6570885920843034,106.76576576576576,0.011555857361866614,0.2409841933721434,1.1821382007822685,-0.030750390926731853,146.24972581153483,0.5367518293827006,-3.2500000000000004,-1.843100280711362,0.26233982797208144,0.14904075175871492,0.08553765395987162,-3.2352780060257462,-3.679269882659713,-2.9017193604979283,0.12367727740578328,-0.1422538295407848,Health Information Services,Healthcare,NXGN
2016Q3,2016,Q3,2016-01-29,2015-12-31,7302000.0,117032000.0,8437000.0,0.12,63247000.0,0.5404248410691093,433390000.0,284583000.0,251269000.0,131095000.0,148807000.0,662000.0,74307000.0,981176100.8669999,888528100.8669999,4.675489181329785,1.9166940005339639,0.0,0.0,0.02564036098159134,4.675489181329785,0.025658595207724986,8.383827507579122,33.59271777824568,3.4477677895974104,1.4683648315529991,81.24622356495469,0.010927701959439986,0.27003853342255246,1.586406804225943,0.0168485659567595,214.4647215009836,0.5404248410691093,-0.14285714285714296,-0.6034009717530462,0.2129494172238299,0.27827538525801127,-0.08032455540852976,-0.12182802164762477,-0.3248239436619718,-0.5439645995437602,-0.0026082758320937253,-0.13504775240593112,Health Information Services,Healthcare,NXGN
2016Q2,2016,Q2,2015-10-23,2015-09-30,8315000.0,125369000.0,12496000.0,0.14,68771000.0,0.5485486842839936,436142000.0,287497000.0,255907000.0,133345000.0,148645000.0,649000.0,77731000.0,754553280.0,655906280.0,4.755081788260201,1.919134575724624,0.0,0.0,0.028952160811251536,4.755081788260201,0.028922040925644443,6.018659158165097,22.6865087191822,2.6245605345447083,1.2871918220084184,87.20801232665639,0.014184551685998898,0.28744995895832093,1.6067119127076381,0.019064891709580825,169.48636118598384,0.5485486842839936,0.4000000000000001,-0.40739624737079977,0.47312604128910996,0.36593888038389444,0.039040899270249445,0.30697893744105625,0.38321895063094974,-0.4798422478155962,0.05968468912040466,-0.09640245371420382,Health Information Services,Healthcare,NXGN
2016Q1,2016,Q1,2015-07-23,2015-06-30,6362000.0,122164000.0,9034000.0,0.1,66187000.0,0.5417880881438066,440889000.0,279954000.0,259280000.0,139018000.0,160935000.0,647000.0,80138000.0,999369840.0,894510840.0,4.641762833267012,1.865082219568689,0.0,0.0,0.02210845503185194,4.641762833267012,0.022725161990898506,8.1805592482237,39.2710562716127,3.569764461304357,1.6818610499842817,86.5177743431221,0.010706746963666624,0.2770856156538267,1.5784502726265663,0.01442993587955245,-306.08570903522207,0.5417880881438066,-0.4444444444444444,-0.4958502916820624,0.411598810955422,0.38211847875567195,-0.08766730533309441,-0.4078004281857954,-0.2904492617027961,-0.5964867291405378,0.01504424966998099,-0.10239093376141561,Health Information Services,Healthcare,NXGN
2015Q4,2015,Q4,2015-05-26,2015-03-31,10743000.0,128388000.0,12732000.0,0.18,72547000.0,0.5650605975636352,460521000.0,283540000.0,280057000.0,155084000.0,176981000.0,622000.0,84479000.0,963402240.0,844409240.0,4.7030918259023355,1.805840705682082,0.0,0.0,0.03885314391358444,4.7030918259023355,0.037888834026945054,7.503834003177867,22.41930187098576,3.397764830359032,0.9957181420459834,89.77652733118971,0.011103358032466272,0.27878858944543244,1.5565822393025714,0.023327926413779176,53.82436113749372,0.5650605975636352,0.6363636363636362,-0.21152851124342076,0.567543887616161,0.4435313948374455,0.050431483841074945,0.6091971240263631,0.5507917174177832,-0.29917349089526507,0.15826114215776968,-0.055468459496111344,Health Information Services,Healthcare,NXGN
2015Q3,2015,Q3,2015-01-22,2014-12-31,6676000.0,123424000.0,8210000.0,0.11,69064000.0,0.5595670210007778,439251000.0,282501000.0,260998000.0,138909000.0,156750000.0,665000.0,84436000.0,939640480.0,826000480.0,4.687101805149987,1.8789135333203753,0.0,0.0,0.02387018586820137,4.687101805149987,0.02363177475477963,7.613109929997408,35.18725584182145,3.3261492171709124,1.602456560814859,81.74436090225564,0.011385205541591822,0.28098740811062467,1.6852183803785212,0.015198599434036576,79.24105920053972,0.5595670210007778,0.375,-0.5171400700441857,0.5662283880323273,0.5491367138972469,0.08342484234304898,0.4054736842105263,0.13100978096156496,-0.6911556247860524,0.06864637680705667,-0.0235494950768521,Health Information Services,Healthcare,NXGN
2015Q2,2015,Q2,2014-10-28,2014-09-30,4750000.0,120519000.0,7259000.0,0.08,63746000.0,0.5289290485317668,440107000.0,285381000.0,258590000.0,136651000.0,154726000.0,745000.0,88458000.0,829601190.0,714821190.0,4.736849967633243,1.8923388778713657,0.0,0.0,0.0165464001158063,4.736849967633243,0.016644415710926796,6.883571801956538,43.66322052631579,2.9069951748714873,2.2501052631578946,76.20536912751678,0.012883298781189068,0.27384022521795837,1.711410820264762,0.010792829925449948,44.93804181788636,0.5289290485317668,0.0,-0.6185029552763011,0.5957451132798709,0.6157604208716713,0.03309347854272008,-0.07999225256633741,-0.06395873629916184,-0.7743367995869516,0.09029064348458,0.032794169684851965,Health Information Services,Healthcare,NXGN
2015Q1,2015,Q1,2014-07-28,2014-06-30,5163000.0,117894000.0,7755000.0,0.08,61704000.0,0.5233854140159805,441781000.0,290540000.0,259162000.0,124742000.0,151241000.0,755000.0,94403000.0,966691439.77,859243439.77,4.82384193923294,2.0775841336518575,0.0,0.0,0.017627159282783623,4.82384193923294,0.017770358642527708,8.199666138819618,46.80861126137904,3.3272232386934673,2.0699205888049583,74.42384105960265,0.011055233925049241,0.2668607296375353,1.8780843661316957,0.011686785986721928,72.0981085747315,0.5233854140159805,-0.11111111111111106,-0.5278611703657149,0.6738241016607421,0.7055183844914121,-0.002344419473233197,-0.007306287252451452,0.12050281751192024,-0.7364551218257982,0.13734874917781212,0.1237249663017613,Health Information Services,Healthcare,NXGN
2014Q4,2014,Q4,2014-05-29,2014-03-31,5201000.0,115203000.0,6921000.0,0.09,61849000.0,0.5368696995737958,445058000.0,295090000.0,260358000.0,123886000.0,149968000.0,834000.0,99931000.0,1016310979.792,913565979.792,4.9011759234653205,2.1015934003842243,0.0,0.0,0.016760584478858812,4.9011759234653205,0.017625131315869735,8.821914184457002,48.85171023803115,3.444071231800468,2.0549894251105556,63.97362110311751,0.01051646613341462,0.2588494083917152,1.8754984421161391,0.011686117315046578,32.45548252513253,0.5368696995737958,1.4285714285714286,-0.5665288476992335,0.6562735514710111,0.7952946886084312,0.6362602185242996,1.4132040994677049,1.3580074487895717,-0.72826306379785,0.14996532260132864,0.27316699713038245,Health Information Services,Healthcare,NXGN
2014Q3,2014,Q3,2014-01-28,2013-12-31,-12587000.0,108854000.0,-19332000.0,-0.21,37799000.0,0.34724493358075953,447777000.0,299744000.0,264793000.0,129649000.0,148033000.0,928000.0,105417000.0,1267243319.8270001,1185442319.8270001,4.9813703820650455,2.0423836666692377,0.0,0.0,-0.042296619348700194,4.9813703820650455,-0.04199250026689442,11.641678944522022,-25.16968538625169,4.227752081199291,-0.8478589020417892,76.56788793103448,0.008421429281203001,0.24309868528307618,1.8168825058426983,-0.028109974384570892,59.64059298884602,0.34724493358075953,-2.235294117647059,-1.90162232483159,0.5659234633178465,0.8731901177308068,-0.40379185791574,-2.2436518130619505,-2.212341653079142,-1.691532000629338,0.14120243136518462,0.361903085921804,Health Information Services,Healthcare,NXGN
2014Q2,2014,Q2,2013-10-31,2013-09-30,10121000.0,111081000.0,15946000.0,0.17,63399000.0,0.5707456720771329,467331000.0,320504000.0,257183000.0,130457000.0,146827000.0,996000.0,128691000.0,1298019820.0,1225703820.0,5.365520474101851,1.9714005381083421,0.0,0.0,0.03230777566971953,5.365520474101851,0.031578389037266306,11.68534510852441,32.06253878075289,4.049933292564211,1.0301353621183678,47.873493975903614,0.008032234823656236,0.23769234225848487,1.7499789202572495,0.021657026818250876,2773.546623931624,0.5707456720771329,-0.2272727272727272,-0.09852264268660617,0.7611931311013773,1.1181482239104552,0.031599329612574646,-0.21815372730784086,-0.1844729708996062,-0.2699051299181148,0.3211230024358258,0.5412927380483785,Health Information Services,Healthcare,NXGN
2014Q1,2014,Q1,2013-07-31,2013-06-30,12945000.0,109529000.0,19553000.0,0.22,61457000.0,0.561102539053584,444821000.0,310104000.0,296306000.0,124691000.0,134717000.0,983000.0,129242000.0,1166165220.0,1048353220.0,5.206669017276986,2.376322268648098,0.0,0.0,0.042225639229168235,5.206669017276986,0.04174406005727111,10.64709090743091,22.521537659327922,3.7605616825323116,0.8047122441096949,48.90335707019329,0.0089326965179085,0.24623163025126962,2.1571324313703477,0.02910159367475906,52.07954715969989,0.561102539053584,4.142857142857143,0.07422155868850012,0.8292095660894039,1.2532287805800428,-0.024461094002984223,4.165036674816626,10.15831381733021,0.038781587839658876,0.28160294029288485,0.5503233836008447,Health Information Services,Healthcare,NXGN
2013Q4,2013,Q4,2013-05-30,2013-03-31,-4090000.0,111295000.0,-2135000.0,-0.07,62998000.0,0.5660451952019407,443055000.0,307049000.0,297326000.0,127029000.0,136006000.0,710000.0,126722000.0,1093172819.5410001,987573819.5410001,5.156933877496179,2.3406151351266247,0.0,0.0,-0.012973971818806447,5.156933877496179,-0.01332034952076053,9.822299470245744,-66.81985449517114,3.5602552672081655,0.0,68.02394366197183,0.0,0.2511990610646534,2.096119783671445,-0.009231359537754906,98.67071211670729,0.5660451952019407,-1.2692307692307692,-1.3353413119786917,1.0041389022178315,1.4912745955838806,-0.07238566422239892,-1.2617432484321003,-1.0913017447827575,-1.3039474319868487,0.37589623270060857,0.5828302378166499,Health Information Services,Healthcare,NXGN
2013Q3,2013,Q3,2013-02-06,2012-12-31,15626000.0,114510000.0,23384000.0,0.26,67914000.0,0.5930835734870317,440220000.0,321086000.0,286518000.0,105909000.0,119134000.0,3912000.0,141230000.0,1031184059.4,929482059.4,5.405488215488216,2.7053224938390503,0.0,0.0,0.04889399939449585,5.405488215488216,0.04866608945889886,9.005187838616715,16.497889085498528,3.21155098447145,1.331050812747984,11.911042944785276,0.020170016992021783,0.260119940029985,2.4553909488334327,0.03549588841942665,131.61251555839183,0.5930835734870317,0.0,0.28374468182208507,1.193714100875673,1.5797528221476036,-0.02651797488676108,-0.004142502071251036,-0.03943476832073611,0.14678450666437287,0.47444319936916185,0.7865710196332606,Health Information Services,Healthcare,NXGN
2013Q2,2013,Q2,2012-11-05,2012-09-30,15691000.0,116128000.0,24344000.0,0.26,69764000.0,0.6007508955635161,456650000.0,312307000.0,305802000.0,128307000.0,144343000.0,3858000.0,136021000.0,1061717770.653,944674770.653,5.262389000286451,2.383361780729033,0.0,0.0,0.049918244935384146,5.262389000286451,0.05024222960100158,9.142650959742697,16.916031015438787,3.3995964568613575,0.6616531769804347,12.017625712804563,0.009778493199388238,0.254304171685098,2.1813463022282495,0.034361108069637575,-156.38794677463545,0.6007508955635161,0.0,0.49183692012948804,1.3654005074144442,1.6346462758738844,-0.0019599147365559864,0.012518551977802155,0.03560641511039265,0.27933666508173527,0.5609234533769948,0.7950241033582227,Health Information Services,Healthcare,NXGN
2013Q1,2013,Q1,2012-08-02,2012-06-30,15497000.0,118296000.0,23507000.0,0.26,69901000.0,0.5908991005613039,460063000.0,306557000.0,314816000.0,136480000.0,153506000.0,4228000.0,130712000.0,1630820310.0,1500914310.0,5.171252171859449,2.3066822977725674,0.0,0.0,0.05093748285194682,5.171252171859449,0.05055177340592451,13.785929448163929,26.308645382977353,5.319794720068372,0.6681293153513583,11.446310312204352,0.006348952080441039,0.25713000176062845,2.111034583821805,0.03368451712048132,98.88553904923599,0.5908991005613039,0.022560870430571364,0.7867155859360342,1.5764297166758257,1.7168160401032828,0.042473863958361294,0.02812976846016055,0.008970727101038715,0.43983447916736523,0.70641836305733,0.8283488060037654,Health Information Services,Healthcare,NXGN
2012Q4,2012,Q4,2012-05-25,2012-03-31,15073000.0,108994000.0,23298000.0,0.2542635920446686,67053000.0,0.6151990017799145,440352000.0,295177000.0,312709000.0,129432000.0,145175000.0,3715000.0,125597000.0,2592358130.0,2458414130.0,4.979285099779019,2.4160099511712714,0.0,0.0,0.050423646617031914,4.979285099779019,0.05106427668822435,23.78441134374369,42.996718138393156,8.78238524681801,0.68367279241027,11.28963660834455,0.003975145208814185,0.24751562386454473,2.2236772977316273,0.03422943463411089,214.36848838170843,0.6151990017799145,-0.293712244320365,0.6223840814908964,1.210588048135682,1.9613993358043944,-0.09912536443148688,-0.2858090499881545,-0.2834691680762725,0.2758855696612711,0.5915106500834096,0.8239059834399816,Health Information Services,Healthcare,NXGN
2012Q3,2012,Q3,2012-02-03,2011-12-31,21105000.0,112765000.0,32515000.0,0.36,74431000.0,0.6600540947989181,441856000.0,282474000.0,319230000.0,138210000.0,159382000.0,3194000.0,120878000.0,2176750647.694,2047704647.6939998,4.800142743045525,2.309746038636857,0.0,0.0,0.07509127891637159,4.800142743045525,0.07471484101191614,19.3034243576819,25.784774315257046,7.706021253970277,0.487514806917792,12.00187852222918,0.004726770156655257,0.25520757893974505,2.1325519137544315,0.0477644300405562,99.24998393643989,0.6600540947989181,0.0285714285714286,1.2178964628201068,1.6846082277468877,1.4504368171167308,0.03933588404501913,0.02971311475409836,0.030031361865239015,0.5458420531272661,0.6587380230257506,0.8050414364576183,Health Information Services,Healthcare,NXGN
2012Q2,2012,Q2,2011-11-04,2011-09-30,20496000.0,107634000.0,31567000.0,0.35,71614000.0,0.6653473809391085,416726000.0,269059000.0,306246000.0,127921000.0,147667000.0,2791000.0,110077000.0,2845204000.0,2719429000.0,4.586441429155871,2.3940244369571846,0.0,0.0,0.07634347429642079,4.586441429155871,0.07617660067122824,26.43406358585577,34.70438134270101,10.574647196339836,0.4993657298985168,12.905768541741311,0.00359728160089751,0.2582848202415976,2.1914071966291697,0.04918339628436911,213.47569027611044,0.6653473809391085,0.07692307692307682,1.2463883462529728,1.625541138487785,1.579196676162349,0.0931098696461825,0.07970289206131802,0.09535375967243832,0.8588760675901327,0.737667218218346,0.8105909415734764,Health Information Services,Healthcare,NXGN
2012Q1,2012,Q1,2011-08-05,2011-06-30,18983000.0,100442000.0,28819000.0,0.325,65514000.0,0.6522570239541228,400283000.0,250532000.0,299332000.0,131559000.0,149751000.0,2145000.0,99877000.0,2547501416.724,2423447416.724,4.292724718138515,2.2752681306486062,0.0,0.0,0.07565525161424025,4.292724718138515,0.07577075982309645,25.362910104577765,33.54977370178581,10.168367381109,0.5352157193278196,16.283449883449883,0.003988221530830556,0.2509274688158128,2.0832554215219026,0.04742394755710335,133.3072431566719,0.6522570239541228,0.022349485258448824,1.266025856157804,1.5489411107105253,1.819320175054758,0.024584779956835882,0.023176844715140407,0.012578616352201259,0.6075847883128057,0.711854797048814,0.8577118787311796,Health Information Services,Healthcare,NXGN
2011Q4,2011,Q4,2011-05-27,2011-03-31,18553000.0,97108000.0,28461000.0,0.31789520578458585,63942000.0,0.6584627425134901,378686000.0,224670000.0,282394000.0,136636000.0,154016000.0,1933000.0,91121000.0,2431944423.276,2315327423.276,3.849593913848052,2.0667613220527534,0.0,0.0,0.08251800742814526,3.849593913848052,0.08257889348822718,25.043708276104955,32.77023154309276,10.824517840726399,0.46849566107907076,17.157785825142266,0.0035740948340798285,0.2564340905129844,1.8846350888492052,0.04899309718341845,1114.0377568831882,0.6584627425134901,0.05965068594861955,1.2236848723041178,1.4996024844388935,1.840477062645164,0.07389741694938028,0.058296731504192574,0.10395252317598232,0.551900431367517,0.7839929433304348,0.8597088403119784,Health Information Services,Healthcare,NXGN
2011Q3,2011,Q3,2011-02-02,2010-12-31,17531000.0,91871000.0,25781000.0,0.3,59542000.0,0.6481044072667109,353497000.0,211983000.0,259141000.0,117549000.0,141514000.0,1942000.0,82729000.0,2023243959.9999998,1905022959.9999998,3.6576540824073436,2.204535980739947,0.0,0.0,0.08252397497862028,3.6576540824073436,0.08270002783242053,22.022661775750777,28.85237522103702,9.544368935244806,0.4955222177856369,16.64727085478888,0.004293599868203734,0.25989188027055393,2.0537563058809516,0.04959306585345845,118.2768595814334,0.6481044072667109,0.30434782608695643,2.328311369093193,2.1393210930970237,1.2815389802312482,0.16000701357906835,0.3053611317944899,0.2381020986409259,0.4761332690249707,0.8038611159991,0.745604294260369,Health Information Services,Healthcare,NXGN
2011Q2,2011,Q2,2010-11-04,2010-09-30,13430000.0,81457000.0,20823000.0,0.23,51329000.0,0.6301361454509742,328448000.0,201456000.0,236688000.0,106409000.0,126992000.0,1483000.0,73892000.0,1918679792.1299999,1811827792.1299999,3.481181959564541,2.2243231305622646,0.0,0.0,0.06604932459397919,3.481181959564541,0.06666468112143595,23.554510872362105,35.71630290636634,9.524063776358112,0.6457185405807893,20.315576534052596,0.0045197745009722965,0.24800577260327358,2.0631243597815976,0.040889273187840997,240.31560522670338,0.6301361454509742,0.09523809523809533,1.106671190393237,1.5060385756504726,1.4110646081808877,0.005110832615336414,0.11065167052596758,0.09439217953434594,0.3094593740883813,0.7015371604939209,0.7428744026537797,Health Information Services,Healthcare,NXGN
2011Q1,2011,Q1,2010-08-03,2010-06-30,12092000.0,82927000.0,19027000.0,0.21,51068000.0,0.6158187321379044,319824000.0,194091000.0,229515000.0,105141000.0,125733000.0,1393000.0,69147000.0,1675679097.7919998,1582471097.7919998,3.3584406146179404,2.1829257853739263,0.0,0.0,0.0621243599756612,3.3584406146179404,0.06230067339546914,20.20667693021573,34.644374334105194,8.633471401517843,0.7165894806483626,22.87078248384781,0.0051710378266445235,0.259289484216319,2.0205248190525102,0.037808294562009105,90.63603947382084,0.6158187321379044,-0.0707970293239415,1.1623366010397744,1.7438667771017837,1.587795750591061,0.016986956088818082,-0.0741903376464283,-0.050596277630856744,0.430058251113696,0.8526440715975088,0.7644208845935078,Health Information Services,Healthcare,NXGN
2010Q4,2010,Q4,2010-06-01,2010-03-31,13061000.0,78513000.0,20041000.0,0.226000138427464,50215000.0,0.6395756116821418,310180000.0,188289000.0,220221000.0,101286000.0,121891000.0,1340000.0,65729000.0,1775370182.2080002,1690759182.2080002,3.258046096345515,2.1742491558556956,0.0,0.0,0.06895389432490077,3.258046096345515,0.06936677129306544,22.61243593045738,33.9822789642447,9.428963891719643,0.657836306561519,21.117910447761194,0.004839554075034799,0.2531207685859823,1.9961297711430996,0.042107808369333935,174.2780192606263,0.6395756116821418,-0.017390702489287008,1.474067054945446,1.7913867640133974,1.7239801957744907,0.07635093134417936,-0.006919099756690998,-0.03407557354925776,0.4420429761530412,0.6334076881048166,0.9377029738999889,Health Information Services,Healthcare,NXGN
2010Q3,2010,Q3,2010-02-02,2009-12-31,13152000.0,74962000.0,20748000.0,0.23,46653000.0,0.6223553266988607,268221000.0,173471000.0,205740000.0,88821000.0,94750000.0,1433000.0,61332000.0,1800287600.0,1721176600.0,3.025621795095406,2.3163441078123417,0.0,0.0,0.07516820563045151,3.025621795095406,0.07581670711531034,24.016002774739203,34.220795316301704,10.37803206299612,0.653360705596107,19.75505931612003,0.00477312624938371,0.27947848975285305,2.154242802940746,0.049034191953650164,133.94997023809523,0.6223553266988607,0.12195121951219524,1.8232945287565334,2.075137291760284,1.055598291506902,0.07527600433309517,0.11269035532994924,0.11470477623166604,0.4185994837293334,0.8317231877863973,0.5445572013695177,Health Information Services,Healthcare,NXGN
2010Q2,2010,Q2,2009-11-03,2009-09-30,11820000.0,71698000.0,18613000.0,0.205,43387000.0,0.6051354291612039,257622000.0,167673000.0,199674000.0,83839000.0,89949000.0,1245000.0,56778000.0,1760717290.0,1685288290.0,2.931653669965381,2.381636231348179,0.0,0.0,0.07027160621136161,2.931653669965381,0.07049435508400279,24.55741150380764,37.240213409475466,10.500899309966423,0.7240270727580372,22.73975903614458,0.004860519089921586,0.2783069768886198,2.213802645546822,0.04588117474439295,578.0424458305976,0.6051354291612039,0.13888888888888887,1.8505521867887862,2.0275644897470344,1.1736648357609174,0.06473778497631844,0.14247052000773247,0.1403627006494302,0.3287840380340705,0.7938973546303596,0.6486226888600022,Health Information Services,Healthcare,NXGN
2010Q1,2010,Q1,2009-08-03,2009-06-30,10346000.0,66638000.0,16322000.0,0.18,40749000.0,0.6114979441159699,246762000.0,161172000.0,183115000.0,78810000.0,85590000.0,1151000.0,53551000.0,1622904320.0,1545480320.0,2.8283728765969394,2.323499555893922,0.0,0.0,0.06366184112845036,2.8283728765969394,0.06419229146501874,24.354037035925447,39.215743282427994,10.069393691211873,0.8246665377923835,22.492615117289315,0.005257241535964363,0.2700496835007011,2.1688237533307957,0.041927039009247775,150.88362960208255,0.6114979441159699,-0.0967664670658683,1.7198528882499142,1.9432335334853847,1.2126661224160362,0.006396641145961966,-0.08893976752377598,-0.11720482449023743,0.2648811551112745,0.7319830567131529,0.8575821272381227,Health Information Services,Healthcare,NXGN
2009Q4,2009,Q4,2009-06-01,2009-03-31,11356000.0,65831000.0,18489000.0,0.19928400954653938,40490000.0,0.6150597742704804,242101000.0,155567000.0,178589000.0,79609000.0,86534000.0,1125000.0,51759000.0,1289263000.0,1219083000.0,2.7300119331742243,2.243326759537238,0.0,0.0,0.07346636165678089,2.7300119331742243,0.07299748661348486,19.584435904057358,28.382859281437124,8.287509561796526,0.7494716449454033,22.525333333333332,0.006601445942371728,0.2719154402501435,2.0833699707319524,0.046906043345545864,81.95162725654717,0.6150597742704804,-0.1335477845802636,2.252746475407819,2.115441211872673,1.2672457107177921,-0.04457396351966776,-0.136425855513308,-0.08261387317654063,0.39399660409171317,0.7354960325484404,1.0143777370994276,Health Information Services,Healthcare,NXGN
2009Q3,2009,Q3,2009-02-06,2008-12-31,13150000.0,65479000.0,20154000.0,0.23,42379000.0,0.6472151376777288,235194000.0,150729000.0,171525000.0,79409000.0,84465000.0,1253000.0,48932000.0,1236190743.3200002,1180762743.3200002,2.6592978122794637,2.160019645128386,0.0,0.0,0.08584555789650308,2.6592978122794637,0.08724266730357132,18.879193990745126,23.501725158174906,8.2014127561385,0.63893536121673,18.435754189944134,0.006796685742391989,0.278404210991777,1.9979851150373384,0.05591129025400308,124.64113161121196,0.6472151376777288,0.2432432432432433,3.419128242720459,2.1569829554981097,1.3614988598208386,0.12235493524722582,0.252500238117916,0.2491632577166233,1.5527693318999156,1.2878518319711432,0.6587931723619943,Health Information Services,Healthcare,NXGN
2009Q2,2009,Q2,2008-11-05,2008-09-30,10499000.0,58981000.0,16134000.0,0.185,37759000.0,0.640189213475526,225107000.0,141500000.0,177558000.0,79578000.0,83607000.0,1080000.0,44235000.0,1180321744.14,1112441744.14,2.5331185105621197,2.2312448164065444,0.0,0.0,0.07266654083037369,2.5331185105621197,0.07419787985865724,20.011897799969482,28.10557539146586,8.341496425017668,0.665682445947233,19.65,0.005921266836520316,0.262013175956323,2.0565482922415743,0.04664004229099939,-309.2275986743516,0.640189213475526,-0.07500000000000007,2.855426127076114,1.9562778322472252,1.3875713580514932,0.04894852348806845,-0.05533561274068742,-0.08464767956428004,0.7061657917168284,0.879853576996933,0.7544364127143173,Health Information Services,Healthcare,NXGN
2009Q1,2009,Q1,2008-08-11,2008-06-30,11114000.0,55224000.0,17626000.0,0.2,35997000.0,0.6518361581920904,211004000.0,126930000.0,160937000.0,80477000.0,84074000.0,1104000.0,42314000.0,804175200.0,742776200.0,2.3107591480065537,1.999788759521354,0.0,0.0,0.08574076875268083,2.3107591480065537,0.08756007248089498,14.56205997392438,18.089238797912543,6.33558024107776,0.6173294943314738,17.41576086956522,0.008531722937986647,0.26172015696384904,1.8355306485082694,0.05267198726090501,55.15604938271605,0.6518361581920904,-0.02364024173480263,3.376802031986892,2.0368963105457927,1.2817600054971896,0.0526669785939876,-0.012264486313544258,0.033055913726409564,1.090998295188054,0.9224411431564392,0.7805206016813983,Health Information Services,Healthcare,NXGN
2008Q4,2008,Q4,2008-06-12,2008-03-31,11252000.0,51232000.0,17062000.0,0.20484252685235754,34196000.0,0.667473454091193,187908000.0,113705000.0,150148000.0,70216000.0,74203000.0,1024000.0,38071000.0,820379550.0,761333550.0,2.0699981795011833,2.138373020394212,0.0,0.0,0.09577505737331633,2.0699981795011833,0.09895782947099951,16.01302994222361,18.227416237113403,7.214982190756784,0.6079808034127266,16.63671875,0.008338823170324028,0.27264405985907997,1.9672296912384641,0.05988036698810056,87.15388823966855,0.667473454091193,0.024212634261787658,4.723042259012889,2.048844258718447,1.1450325106664903,0.07056539978711414,0.003388621366149456,0.08089958821666139,1.2424506049577224,0.9163634458500879,0.7306796403449343,Health Information Services,Healthcare,NXGN
2008Q3,2008,Q3,2008-02-07,2007-12-31,11214000.0,48090000.0,15785000.0,0.2,31942000.0,0.6642129340819297,179543000.0,114666000.0,160256000.0,61929000.0,64877000.0,1333000.0,40521000.0,834267380.0,804254380.0,2.0953512170163,2.5877375704435726,0.0,0.0,0.08847586607078016,2.0953512170163,0.09779708021558264,17.34804283634851,18.598791243088996,7.275629916453002,0.6094168004280364,12.11402850712678,0.008191618375394229,0.2678466996764006,2.443427150446479,0.06245857538305587,75.57454298396594,0.6642129340819297,0.142857142857143,4.122980776259045,1.952129664315474,1.223888525925613,0.05172697639195285,0.15942928039702234,0.08899620558813384,1.5220828324934788,1.0668669929014696,0.42357527592763666,Health Information Services,Healthcare,NXGN
2008Q2,2008,Q2,2007-11-05,2007-09-30,9672000.0,45146000.0,14495000.0,0.175,30371000.0,0.672728480928543,169782000.0,109005000.0,150512000.0,57663000.0,60777000.0,1369000.0,36141000.0,1012893385.4260001,985973385.4260001,1.9973797046212483,2.6102006485961535,0.0,0.0,0.08494977112838314,1.9973797046212483,0.0887298747763864,22.435949705976167,26.18107385819893,9.292173619797257,0.0,10.792549306062819,0.0,0.26590569082706056,2.450340773112741,0.05696716966462876,134.282564685934,0.672728480928543,0.20689655172413793,4.063635759718496,2.1104175635152664,1.2399638675567664,0.10480174608948709,0.2181360201511335,0.20320411720760356,1.4445137930835485,0.9978842499797809,0.48095052020554824,Health Information Services,Healthcare,NXGN
2008Q1,2008,Q1,2007-08-08,2007-06-30,7940000.0,42032000.0,12047000.0,0.145,27490000.0,0.6540255043776171,164982000.0,103295000.0,146413000.0,58634000.0,61687000.0,1142000.0,33249000.0,1030278034.268,959777034.268,1.9034237488022407,2.497066548419006,0.0,0.0,0.07242448450113421,1.9034237488022407,0.07686722493828356,24.511753765416824,32.439484706171285,9.97413267116511,0.0,12.733800350262698,0.0,0.25476718672340015,2.3416788893815874,0.04812646228073365,137.88517589239828,0.6540255043776171,-0.07479600235155802,3.3954458266481384,2.0741908490847485,1.2290039863230133,-0.09390553413098651,-0.06643151087595532,-0.0826924541232011,1.1918082528583092,0.9493595015607807,0.4890686021017993,Health Information Services,Healthcare,NXGN
2007Q4,2007,Q4,2007-06-08,2007-03-31,8505000.0,45136000.0,13133000.0,0.15672219355789785,30339000.0,0.6721685572492024,150681000.0,91246000.0,133098000.0,56482000.0,59435000.0,1175000.0,25309000.0,1085360000.0,1025332000.0,1.681396034495467,2.3564675471831733,0.0,0.0,0.08732495518277832,1.681396034495467,0.0932095653508099,24.04643743353421,31.903586125808346,11.8948775836749,0.0,12.593191489361702,0.0,0.2995467245372675,2.1949116532700685,0.0564437453959026,274.9138804457953,0.6721685572492024,-0.020486290263138467,4.127639458081845,2.39330624934825,1.0507573905876297,0.17597581301600837,-0.02476780185758514,0.04188813962713209,1.5580454943354822,1.242958778586409,0.39638142269778454,Health Information Services,Healthcare,NXGN
2007Q3,2007,Q3,2007-02-09,2006-12-31,8721000.0,38496000.0,12605000.0,0.16,25799000.0,0.6701735245220283,163299000.0,105647000.0,147368000.0,54845000.0,57652000.0,1311000.0,43878000.0,,,,,,,,,,,,,,,,,,,,,,,,,,,,,,,Health Information Services,Healthcare,NXGN
2007Q2,2007,Q2,2006-11-03,2006-09-30,8337000.0,37459000.0,13041000.0,0.15,25626000.0,0.6841079580341173,151050000.0,95321000.0,135523000.0,52300000.0,55729000.0,856000.0,35157000.0,,,,,,,,,,,,,,,,,,,,,,,,,,,,,,,Health Information Services,Healthcare,NXGN
2007Q1,2007,Q1,2006-08-04,2006-06-30,7669000.0,36074000.0,12099000.0,0.14,24617000.0,0.6824028386095249,135061000.0,81350000.0,120415000.0,50178000.0,53711000.0,852000.0,26820000.0,,,,,,,,,,,,,,,,,,,,,,,,,,,,,,,Health Information Services,Healthcare,NXGN
