Quarters,Year,Quarter,FillingDate,Date,NetIncome,Revenue,OperatingIncome,EPSDiluted,GrossProfit,GrossProfitRatio,TotalAssets,CommonStockEquity,CurrentAssets,CurrentLiability,TotalLiability,Inventory,RetainedEarnings,MarketCap,EnterpriseValue,bookValuePerShare,currentRatio,debtToAssets,debtToEquity,roic,shareholdersEquityPerShare,roe,priceToSalesRatio,peRatio,pbRatio,payoutRatio,inventoryTurnover,dividendYield,assetTurnover,quickRatio,returnOnAssets,priceToFreeCashFlowsRatio,grossProfitMargin,epsdilutedGrowth,fiveYNetIncomeGrowthPerShare,fiveYRevenueGrowthPerShare,fiveYShareholdersEquityGrowthPerShare,grossProfitGrowth,netIncomeGrowth,operatingIncomeGrowth,threeYNetIncomeGrowthPerShare,threeYRevenueGrowthPerShare,threeYShareholdersEquityGrowthPerShare,Industry,Sector,Symbol
2023Q1,2023,Q1,2023-05-04,2023-03-31,33349000.0,411771000.0,49024000.0,2.79,112507000.0,0.2732271092,1429212000.0,822348000.0,845416000.0,204248000.0,606864000.0,362593000.0,757917000.0,2191319840.0,2453266840.0,69.11068156987982,4.139164153382163,0.25977041894414543,0.4514718829497974,0.030800820614497182,69.11068156987982,0.04055339102180586,5.321695408370187,16.427178026327624,2.6647110955459246,0.07841314582146391,0.8253441186123284,0.001193344737845298,0.28811051124675696,2.3150532685754572,0.023333837107441024,-281.1907917361735,0.2732271092427587,0.14344262295081972,1.2305298607562472,0.6869110227395058,0.7198317480091965,0.15043713891303237,0.14345962626435796,0.1476461361987031,1.122760896181016,0.2943171500425224,0.4503884233539371,Farm & Heavy Construction Machinery,Industrials,ALG
2022Q4,2022,Q4,2023-02-23,2022-12-31,29165000.0,386604000.0,42717000.0,2.44,97795000.0,0.2529591003,1308508000.0,785360000.0,727210000.0,190506000.0,523148000.0,352553000.0,727183000.0,1682774400.0,1937710400.0,66.08549309996634,3.8172550995769163,0.23076053031391477,0.38447590913721097,0.029822340292483762,66.08549309996634,0.03713583579504941,4.3527081975354625,14.424604834561976,2.142679026179077,0.07330704611692097,0.8191931425913267,0.0012705208731485338,0.29545405912688344,1.9138347348639937,0.022288744126898727,60.30584862385321,0.25295910026797447,0.12962962962962954,7.780367627809567,0.5502129840562141,0.705743464856582,0.05878850213825583,0.12950699043414277,0.19188058035714287,2.0122721987011567,0.27269684790604815,0.3621737529613585,Farm & Heavy Construction Machinery,Industrials,ALG
2022Q3,2022,Q3,2022-11-03,2022-09-30,25821000.0,368793000.0,35840000.0,2.16,92365000.0,0.2504521507,1327791000.0,737031000.0,750625000.0,192934000.0,590760000.0,362713000.0,700156000.0,1452934410.0,1741099410.0,62.02398384246403,3.8905791617858956,0.27374262967590535,0.4931583610458719,0.02501755239782508,62.02398384246403,0.03503380454824831,3.939701702581123,14.067371616126408,1.9713341908277942,0.08283954920413616,0.762112193387058,0.0014721930909462045,0.2777492843376706,1.9720163371930297,0.019446584590496547,106.23971994735302,0.2504521506644649,-0.09623430962343095,0.5173359432382801,0.49539623900873647,0.6094538476499927,-0.07372865208540169,-0.09310901938746839,-0.12405904780525956,0.46559040204515556,0.34129628728964584,0.32230308969256505,Farm & Heavy Construction Machinery,Industrials,ALG
2022Q2,2022,Q2,2022-08-03,2022-06-30,28472000.0,396214000.0,40916000.0,2.39,99717000.0,0.2516746001,1332376000.0,736442000.0,748303000.0,189616000.0,595934000.0,352915000.0,676474000.0,1383188400.0,1678458400.0,61.99006734006734,3.946412749978905,0.2785730154250752,0.5039962413876449,0.02793495174744867,61.99006734006734,0.03866156465818082,3.4910134422307135,12.145163669570106,1.878204121981093,0.07512644001123911,0.84013714350481,0.0015464270810830974,0.2973740145424415,2.0266907855877143,0.021369343188409277,1398.5726996966632,0.25167460008985043,0.5419354838709678,1.2469893806529078,0.8056790333424835,0.6925530609886185,0.1509216190948858,0.5415268002165674,0.4051306706961091,0.35979670578789946,0.37130817288573964,0.3390801014487532,Farm & Heavy Construction Machinery,Industrials,ALG
2022Q1,2022,Q1,2022-05-05,2022-03-31,18470000.0,362005000.0,29119000.0,1.55,86641000.0,0.2393364733,1338015000.0,727180000.0,749263000.0,198516000.0,610835000.0,355389000.0,650141000.0,1705349400.0,1993928400.0,61.31365935919056,3.7743204577968528,0.27866354263591964,0.5127423746527682,0.01972006350342041,61.31365935919056,0.025399488434775432,4.710844877833179,23.08269355711965,2.345154432190104,0.11548456957227937,0.7748242067143327,0.0012507700767948199,0.2705537680818227,1.9209685869149087,0.013804030597564302,-28.737161923057478,0.23933647325313187,-0.04320987654320991,0.4683778905454462,0.6257190635207984,0.7460092444164519,0.035731363266867495,-0.039371716856503876,0.061807176196032675,0.19436908383599436,0.3631687511977161,0.3753963442479754,Farm & Heavy Construction Machinery,Industrials,ALG
2021Q4,2021,Q4,2022-02-24,2021-12-31,19227000.0,337173000.0,27424000.0,1.62,83652000.0,0.2480981573,1205742000.0,705663000.0,612168000.0,192564000.0,500079000.0,320917000.0,633804000.0,1743052740.0,1975146740.0,59.58481803597061,3.1790365800461147,0.22741929865593136,0.388583502323347,0.021407310460652633,59.58481803597061,0.027246716917282046,5.169609488304224,22.664127789046653,2.4700922961810385,0.08623290164872315,0.7899893118781491,0.0009512047237308493,0.27963942534970165,1.4631551068735589,0.0159461974452246,-396.2384041827688,0.2480981573257645,0.10204081632653071,1.4534221808424763,0.5884829430479104,0.7622624450784333,-0.030638731806804487,0.09749414920942977,-0.08717504909629531,0.14434121403103992,0.3002072530744262,0.3732067408160979,Farm & Heavy Construction Machinery,Industrials,ALG
2021Q3,2021,Q3,2021-11-03,2021-09-30,17519000.0,338311000.0,30043000.0,1.47,86296000.0,0.2550789066864512,1217778000.0,691662000.0,635783000.0,195726000.0,526116000.0,294270000.0,616235000.0,1652314260.0,1857399260.0,58.4075325114001,3.248331851670192,0.24164831356782598,0.4254592561106436,0.019259653958351622,58.4075325114001,0.025328845592211224,4.884009860749429,23.578889491409328,2.388904204654875,0.09464010502882585,0.8564073809766541,0.0010034410766387744,0.27781007704195676,1.71041149361863,0.014386037520796072,57.53183356545961,0.2550789066864512,-0.3287671232876712,0.28089082560758055,0.5103740528287827,0.7272843510478152,-0.02092126162922623,-0.3271498252486846,-0.1055969038404287,-0.2654864499841866,0.29649178880668636,0.3739920295069265,Farm & Heavy Construction Machinery,Industrials,ALG
2021Q2,2021,Q2,2021-08-04,2021-06-30,26037000.0,347550000.0,33590000.0,2.19,88140000.0,0.25360379801467414,1208826000.0,671881000.0,622520000.0,184615000.0,536945000.0,264540000.0,591014000.0,1808036560.0,2037385560.0,56.73712210775207,3.3719903583132464,0.26056603679934087,0.4688017669795693,0.02584812731967417,56.73712210775207,0.03875239811811913,5.202234383541937,17.360261934938745,2.691007127750301,0.06364020432461497,0.9806078475844863,0.0009164637688521077,0.28751036129269225,1.8894239362998673,0.021539080066113735,149.21486836675746,0.25360379801467414,0.4897959183673469,1.377726395713094,0.5850632913800268,0.7224507059753246,0.15327244654960354,0.49106631542778606,0.32046544539665067,0.3648312336391651,0.3299900972921952,0.39341369383624974,Farm & Heavy Construction Machinery,Industrials,ALG
2021Q1,2021,Q1,2021-05-06,2021-03-31,17462000.0,311189000.0,25438000.0,1.47,76426000.0,0.24559351390955336,1206153000.0,641881000.0,611833000.0,172407000.0,564272000.0,250250000.0,566634000.0,1845693000.0,2094111000.0,54.30465313028765,3.5487712215861307,0.2932322847930569,0.5510102339841809,0.019842438896770297,54.30465313028765,0.027204419510781595,5.931099749669815,26.424421601191156,2.8754442022742537,0.09471996334898637,0.9381138861138861,0.0008961403657054558,0.258001265179459,2.043345107797247,0.01447743362575063,-152.8144560357675,0.24559351390955336,1.1617647058823528,0.9430964603791445,0.4212471014993674,0.6606495032646297,0.1456625043097633,1.1611386138613862,0.6176788553259142,0.17574244771715156,0.2833752036652955,0.3513810658003919,Farm & Heavy Construction Machinery,Industrials,ALG
2020Q4,2020,Q4,2021-02-26,2020-12-31,8080000.0,288624000.0,15725000.0,0.68,66709000.0,0.23112769554853374,1109329000.0,625643000.0,503010000.0,157295000.0,483686000.0,229971000.0,550826000.0,1625326899.9999998,1860517899.9999998,53.10159565438805,3.197876601290569,0.2572600193450275,0.4561483146139252,0.011690399952184353,53.10159565438805,0.01291471334291281,5.631295041299406,50.28857982673267,2.5978503715377617,0.18985148514851485,0.9649694961538628,0.0009438101344412623,0.2601789009392164,1.6889093741059793,0.007283682298037823,35.76391541609822,0.23112769554853374,-0.5976331360946745,-0.3143285975378668,0.2423648615978529,0.6767110673545985,-0.1516735337504451,-0.596665501921829,-0.491478834524464,1.453610969652389,0.16735001406027353,0.3706139655175732,Farm & Heavy Construction Machinery,Industrials,ALG
2020Q3,2020,Q3,2020-10-28,2020-09-30,20033000.0,291759000.0,30923000.0,1.69,78636000.0,0.2695238193166278,1173459000.0,605213000.0,567155000.0,157680000.0,568246000.0,243529000.0,544280000.0,1273457640.0,1554031640.0,51.34144893111639,3.5968734145104007,0.3187917089561715,0.6181113095720019,0.023053097726777966,51.34144893111639,0.03310074304418444,4.364758722095976,15.891998702141466,2.1041478619923897,0.07642390056406928,0.8751442333356603,0.0012022386547541543,0.24863160962590086,2.007623033992897,0.017071751122109933,17.013916737922187,0.2695238193166278,0.5363636363636362,0.3106281130182515,0.2160784422840773,0.6500019453151779,0.15939550313306303,0.5423050273308184,0.36459114778694673,0.1866991982922993,0.19256990781467015,0.3322538703090854,Farm & Heavy Construction Machinery,Industrials,ALG
2020Q2,2020,Q2,2020-07-30,2020-06-30,12989000.0,268635000.0,22661000.0,1.1,67825000.0,0.252480131032814,1189688000.0,577151000.0,572113000.0,133723000.0,612537000.0,248706000.0,525778000.0,1208893920.0,1565686920.0,49.002462217694,4.278344039544431,0.3688319962881024,0.7602776396471634,0.016330375164608987,49.002462217694,0.022505375542968824,4.500135574292255,23.267648009854494,2.094588625853546,0.11786896604819462,0.807419201788457,0.001266446935228196,0.2258028995837564,2.3614636225630594,0.01091798858188029,25.20156601138235,0.252480131032814,-0.16030534351145034,0.28930990575911825,0.2001757074088914,0.5989673699263355,-0.1408031416265518,-0.16351107676455434,-0.05009221998658618,0.033959796508217885,0.23486142557014447,0.33794446403075984,Farm & Heavy Construction Machinery,Industrials,ALG
2020Q1,2020,Q1,2020-05-07,2020-03-31,15528000.0,314448000.0,23856000.0,1.31,78940000.0,0.25104309774589123,1249876000.0,560409000.0,623967000.0,162719000.0,689467000.0,273648000.0,514320000.0,1044141580.0,1449971580.0,47.64977467902389,3.8346290230397186,0.3922429104967213,0.8748164287154561,0.01675853635327454,47.64977467902389,0.027708334448590225,3.3205540502722233,16.81062564399794,1.8631777505357694,0.09840288511076764,0.8606238671578086,0.0014634030760464496,0.25158335706902124,2.089958763266736,0.012423632424336493,-578.7924501108647,0.25104309774589123,0.6172839506172839,1.023771935774934,0.45135055457174655,0.6231977120145848,0.15958634467360008,0.6229096989966555,0.30803816207917534,0.2448783173225415,0.4240334971727461,0.35690722024187826,Farm & Heavy Construction Machinery,Industrials,ALG
2019Q4,2019,Q4,2020-02-28,2019-12-31,9568000.0,300189000.0,18238000.0,0.81,68076000.0,0.22677713040784306,1212763000.0,569757000.0,570828000.0,162874000.0,643006000.0,267674000.0,500320000.0,1474459200.0,1876129200.0,48.514730926430516,3.5047214411139898,0.3660904892382106,0.7792462400637464,0.0135252906802305,48.514730926430516,0.016793124086233253,4.911769585161348,38.525794314381265,2.587873777768417,0.14726170568561872,0.8671480980595799,0.0009556046040473687,0.24752486677116634,1.7992742856441175,0.00788942274789056,45.148484291750876,0.22677713040784306,-0.44897959183673464,-0.14767619412950686,0.32968935929267246,0.7061404026160523,-0.009227186726822878,-0.45068320128602596,-0.2542220404825189,0.23119718643663667,0.4261664856838122,0.43485691763161965,Farm & Heavy Construction Machinery,Industrials,ALG
2019Q3,2019,Q3,2019-10-31,2019-09-30,17418000.0,271829000.0,24455000.0,1.47,68710000.0,0.2527692041687973,856393000.0,551052000.0,524477000.0,120163000.0,305341000.0,206516000.0,492161000.0,1382974560.0,1473000560.0,46.906026557711954,4.364712931601241,0.1755093747847075,0.2727601024948644,0.02614535149544944,46.906026557711954,0.031608632216197384,5.087663788631824,19.849789872545642,2.509698830600379,0.0808933287403835,0.9835509113095353,0.0010188184517291483,0.31741151550748314,2.5814102510756225,0.020338793054123516,38.15523257738785,0.2527692041687973,-0.16,0.3365568843674828,0.1957404227200867,0.6748975298711243,-0.06047885359550408,-0.15720714182029322,-0.16675184844458074,0.28369605783095053,0.22327838974780906,0.3871506321064911,Farm & Heavy Construction Machinery,Industrials,ALG
2019Q2,2019,Q2,2019-07-31,2019-06-30,20667000.0,285186000.0,29349000.0,1.75,73133000.0,0.2564396569256555,866579000.0,542832000.0,536104000.0,117155000.0,323747000.0,205910000.0,476152000.0,1177407660.0,1295580660.0,46.29302404912161,4.5760232171055435,0.19197672687660328,0.30647235240369025,0.03114270411604283,46.29302404912161,0.038072552834026,4.128560518398519,14.242604877340689,2.1690093067468386,0.06793438815502975,1.0298334223689962,0.00119245020029851,0.32909405836051875,2.7613332764286627,0.023848950874646165,45.075137245894105,0.2564396569256555,0.3461538461538461,1.3187477027806473,0.4257559922386227,0.5136421088085459,0.1551936564099324,0.35494656788828427,0.29828364151110326,0.9060028351067094,0.3135078847748677,0.4053841469736365,Farm & Heavy Construction Machinery,Industrials,ALG
2019Q1,2019,Q1,2019-05-01,2019-03-31,15253000.0,261934000.0,22606000.0,1.3,63308000.0,0.2416944726534165,852253000.0,521484000.0,531987000.0,114894000.0,330769000.0,211355000.0,456889000.0,1161962340.0,1303307340.0,44.57890237647461,4.6302417880829285,0.21163668535047692,0.3458744659471815,0.023449258902391617,44.57890237647461,0.029249219535019293,4.4360882512388615,19.04481642955484,2.228184067008767,0.09204746607224808,0.9397743133590405,0.0012083007784916679,0.3073430072994756,2.7305690462513272,0.01789726759542061,-30.86631265772347,0.2416944726534165,-0.07801418439716304,1.1768865249329268,0.5800120332504277,0.5107720465363289,0.010793204751564695,-0.08053529447224064,-0.08448080349910903,0.7149896623637757,0.20876837657735764,0.36323367925695926,Farm & Heavy Construction Machinery,Industrials,ALG
2018Q4,2018,Q4,2019-03-01,2018-12-31,16589000.0,256038000.0,24692000.0,1.41,62632000.0,0.24461993922777087,721633000.0,507371000.0,452843000.0,100852000.0,214262000.0,176630000.0,443040000.0,904102759.9999999,955357759.9999999,43.391003164286325,4.490173719906397,0.11820135719957374,0.16811761019057062,0.030649099390173098,43.391003164286325,0.03269599563238734,3.5311272545481525,13.625034058713604,1.7819362162993153,0.07752124902043522,1.0949782030232689,0.0014224046832906473,0.3548036190140972,2.685975488835125,0.02298813940049859,643.489508896797,0.24461993922777087,-0.29500000000000004,1.8449604188792312,0.5972465756273088,0.4956224394007355,-0.06200203678188462,-0.2953744212717156,-0.12591596162696025,0.41846280327365487,0.11048887768683065,0.3700939554189318,Farm & Heavy Construction Machinery,Industrials,ALG
2018Q3,2018,Q3,2018-10-31,2018-09-30,23543000.0,257572000.0,28249000.0,2.0,66772000.0,0.2592362523876819,734773000.0,496892000.0,471308000.0,110430000.0,237881000.0,184018000.0,427737000.0,1051425550.0,1103734550.0,42.50936778167508,4.267934438105587,0.1377146411204549,0.20364385017267334,0.0416713594049816,42.50936778167508,0.047380517295508885,4.082064626589847,11.164948710869474,2.1160041819952826,0.054580979484347786,1.036855090262909,0.0012221502511518766,0.3505463592157034,2.5461197138458753,0.03204118823092302,45.030859994004025,0.2592362523876819,0.24999999999999994,1.1449187344438632,0.521966937972426,0.5080748613518457,0.004785264995335119,0.25422193809599913,0.054618084073769876,0.5533097185457542,0.08267659063997852,0.3661581625401367,Farm & Heavy Construction Machinery,Industrials,ALG
2018Q2,2018,Q2,2018-08-01,2018-06-30,18771000.0,257125000.0,26786000.0,1.6,66454000.0,0.2584501701507049,725379000.0,474447000.0,468680000.0,100651000.0,250932000.0,174836000.0,405479000.0,1052874720.0,1128289720.0,40.71807415036045,4.656486274353956,0.16407560737214616,0.2508541523078447,0.03347937878944681,40.71807415036045,0.039563955510309896,4.094797160913952,14.022624260827872,2.2191619295727447,0.06803047253742475,1.0905705918689514,0.0012128698464713827,0.35446987023335386,2.8521624226286875,0.025877506793000625,-382.5852906976744,0.2584501701507049,0.29032258064516137,0.6460931097876425,0.4925828613923344,0.5212596862826604,0.1028428232404534,0.2871837070561613,0.2539675108843219,0.8833892459067859,0.16117483504713054,0.3286449085645805,Farm & Heavy Construction Machinery,Industrials,ALG
2018Q1,2018,Q1,2018-05-03,2018-03-31,14583000.0,238087000.0,21361000.0,1.24,60257000.0,0.253088156850227,745894000.0,466382000.0,487924000.0,100946000.0,279512000.0,168211000.0,387985000.0,1275499400.0,1346924400.0,40.184559710494575,4.833514948586373,0.1974476266064615,0.3157819126810211,0.025393932982702358,40.184559710494575,0.031268359413527964,5.357282841986333,21.866203798943975,2.734881277579323,0.08749914283755057,1.0571841318344222,0.0010003924737244094,0.3191968295763205,3.0898004873892972,0.019551035401813126,-35.63743399178564,0.253088156850227,3.428571428571428,1.170590230555518,0.5545932389198746,0.5485662779142927,-0.010736976900724006,3.5009259259259258,0.023575638506876228,0.9259925651006807,0.11357853981846806,0.36889388921081995,Farm & Heavy Construction Machinery,Industrials,ALG
2017Q4,2017,Q4,2018-03-01,2017-12-31,3240000.0,243260000.0,20869000.0,0.28,60911000.0,0.25039463948039137,639671000.0,449108000.0,392527000.0,101363000.0,190563000.0,155568000.0,374678000.0,1308389040.0,1343098040.0,38.742926155969634,3.8724879887138304,0.09392640904464951,0.1337807387087293,0.006394608102781935,38.742926155969634,0.007214300346464548,5.378562196826441,100.95594444444446,2.9133060199328447,0.35771604938271606,1.172149799444616,0.0008858221557710388,0.38028924243869117,2.2850843009776742,0.005065103779911861,52.089698224380925,0.25039463948039137,-0.8028169014084506,-0.20795249978181737,0.6713236913972184,0.48573277018583716,-0.062027441137067096,-0.804725168756027,-0.24417804498207235,-0.7075940992968032,0.09165093678807093,0.3624907397818562,Farm & Heavy Construction Machinery,Industrials,ALG
2017Q3,2017,Q3,2017-10-31,2017-09-30,16592000.0,240455000.0,27611000.0,1.42,64939000.0,0.2700671643342829,686569000.0,446493000.0,438162000.0,97755000.0,240076000.0,159571000.0,372597000.0,1243988820.0,1301196820.0,38.53728638011393,4.48224643240755,0.18392324733566473,0.2828174237893987,0.03214002969042641,38.53728638011393,0.037160716965327564,5.173478696637624,18.743804544358728,2.7861328621053407,0.06979267116682739,1.0999241716853312,0.0009308765331186819,0.35022699830606974,2.7939338141271546,0.02416654407641475,47.7685592504416,0.2700671643342829,0.33962264150943383,0.9878678952530927,0.5827598694732581,0.5038417171789072,0.18764059328078422,0.34719064631373825,0.36979709282135237,0.29097643158430453,0.07251987648421115,0.37607063532813256,Farm & Heavy Construction Machinery,Industrials,ALG
2017Q2,2017,Q2,2017-08-02,2017-06-30,12316000.0,213276000.0,20157000.0,1.06,54679000.0,0.25637671374181814,680864000.0,422911000.0,437990000.0,95448000.0,257953000.0,153150000.0,357163000.0,1048583070.0,1120043070.0,36.62518403048411,4.58878132595759,0.21457589180805564,0.34545566324829574,0.024140538577764662,36.62518403048411,0.029121966560340117,4.916554464637371,21.28497625040598,2.479441466407826,0.09345566742448846,1.0355664381325498,0.0010976717371566948,0.3132431733797058,2.9267559299304335,0.01808878131315505,106.41192104729043,0.25637671374181814,0.009523809523809532,0.3565328894061316,0.3143032706533952,0.4886829825336405,0.009508160401742856,0.012246239829045779,0.002785931048206557,0.4032222470398187,0.08277872678095535,0.19753293136733283,Farm & Heavy Construction Machinery,Industrials,ALG
2017Q1,2017,Q1,2017-05-04,2017-03-31,12167000.0,215389000.0,20101000.0,1.05,54164000.0,0.2514705950628862,635139000.0,402856000.0,413560000.0,89108000.0,232283000.0,141408000.0,346009000.0,874051680.0,930942680.0,35.116457461645744,4.641109664676573,0.20082690560648928,0.31662182020374524,0.02473419517296473,35.116457461645744,0.030201858728677245,4.058014476133879,17.959473987014054,2.1696379847886096,0.0941892002958823,1.1401405861054537,0.001311135286645751,0.3391210427953566,2.998036091035597,0.019156436622534596,-236.2301837837838,0.2514705950628862,0.6153846153846154,0.855901768196109,0.42977629481100726,0.4519553811939153,0.12999394988838586,0.6034528202424881,0.6371558885812022,0.770665426890389,0.3248433130745503,0.19009126466141618,Farm & Heavy Construction Machinery,Industrials,ALG
2016Q4,2016,Q4,2017-03-07,2016-12-31,7588000.0,205522000.0,12278000.0,0.65,47933000.0,0.2332256400774613,552776000.0,387717000.0,327618000.0,78700000.0,165059000.0,135760000.0,334988000.0,872638699.9999999,925935699.9999999,33.81154617598326,4.16287166454892,0.12679638768687498,0.18077618469141152,0.01805231966966124,33.81154617598326,0.01957097573745799,4.245962476036628,28.750616104375325,2.250710440862794,0.136004217185029,1.1607911019446082,0.0011826200236134384,0.37179978870283803,2.3778017789072425,0.013727079323270185,34.89438179782469,0.2332256400774613,-0.4298245614035087,0.055750865107439096,0.4459327769502783,0.44933862784009676,-0.12388733527078649,-0.4267150196433968,-0.41566723776889397,0.32696503888808015,0.3073804737205036,0.16543300416839843,Farm & Heavy Construction Machinery,Industrials,ALG
2016Q3,2016,Q3,2016-11-04,2016-09-30,13236000.0,216766000.0,21012000.0,1.14,54711000.0,0.25239659356172095,624882000.0,387516000.0,392695000.0,84593000.0,237366000.0,154604000.0,328432000.0,755099400.0,834004400.0,33.81465968586387,4.642168973792158,0.21666490633431593,0.3493791224104295,0.026893001831747317,33.81465968586387,0.03415600904220729,3.4834771135694713,14.262228014505894,1.9485631561019416,0.07789362345119372,1.048194095883677,0.001365383153529191,0.3468910930383656,2.7602993155462037,0.02118159908590742,17.928613149084693,0.25239659356172095,0.25274725274725257,0.36182623382357226,0.44640524751687033,0.4604399451262427,0.04854536394649086,0.2531717477750426,0.16468045008591542,0.2299813868871103,0.30644301934402424,0.19961883411970957,Farm & Heavy Construction Machinery,Industrials,ALG
2016Q2,2016,Q2,2016-08-05,2016-06-30,10562000.0,211489000.0,18041000.0,0.91,52178000.0,0.24671732335960736,645328000.0,376238000.0,408272000.0,91153000.0,269090000.0,159840000.0,316227000.0,753509340.0,873751340.0,32.939765365084924,4.478974910315623,0.25601554558302136,0.43912098193164967,0.020927361854142543,32.939765365084924,0.02807265613787018,3.562877218200474,17.835384870289715,2.0027465062008623,0.09714069305055861,0.9966904404404404,0.0013616287755636844,0.32772326630798604,2.6713766963237635,0.016366870800585128,136.65385201305767,0.24671732335960736,0.21333333333333337,0.22875823836534145,0.3637345181725773,0.42882810972029595,0.037810529665652286,0.21977133618200717,0.10755724722205169,-0.055131282654320136,0.252391898692903,0.23065587386258893,Farm & Heavy Construction Machinery,Industrials,ALG
2016Q1,2016,Q1,2016-05-06,2016-03-31,8659000.0,210971000.0,16289000.0,0.75,50277000.0,0.2383123746865683,646352000.0,372430000.0,408412000.0,86414000.0,273922000.0,156572000.0,306691000.0,634481190.0,757906190.0,32.70085169900781,4.726224917258778,0.26777823848305565,0.46472894235158285,0.018051509034222108,32.70085169900781,0.02325000671267084,3.0074332017196674,18.318546887631367,1.703625352415219,0.11837394618316203,1.0263265462534807,0.0016154931243903383,0.32640264128524393,2.854930913972273,0.013396725004332005,-92.67911042944785,0.2383123746865683,-0.24242424242424243,0.5874026282918315,0.5575963989362842,0.47266037118542575,0.031598169768348484,-0.23937104708362614,0.1315734630079889,0.3133959752910641,0.403785740361894,0.26017148290254477,Farm & Heavy Construction Machinery,Industrials,ALG
2015Q4,2015,Q4,2016-03-04,2015-12-31,11384000.0,224431000.0,14395000.0,0.99,48737000.0,0.21715805748760197,603503000.0,360469000.0,362886000.0,85024000.0,243034000.0,150758000.0,299057000.0,593002200.0,710163200.0,31.670093129502725,4.268041964621754,0.23874446357350337,0.39970982248126746,0.018545565330146355,31.670093129502725,0.031581079094180085,2.6422472831293358,13.022711700632465,1.6450851529535133,0.07984891075193254,1.1654041576566418,0.0015328779555961174,0.37188050432226516,2.43128998870907,0.018863203662616426,45.99412084076631,0.21715805748760197,-0.22656250000000003,1.8713621555597342,0.7936999625049839,0.4733358495293417,-0.15253264706393782,-0.2285172133369477,-0.38926601612218925,1.8342678840662463,0.5704080137476926,0.2145002937546422,Farm & Heavy Construction Machinery,Industrials,ALG
2015Q3,2015,Q3,2015-11-06,2015-09-30,14756000.0,231614000.0,23570000.0,1.28,57509000.0,0.24829673508509847,644922000.0,354100000.0,404207000.0,100271000.0,290822000.0,174423000.0,288582000.0,532015000.0,664836000.0,31.115992970123024,4.031145595436367,0.27209181885561357,0.49556057610844395,0.02877651527204041,31.115992970123024,0.04167184411183281,2.296989819268265,9.013536866359447,1.5024428127647556,0.0617375982651125,0.9981768459434822,0.0017123577342744096,0.359134903135573,2.1800620318935686,0.022880286298188,13.982732338099243,0.24829673508509847,0.523809523809524,0.87785122968937,0.815773498350013,0.4718919553632099,0.13508339090101648,0.5196704428424305,0.4341344691207788,0.7999012947885656,0.5521628589067189,0.21424035512949555,Farm & Heavy Construction Machinery,Industrials,ALG
2015Q2,2015,Q2,2015-08-07,2015-06-30,9710000.0,215734000.0,16435000.0,0.84,50665000.0,0.2348493978695987,665237000.0,347897000.0,417452000.0,98054000.0,317340000.0,175440000.0,274737000.0,620273280.0,789293280.0,30.646317829457363,4.257368388846962,0.3059691508439849,0.5850639700830993,0.019143541679074443,30.646317829457363,0.0279105597346341,2.8751762819027133,15.969960865087538,1.7829221867391787,0.09320288362512873,0.9408857729138167,0.0014590343146814256,0.3242964537450563,2.3458502457829358,0.01459630176914393,664.1041541755889,0.2348493978695987,0.31249999999999994,1.0647974902069741,0.6631056699596379,0.5519930403900281,0.11261172233568308,0.3194727544503329,0.3551286279683377,0.08786914924170024,0.352287336272185,0.24566341542632347,Farm & Heavy Construction Machinery,Industrials,ALG
2015Q1,2015,Q1,2015-05-08,2015-03-31,7359000.0,207798000.0,12128000.0,0.64,45537000.0,0.21914070395287732,647496000.0,331130000.0,412080000.0,96353000.0,316366000.0,170294000.0,265932000.0,712106400.0,883969400.0,29.35549645390071,4.276773945803452,0.3220467771229475,0.6297345453447286,0.014484475296274044,29.35549645390071,0.022223899978860265,3.426916524701874,24.1916836526702,2.150534231268686,0.12270688952303302,0.9528286375327375,0.001268068929025213,0.3209255346751177,2.390024181914419,0.01136532117572927,-48.13481141003109,0.21914070395287732,-0.3191489361702127,0.9192756872399039,0.68551032077879,0.47277098544040014,-0.05860828578516497,-0.35168707602854377,-0.22805677550760614,0.14161671553332608,0.402865304223618,0.21375771147795325,Farm & Heavy Construction Machinery,Industrials,ALG
2014Q4,2014,Q4,2015-03-06,2014-12-31,11351000.0,228277000.0,15711000.0,0.94,48372000.0,0.21190045427265997,629602000.0,337670000.0,393302000.0,89367000.0,291932000.0,166088000.0,259476000.0,575225000.0,726267000.0,28.435368421052633,4.4009757516756745,0.30269122397959347,0.5643823851689519,0.022142066817077997,28.435368421052633,0.03361566026001718,2.519855263561375,12.669037970222886,1.7035123049130807,0.06942119637036384,1.08319083859159,0.0013698987352775002,0.3625734988135362,2.4403527028992804,0.018028849971887,214.3961982855013,0.21190045427265997,-0.14545454545454556,0.23845166912012258,0.760699403652193,0.24794417377005276,-0.12748917748917749,-0.15081918156654447,-0.2701384372386881,0.5250512607362615,0.5508440769467905,0.21888770288682485,Farm & Heavy Construction Machinery,Industrials,ALG
2014Q3,2014,Q3,2014-11-06,2014-09-30,13367000.0,233175000.0,21526000.0,1.1,55440000.0,0.2377613380508202,654340000.0,337464000.0,414274000.0,117939000.0,316876000.0,183797000.0,248913000.0,494050000.0,646263000.0,28.0053112033195,3.512612452199866,0.2916786380169331,0.5655625488941043,0.026573774185296183,28.0053112033195,0.03961015100870019,2.1187948965369356,9.240106231764793,1.4640080127065407,0.06343981446846712,0.9670179600319918,0.0017164254630098168,0.35635143809028946,1.8375261787873391,0.020428217746125868,13.293421229651553,0.2377613380508202,0.4666666666666668,1.4318313123640225,0.7623207755715483,0.40066985424154994,0.1724400456794823,0.45372485046220773,0.45485266288185994,0.30796600448278033,0.47971603910509475,0.2095367966727593,Farm & Heavy Construction Machinery,Industrials,ALG
2014Q2,2014,Q2,2014-08-08,2014-06-30,9195000.0,206353000.0,14796000.0,0.75,47286000.0,0.2291510179159014,682162000.0,369973000.0,436139000.0,114627000.0,312189000.0,182148000.0,269943000.0,654326730.0,806214730.0,30.583863767876334,3.80485400472838,0.27742237181197427,0.5115157052001092,0.013061146704558655,30.583863767876334,0.02485316496068632,3.170909703275455,17.79028629690049,1.768579680138821,0.09200652528548124,0.873284362167029,0.0012929320494059595,0.30249852674291444,2.0955272318040254,0.013479202887290702,302.6488112858464,0.2291510179159014,0.27118644067796616,1.5346175400804285,0.5028710291704814,0.5756558475446264,0.24012588512981903,0.27037855761260016,0.39177876022951746,0.010035150946571326,0.25636928907224765,0.3266361727554196,Farm & Heavy Construction Machinery,Industrials,ALG
2014Q1,2014,Q1,2014-05-08,2014-03-31,7238000.0,171250000.0,10631000.0,0.59,38130000.0,0.22265693430656935,465443000.0,356567000.0,364207000.0,101894000.0,108876000.0,123932000.0,261595000.0,656523720.0,615409720.0,29.507365110890433,3.574371405578346,0.0024471310128200445,0.0031943505708604556,0.019686364817981913,29.507365110890433,0.0202991303177243,3.8337151532846714,22.676282122133184,1.841235223674653,0.11688311688311688,1.0741374302036601,0.0012886053835191212,0.3679290482400638,2.230131312933048,0.015550776357147921,-30.386176062204942,0.22265693430656935,0.20408163265306117,2.858199022912201,0.2788089079935002,0.6103410508356626,0.04893950647850128,0.20152722443559096,0.31068918752311675,0.2505838344575443,0.19161957686592884,0.32884389852837526,Farm & Heavy Construction Machinery,Industrials,ALG
2013Q4,2013,Q4,2014-03-11,2013-12-31,6024000.0,165605000.0,8111000.0,0.49,36351000.0,0.2195042420216781,438476000.0,350465000.0,336953000.0,80621000.0,88011000.0,109104000.0,255203000.0,733135200.0,669603200.0,29.01200331125828,4.179469369022959,0.0009761081564327352,0.0012212346453996832,0.01669623733091112,29.01200331125828,0.01718859229880302,4.427011261737267,30.425597609561752,2.0918927710327706,0.14027224435590968,1.1846861709928143,0.0011525841345498074,0.3776831571169232,2.691345927239801,0.013738494239137375,66.98969298245613,0.2195042420216781,-0.4731182795698925,3.6528674316013183,0.1020986001920355,0.5499869601868584,-0.15768375196959866,-0.468454954557487,-0.4707686284744878,0.43162638937299086,0.24707348800342213,0.3496778923369068,Farm & Heavy Construction Machinery,Industrials,ALG
2013Q3,2013,Q3,2013-11-08,2013-09-30,11333000.0,174738000.0,15326000.0,0.93,43156000.0,0.24697547184928292,449644000.0,340199000.0,348074000.0,94692000.0,109445000.0,121639000.0,250025000.0,590294790.0,537280790.0,28.187836606181126,3.6758543488362267,0.0013099251852576705,0.0017313395982939397,0.032652341922045684,28.187836606181126,0.033312855123030935,3.3781706898327784,13.021591590929143,1.7351455765596018,0.07447277861113562,1.0817418755497825,0.0014297940864428096,0.38861410360196064,2.273761246990242,0.025204383912606418,16.486839179979892,0.24697547184928292,-0.04123711340206178,1.0813161733015175,-0.039047737407464006,0.380522544276764,-0.02120614184300651,-0.03851701026554679,-0.12727065656853254,0.3599044654789155,0.29168079247962975,0.33338023246013626,Farm & Heavy Construction Machinery,Industrials,ALG
2013Q2,2013,Q2,2013-08-05,2013-06-30,11787000.0,178064000.0,17561000.0,0.97,44091000.0,0.24761321771947165,425170000.0,322370000.0,326821000.0,87922000.0,102800000.0,120978000.0,239535000.0,498982920.0,481695920.0,26.766024576552642,3.7171697641090966,0.0013030082084813134,0.0017185221949933306,0.036401351607323384,26.766024576552642,0.036563576015137884,2.8022672746877526,10.58333163654874,1.547857803145454,0.07143463137354712,1.107416224437501,0.001687432507709883,0.4188065950090552,2.2387343327039875,0.02772302843568455,-93.25040553167632,0.24761321771947165,0.7017543859649124,0.7232533271982963,-0.04789107482169309,0.2584037022096379,0.26291819431714025,0.6959712230215828,0.803162542355478,1.3624528678896068,0.29383533868255635,0.35548694929310815,Farm & Heavy Construction Machinery,Industrials,ALG
2013Q1,2013,Q1,2013-05-03,2013-03-31,6950000.0,158429000.0,9739000.0,0.57,34912000.0,0.22036369604049763,427240000.0,311550000.0,330582000.0,90239000.0,115690000.0,118224000.0,228591000.0,453466620.00000006,430595620.00000006,25.94952523738131,3.6634049579450125,0.024857223106450707,0.034087626384207995,0.021372757367534773,25.94952523738131,0.022307815759910126,2.862270291423919,16.311748920863312,1.4555179585941262,0.12086330935251799,1.0447709432940857,0.0018523965446453367,0.3708196798052617,2.251454470905041,0.016267203445370283,-19.37146482122261,0.22036369604049763,0.6285714285714286,1.002563631084646,-0.03364875157794636,0.2591129649379658,0.08953593608588459,0.6551559895213146,0.400690349489429,0.702997945888897,0.207356416374163,0.30189274487607237,Farm & Heavy Construction Machinery,Industrials,ALG
2012Q4,2012,Q4,2013-03-11,2012-12-31,4199000.0,149404000.0,6953000.0,0.35,32043000.0,0.2144721694198281,404339000.0,310286000.0,306800000.0,78128000.0,94053000.0,108758000.0,222480000.0,388383360.0,340798360.0,26.076645096226574,3.9268892074544337,0.0017460596182905929,0.0022753201884712815,0.01363134795308315,26.076645096226574,0.013532676305086274,2.5995512837675028,23.12356275303644,1.251694759028767,0.17027863777089783,1.0791022269626143,0.0018409645562569932,0.3695018289108891,2.413462523039115,0.010384850335980453,17.174465375431147,0.2144721694198281,-0.5070422535211268,0.05199200350793607,-0.027606639648697643,0.28363479091984883,-0.13560830860534126,-0.5103206997084548,-0.4683437834531274,-0.5427918455816197,0.1500280665514135,0.144426787001366,Farm & Heavy Construction Machinery,Industrials,ALG
2012Q3,2012,Q3,2012-11-08,2012-09-30,8575000.0,156078000.0,13078000.0,0.71,37070000.0,0.2375094504030036,419222000.0,305025000.0,320587000.0,84711000.0,114197000.0,119578000.0,218997000.0,400416920.0,376181920.0,25.62589263210955,3.7844789932830447,0.03358125289226233,0.04615359396770757,0.0280743446631612,25.62589263210955,0.028112449799196786,2.565492382014121,11.673962682215743,1.312734759445947,0.08326530612244898,0.9952332368830387,0.001783141431685754,0.372303934430922,2.274273707074642,0.020454556297140894,12.490000311924888,0.2375094504030036,-0.07792207792207799,0.6728607238045804,0.019175767989209357,0.2772112086401622,-0.053394959270702994,-0.08229880136986302,-0.08705061082024433,0.5792985627201213,0.1941950873259055,0.2816645755956465,Farm & Heavy Construction Machinery,Industrials,ALG
2012Q2,2012,Q2,2012-08-09,2012-06-30,9344000.0,167009000.0,14325000.0,0.77,39161000.0,0.23448436910585657,436614000.0,292375000.0,334823000.0,83435000.0,144239000.0,122781000.0,210519000.0,372801080.0,381475080.0,24.60240659710535,4.012980164199677,0.09663913662869263,0.14431466438648996,0.028556411190995497,24.60240659710535,0.031958956819153485,2.2322214970450696,9.974343964041095,1.2750785121846944,0.0763056506849315,1.0412686001905833,0.0019125481074250108,0.38250949351143115,2.4501827770120452,0.021401054478326395,32.93004858228072,0.23448436910585657,0.3749999999999999,0.9037995125953195,0.04026486153180376,0.26872756686963195,0.11132867926670072,0.3771554900515844,0.303101973983444,1.6218543964202985,0.23812883663616727,0.26749602707543313,Farm & Heavy Construction Machinery,Industrials,ALG
2012Q1,2012,Q1,2012-05-07,2012-03-31,6785000.0,155911000.0,10993000.0,0.56,35238000.0,0.2260135590176447,451045000.0,287156000.0,345542000.0,90583000.0,163889000.0,127989000.0,201887000.0,356902380.0,375828380.0,24.18563126421292,3.8146451320888026,0.12589431209746255,0.1977461728119907,0.021619177270818662,24.18563126421292,0.023628271740795945,2.2891417539493686,13.150419307295504,1.242886723592751,0.10493736182756079,0.9428388377126159,0.0019949432671197095,0.34566617521533327,2.3093295651501937,0.015042844948951879,-18.411265411400567,0.2260135590176447,-0.09677419354838701,5.699102617548325,0.0672732039022432,0.29011700504765653,0.23339166958347918,-0.0871787972554823,-0.0075832806716620025,2.68100280790887,0.18495560221839083,0.3199116464235594,Farm & Heavy Construction Machinery,Industrials,ALG
2011Q4,2011,Q4,2012-03-12,2011-12-31,7433000.0,146997000.0,11077000.0,0.62,28570000.0,0.19435770798043497,380935000.0,276658000.0,276123000.0,75693000.0,104277000.0,114305000.0,195814000.0,319362870.0,318885870.0,23.328948477949236,3.6479330981728824,0.025755050074159635,0.03546255665840135,0.026828571654028344,23.328948477949236,0.026867106680450233,2.1725808689973265,10.74138537602583,1.154359787174056,0.09592358401722051,1.03606141463628,0.0022325701168705056,0.38588473099085147,2.0498460888060985,0.01951251525850867,22.704597611261196,0.19435770798043497,-0.26190476190476186,4.359227717973657,0.08049930681215509,0.25236456222210896,-0.232463799263896,-0.2608392999204455,-0.23400871309038102,4.334368411037507,-0.0035067930026496637,0.2463657041449613,Farm & Heavy Construction Machinery,Industrials,ALG
2011Q3,2011,Q3,2011-11-04,2011-09-30,10056000.0,155057000.0,14461000.0,0.84,37223000.0,0.24006010692841986,402203000.0,274534000.0,299241000.0,80798000.0,127669000.0,116137000.0,189094000.0,246507030.0,252920030.0,23.153748840347475,3.7035693952820616,0.07879603086003834,0.11543925342580519,0.03207764323119056,23.153748840347475,0.03662934281364057,1.5897833054941086,6.128356951073986,0.8979107505809845,0.07080350039777247,1.0146120530063631,0.0028883557600771063,0.38551925271566845,2.153667169979455,0.025002299833666083,9.126847717427523,0.24006010692841986,0.13513513513513511,1.6997783600957728,0.11239518278085228,0.26962519625704445,-0.004493059827231152,0.12811308054745343,0.05508536407412812,0.879814098014817,-0.13203483080406794,0.13397394433641763,Farm & Heavy Construction Machinery,Industrials,ALG
2011Q2,2011,Q2,2011-08-05,2011-06-30,8914000.0,160824000.0,13706000.0,0.74,37391000.0,0.23249639357309854,434527000.0,273071000.0,327011000.0,88694000.0,161456000.0,122181000.0,179750000.0,280726500.0,312454500.0,23.053693541578724,3.686957404108508,0.13318620016707822,0.2119338926506293,0.027885193553226828,23.053693541578724,0.03264352494406217,1.7455510371586331,7.873191047789993,1.0280348334315983,0.07964998878169172,1.0102470924284463,0.002529152039440523,0.3701127893088347,2.213092204658714,0.020514260333650152,-25.220240769023448,0.23249639357309854,0.574468085106383,0.374443210441797,0.05533617081877577,0.28553615753739503,0.17209491865458762,0.5729662961002294,0.46729472219248475,0.3251167805781249,-0.12562636739270253,0.08386858942597472,Farm & Heavy Construction Machinery,Industrials,ALG
2011Q1,2011,Q1,2011-05-06,2011-03-31,5667000.0,140715000.0,9341000.0,0.47,31901000.0,0.2267064634189674,416922000.0,262733000.0,309136000.0,89840000.0,154189000.0,117460000.0,171545000.0,324788400.0,345046400.0,22.20529073698445,3.4409617097061442,0.11666690651968474,0.18513471851651678,0.019998352664957593,22.20529073698445,0.021569425995211867,2.3081291973137192,14.328057173107464,1.236191875402024,0.12528674783836244,0.9263919632215222,0.002186038663942432,0.3375091743779412,2.041907836153161,0.01359247053405673,-12.787951807228916,0.2267064634189674,0.34285714285714286,1.4046420745221984,0.11083295173964461,0.3078584785796601,0.15132813627833117,0.38084795321637427,0.5664933758175416,0.6568947074007863,-0.129074705333031,0.07743664677448685,Farm & Heavy Construction Machinery,Industrials,ALG
2010Q4,2010,Q4,2011-03-15,2010-12-31,4104000.0,129519000.0,5963000.0,0.35,27708000.0,0.21393000254788871,370983000.0,253260000.0,265060000.0,79189000.0,117723000.0,99304000.0,166589000.0,327775240.0,322957240.0,21.495501612629436,3.347182058114132,0.06853413768285878,0.1003909026297086,0.015481831823864105,21.495501612629436,0.0162046908315565,2.5307116330422565,19.966815302144248,1.2942242754481559,0.17275828460038986,1.0252457101425925,0.002163067594733513,0.34912381429876843,1.9962242230612837,0.011062501516241984,53.470675367047306,0.21393000254788871,-0.4852941176470589,26.377453852514222,0.29660703743168815,0.28150406614234796,-0.1445507872800247,-0.49644171779141105,-0.4636142844292525,0.03840163250177679,-0.14865676672137965,0.05812590601379234,Farm & Heavy Construction Machinery,Industrials,ALG
2010Q3,2010,Q3,2010-11-05,2010-09-30,8150000.0,132298000.0,11117000.0,0.68,32390000.0,0.24482607446824592,370295000.0,249517000.0,263195000.0,82501000.0,120778000.0,104433000.0,162400000.0,263560989.99999997,264812989.99999997,21.140133864271796,3.1902037551059985,0.06922588746809975,0.10273448302119695,0.030605692558929108,21.140133864271796,0.03266310511909008,1.992176676896098,8.084692944785276,1.0562847020443495,0.08674846625766872,0.9566707841391131,0.0026824910621256965,0.3572773059317571,1.8567896146713374,0.022009478928962045,11.027656485355648,0.24482607446824592,0.6585365853658539,0.5352023347398379,0.14032872255567633,0.24727839115178507,0.12931906139953278,0.6735112936344969,0.5174720174720174,0.6034199808655085,-0.12878628572998044,0.053638064875428285,Farm & Heavy Construction Machinery,Industrials,ALG
2010Q2,2010,Q2,2010-08-06,2010-06-30,4870000.0,134334000.0,7326000.0,0.41,28681000.0,0.21350514389506753,378803000.0,232139000.0,272481000.0,85192000.0,146664000.0,108944000.0,154209000.0,255105200.0,282699200.0,19.746427356243622,3.1984341252699786,0.12604440830722038,0.20567849435036767,0.01936682257293166,19.746427356243622,0.02097881010946028,1.8990367293462564,13.095749486652977,1.0989329668862189,0.14476386036960986,0.9697918196504626,0.00276356577600143,0.3546276032660776,1.8332589914545967,0.01285628677703186,17.777365853658537,0.21350514389506753,0.20588235294117632,-0.04110924506937986,0.1318826282129809,0.19182037797194365,0.019406433268171316,0.2196343601302279,0.13282820473171486,0.0030449794309995695,-0.15415056058792911,0.018308377075702667,Farm & Heavy Construction Machinery,Industrials,ALG
2010Q1,2010,Q1,2010-05-07,2010-03-31,3993000.0,128389000.0,6467000.0,0.34,28135000.0,0.21913871126031045,395970000.0,234143000.0,284033000.0,87520000.0,161827000.0,118860000.0,150043000.0,234822529.99999997,276074530.0,19.9321528900996,3.245349634369287,0.1572821173321211,0.2659870250231696,0.014473294349331508,19.9321528900996,0.01705368087023742,1.8289925928233726,14.702136864512896,1.0029022007918236,0.17655897821187078,0.8434628975265017,0.003002267286703708,0.32423921004116474,1.7997829067641682,0.010084097280096977,-31.380800481090468,0.21913871126031045,-0.5584415584415584,0.287138431719061,0.1664229908912149,0.20312594855550026,0.2309677983899195,-0.4991847485262762,-0.5912136536030341,2.9847363138666556,-0.1116989736436405,0.0632267196092198,Farm & Heavy Construction Machinery,Industrials,ALG
2009Q4,2009,Q4,2010-03-15,2009-12-31,7973000.0,112783000.0,15820000.0,0.77,22856000.0,0.20265465540019328,377963000.0,235377000.0,261733000.0,79364000.0,142586000.0,124322000.0,146756000.0,177159500.0,209174500.0,22.785769603097773,3.297880651176856,0.13172982540619055,0.21152873900168664,0.029151374823817123,22.785769603097773,0.03387331812369093,1.5707996772563242,5.554982440737489,0.7526627495464722,0.07563025210084033,0.7233393928669101,0.0034037124737877453,0.2983969330331276,1.6470187994556726,0.021094657413556355,7.518546025548529,0.20265465540019328,0.7111111111111111,2.642421947695026,0.25510182661121994,0.3786331327580607,-0.10889313423525283,0.7396901592843116,1.0636577093660318,5.599447674591249,-0.0482839111327619,0.2232051693564323,Farm & Heavy Construction Machinery,Industrials,ALG
2009Q3,2009,Q3,2009-11-09,2009-09-30,4583000.0,110318000.0,7666000.0,0.45,25649000.0,0.23250058920575065,353938000.0,200882000.0,236501000.0,76269000.0,153056000.0,113194000.0,139386000.0,158742600.0,213619600.0,19.994227132477356,3.1008797807759376,0.19311574343529092,0.3402544777531088,0.019162107391458412,19.994227132477356,0.02281438854650989,1.4389546583513118,8.659317041239364,0.7902280941049971,0.13135500763691904,0.7479990105482622,0.003792302759309725,0.31168735767281275,1.5423042127207647,0.012948595516728919,4.604037240059166,0.23250058920575065,0.5000000000000001,0.057265013559661716,0.2141979632877426,0.25576151715393447,0.05425623741214189,0.5317513368983957,0.4238484398216939,0.45208193376323724,-0.06598786293588492,0.09637427278486982,Farm & Heavy Construction Machinery,Industrials,ALG
2009Q2,2009,Q2,2009-08-10,2009-06-30,2992000.0,113243000.0,5384000.0,0.3,24329000.0,0.21483888628877723,378873000.0,193656000.0,261675000.0,79947000.0,185217000.0,125114000.0,135405000.0,100767700.0,189863700.0,19.410243560188434,3.2731059326804006,0.2511923520546463,0.49143842690130957,0.012821566753271727,19.410243560188434,0.015450076424174826,0.8898360163542117,8.419761029411765,0.5203438055108026,0.20020053475935828,0.7106638745464137,0.005944365109057764,0.29889435246111495,1.6361714635946314,0.007897105362482943,4.503181838494883,0.21483888628877723,1.0,-0.39624845754506893,0.2293661365739043,0.2566575447131806,0.11975882542458692,0.9390797148412184,0.6946805162102613,-0.45228977012365384,-0.1177606534902417,0.08236755547331902,Farm & Heavy Construction Machinery,Industrials,ALG
2009Q1,2009,Q1,2009-05-08,2009-03-31,1543000.0,110143000.0,3177000.0,0.15,21727000.0,0.1972617415541614,387953000.0,182119000.0,273329000.0,81563000.0,205834000.0,130750000.0,133011000.0,105949740.0,217121740.0,18.32367441392494,3.3511396098721233,0.2974767562050042,0.6336900597960674,0.007207455858684699,18.32367441392494,0.00847248227807093,0.9619289469144657,17.16619248217758,0.581761046348816,0.3856124432922878,0.6762217973231358,0.005615870317378787,0.28390810227012037,1.6794625013793019,0.003977285908344568,-8.989456982861022,0.1972617415541614,1.789473684210526,-0.344580019717499,0.3522208501110628,0.21325460515055825,-0.10658332990665735,1.8336034575904916,3.5787337662337664,-0.22056729365297223,0.03509623967012116,0.07923707123860939,Farm & Heavy Construction Machinery,Industrials,ALG
2008Q4,2008,Q4,2009-03-11,2008-12-31,-1851000.0,122487000.0,-1232000.0,-0.19,24319000.0,0.19854351890404695,384354000.0,184312000.0,266025000.0,85684000.0,200042000.0,132248000.0,132064000.0,147212650.0,246750650.0,18.717578958058294,3.1047220017739603,0.27076601258215083,0.5646403923781415,-0.003740623467557587,18.717578958058294,-0.010042753591735752,1.201863463061386,-19.882853862776876,0.7987144081774381,-0.32144786601836844,0.7423023410561974,0.00404177222541677,0.3186827768151236,1.5023691704402222,-0.00481587286720055,-13.662426914153132,0.19854351890404695,-1.4222222222222223,-2.240539728311599,0.7927838314420815,0.26297892682768903,-0.17868963188112125,-1.415674825960027,-1.1576455534229046,-15.774309843836503,0.4671684189218376,0.11589177937578682,Farm & Heavy Construction Machinery,Industrials,ALG
2008Q3,2008,Q3,2008-11-07,2008-09-30,4453000.0,148707000.0,7815000.0,0.45,29610000.0,0.1991163832233856,398283000.0,201528000.0,272261000.0,100293000.0,196755000.0,132989000.0,134509000.0,168283500.0,257713500.0,20.41823708206687,2.71465605775079,0.2382150380508332,0.4707881783176531,0.017513064471590123,20.41823708206687,0.02209618514548847,1.1316447779862413,9.447759937121042,0.8350378111230201,0.1324949472265888,0.8955402326508207,0.0035059884064688454,0.3733701915472164,1.3337919894708503,0.011180492263039096,9.537177670728251,0.1991163832233856,-0.19642857142857148,0.666328416835272,1.0709257492317625,0.42404100009163337,-0.02930763178599528,-0.19982030548068283,-0.16861702127659575,0.003080904865440566,0.5327927987433834,0.20468612267954253,Farm & Heavy Construction Machinery,Industrials,ALG
2008Q2,2008,Q2,2008-08-11,2008-06-30,5565000.0,152160000.0,9400000.0,0.56,30504000.0,0.20047318611987383,426836000.0,208423000.0,293114000.0,107409000.0,218413000.0,134709000.0,130647000.0,201761410.0,309257410.0,21.269823451372588,2.72895195002281,0.25965476201632476,0.5317551325909329,0.01939564069021349,21.269823451372588,0.026700508101313195,1.3259819269190325,9.063854896675652,0.968038124391262,0.10566037735849057,0.9031022426118522,0.002914333320727685,0.3564835206027608,1.4257929968624603,0.01303779437535728,15.384019062142585,0.20047318611987383,0.931034482758621,0.6888001460943919,1.0520863614526659,0.5074287986554854,0.22108802690044435,0.965042372881356,0.75307720999627,0.3145683099661873,0.5381325653980026,0.28376685908177884,Farm & Heavy Construction Machinery,Industrials,ALG
2008Q1,2008,Q1,2008-05-09,2008-03-31,2832000.0,133781000.0,5362000.0,0.29,24981000.0,0.18673055217108558,401335000.0,201910000.0,288164000.0,78570000.0,199425000.0,121788000.0,125671000.0,208382190.0,304378190.0,20.609370215372053,3.6676085019727633,0.29563581546588263,0.5876331038581546,0.011311114821797107,20.609370215372053,0.014026051210935565,1.5576366599143376,18.395320444915257,1.0320548264078053,0.2076271186440678,0.8933556672250139,0.002821738268515174,0.33333997782401237,2.051890034364261,0.007056449101124996,-11.697664196699225,0.18673055217108558,-0.12121212121212131,3.223871508924398,0.9695206511482195,0.5257767529848706,0.06674353061747373,-0.13684852179213655,-0.020281381326511968,0.09459398506352087,0.4573254647918462,0.24400350660650943,Farm & Heavy Construction Machinery,Industrials,ALG
2007Q4,2007,Q4,2008-03-12,2007-12-31,3281000.0,126297000.0,5473000.0,0.33,23418000.0,0.185420081237084,350630000.0,198698000.0,236969000.0,67578000.0,151932000.0,118285000.0,123426000.0,177231720.0,254667720.0,20.314691749309887,3.5065997809938145,0.23356529675156149,0.4121581495535939,0.014003566111130957,20.314691749309887,0.016512496351246617,1.403293189861992,13.50439804937519,0.891965294064359,0.17890886924718075,0.8697552521452424,0.003312048204463625,0.36020021104868377,1.682781378555151,0.009357442318113111,-52.327050487156775,0.185420081237084,-0.21428571428571422,7.241742631053011,1.0929320171838353,0.5122595453719933,-0.11234932908801455,-0.2217741935483871,-0.28606835376989304,0.5830396150973042,0.484381101143453,0.22912272068080047,Farm & Heavy Construction Machinery,Industrials,ALG
2007Q3,2007,Q3,2007-11-06,2007-09-30,4216000.0,125956000.0,7666000.0,0.42,26382000.0,0.20945409508082188,364587000.0,196426000.0,253370000.0,70776000.0,168161000.0,126742000.0,120733000.0,241910900.0,314759900.0,20.06394279877426,3.579885837006895,0.2568138743290353,0.476673149175771,0.01771476603526856,20.06394279877426,0.021463553704703042,1.9205984629553177,14.344811432637572,1.2315625222730189,0.1392314990512334,0.7856432753152073,0.002426513232764625,0.34547583978583984,1.7189725330620549,0.011563769415804732,10.35533153546509,0.20945409508082188,0.024390243902439046,1.504694879903115,0.9162641625360078,0.4984397213853601,0.0010624573119830008,0.04485749690210657,0.00432333289663304,-0.0018672250660730916,0.4227077294627106,0.2601400935449265,Farm & Heavy Construction Machinery,Industrials,ALG
2007Q2,2007,Q2,2007-08-08,2007-06-30,4035000.0,131986000.0,7633000.0,0.41,26354000.0,0.19967269255830164,376553000.0,189454000.0,266508000.0,78825000.0,187099000.0,128909000.0,117103000.0,246204000.0,342376000.0,19.3914022517912,3.381008563273073,0.2789142564260542,0.5543614808871811,0.017574907451878473,19.3914022517912,0.021298045963664004,1.8653796614792477,15.254275092936803,1.299545008286972,0.14522924411400248,0.8194307612346694,0.002380140046465533,0.3505110834331422,1.680710434506819,0.0107156230331454,34.962226640159045,0.19967269255830164,4.124999999999999,0.4717919487665854,0.8870677569130271,0.4624081268270934,0.222526325555504,3.843937575030012,1.4903752039151712,-0.16853186196425068,0.4631981918862617,0.2554377211557773,Farm & Heavy Construction Machinery,Industrials,ALG
2007Q1,2007,Q1,2007-05-08,2007-03-31,833000.0,120147000.0,3065000.0,0.08,21557000.0,0.17942187486995098,374809000.0,183063000.0,267136000.0,76113000.0,191746000.0,126771000.0,113655000.0,226645650.0,329525650.0,18.746850998463902,3.509728955631758,0.3020578481306479,0.6184428311564871,0.0070403803797722325,18.746850998463902,0.004550346055729448,1.8864029064396115,68.02090336134454,1.2380745972697924,0.7034813925570228,0.7777015247966806,0.0025855338498665206,0.3205552694839238,1.778382142340993,0.0022224653089973827,-12.192460594975524,0.17942187486995098,-0.2727272727272727,-0.6698651878327626,0.8443319200716666,0.4785159212713372,0.08983822042467139,-0.26993865030674846,-0.032817923635216156,-0.6398617955993628,0.5013228720791376,0.24127414579430645,Farm & Heavy Construction Machinery,Industrials,ALG
