Quarters,Year,Quarter,FillingDate,Date,NetIncome,Revenue,OperatingIncome,EPSDiluted,GrossProfit,GrossProfitRatio,TotalAssets,CommonStockEquity,CurrentAssets,CurrentLiability,TotalLiability,Inventory,RetainedEarnings,MarketCap,EnterpriseValue,bookValuePerShare,currentRatio,debtToAssets,debtToEquity,roic,shareholdersEquityPerShare,roe,priceToSalesRatio,peRatio,pbRatio,payoutRatio,inventoryTurnover,dividendYield,assetTurnover,quickRatio,returnOnAssets,priceToFreeCashFlowsRatio,grossProfitMargin,epsdilutedGrowth,fiveYNetIncomeGrowthPerShare,fiveYRevenueGrowthPerShare,fiveYShareholdersEquityGrowthPerShare,grossProfitGrowth,netIncomeGrowth,operatingIncomeGrowth,threeYNetIncomeGrowthPerShare,threeYRevenueGrowthPerShare,threeYShareholdersEquityGrowthPerShare,Industry,Sector,Symbol
2023Q1,2023,Q1,2023-05-02,2023-03-31,19306000.0,11134000.0,9583000.0,0.26,6397000.0,0.5745464343,61285000.0,-109235000.0,43706000.0,40383000.0,170520000.0,6981000.0,-303139000.0,63420419.58,84963419.58,-1.9635300558508226,1.0822871010078499,0.7901607244839683,-0.44331029431958624,-0.4186369769258657,-1.9635300558508226,-0.17673822492790772,5.696103788395904,0.8212527139231327,-0.5805869875040051,0.0,0.6785560807907176,0.0,0.18167577710695929,0.8526607730975906,0.31501998857795543,7.195418604492852,0.5745464343452488,1.7027027027027026,0.6932462389054397,-0.8290232773567909,-0.7208852373802126,0.18969685698344801,2.063750068874318,1.894520675814431,1.7047621490604656,-0.2334818911075921,-2.164583183768545,Drug Manufacturers—Specialty & Generic,Healthcare,AQST
2022Q4,2022,Q4,2023-03-31,2022-12-31,-18149000.0,10682000.0,-10713000.0,-0.37,5377000.0,0.5033701554,55675000.0,-118554000.0,39888000.0,39679000.0,174229000.0,5780000.0,-311207000.0,43963281.4917,72783281.4917,-2.4326565208784756,1.0052672698404699,1.007507858105074,-0.47314304030230947,0.2689997592549861,-2.4326565208784756,0.15308635727179176,4.115641405326718,-0.605588207224916,-0.3708291706032694,0.0,0.9178200692041523,0.0,0.19186349348899864,0.8058922855918748,-0.3259811405478222,5.22129233868171,0.5033701554016102,-0.23333333333333336,0.2581543321219995,-0.6405277698214575,-0.836313659844103,-0.21365896460953496,-0.11899623897897528,-0.21009827177228058,0.22088641048437696,-0.6470903232297982,-9.504625704165313,Drug Manufacturers—Specialty & Generic,Healthcare,AQST
2022Q3,2022,Q3,2022-11-01,2022-09-30,-16219000.0,11463000.0,-8853000.0,-0.3,6838000.0,0.5965279595,51845000.0,-107819000.0,38087000.0,36560000.0,159664000.0,6725000.0,-298855000.0,62507158.739999995,98944158.74,-2.0181405225074545,1.0417669584245077,1.0625132606808756,-0.5109118058969199,0.22660013776029234,-2.0181405225074545,0.1504280321650173,5.452949379743522,-0.9634866320365004,-0.5797415922982034,0.0,0.6877323420074349,0.0,0.22110135982254797,0.8037746170678337,-0.31283633908766517,57.240987857142855,0.5965279595219402,0.31818181818181823,-1.7184591348557003,-0.8419194105849488,0.0,-0.1477003614608002,0.18259248059671404,0.3062999529854255,0.5872703165572405,-0.5674968909936067,-0.4660042395325996,Drug Manufacturers—Specialty & Generic,Healthcare,AQST
2022Q2,2022,Q2,2022-08-02,2022-06-30,-19842000.0,13265000.0,-12762000.0,-0.44,8023000.0,0.6048247267,56310000.0,-96357000.0,43505000.0,29636000.0,152667000.0,5008000.0,-286318000.0,29086917.7368,67377917.7368,-2.1194823445319217,1.4679781347010392,0.9942461374533831,-0.5810268065630935,0.40924450692825154,-2.1194823445319217,0.20592172857187335,2.1927567083905015,-0.36648167695796796,-0.3018661616364146,0.0,1.0467252396166133,0.0,0.2355709465459066,1.2437575921176947,-0.35237080447522645,-4.018085058267716,0.6048247267244629,-0.09999999999999995,-0.4802356047603191,-0.4762541087819958,0.0,-0.004096325719960278,-0.18800143695365826,-0.31053604436229204,0.4674270450616338,-0.34505467294486497,-1.1473209977169179,Drug Manufacturers—Specialty & Generic,Healthcare,AQST
2022Q1,2022,Q1,2022-05-04,2022-03-31,-16702000.0,12270000.0,-9738000.0,-0.4,8056000.0,0.6565607172,56529000.0,-93143000.0,42585000.0,24184000.0,149672000.0,4629000.0,-270017000.0,108225732.78,150368732.78,-2.2462608822818266,1.7608749586503474,1.0061915123211096,-0.610663173829488,0.3658522713674056,-2.2462608822818266,0.17931567589620262,8.820353119804402,-1.61995169410849,-1.1619309317930493,0.0,0.910347807301793,0.0,0.21705673194289657,1.4320211710221633,-0.29545896796334625,-7.419836334841629,0.6565607171964141,0.6638655462184874,-4.529029352718822,-0.6399287900257371,0.0,-0.27279292291027263,0.6517877619097259,0.16548118947639043,0.31718834926573813,-0.4157325872577866,-8.259373332185147,Drug Manufacturers—Specialty & Generic,Healthcare,AQST
2021Q4,2021,Q4,2022-03-08,2021-12-31,-47965000.0,11078000.0,-11669000.0,-1.19,11078000.0,1.0,61993000.0,-82134000.0,47259000.0,21964000.0,144127000.0,4038000.0,-256796000.0,157123082.82,132843082.82,-2.033445718259107,2.1516572573301764,0.06039391544206604,-0.045584045584045586,0.24667428059837235,-2.033445718259107,0.5839847079163318,14.183343818378768,-0.8189465382049411,-1.9130090196508145,0.0,0.0,0.0,0.17869759488974563,1.8277180841376799,-0.7737163873340538,-19.491760677335318,1.0,-2.2162162162162162,-1.3655402466957371,-0.5502002998495178,-0.5349656299370498,0.2465398897265669,-2.2954311233253177,-0.46448293172690763,-1.124130429857388,-0.593391730446614,-6.031605088519496,Drug Manufacturers—Specialty & Generic,Healthcare,AQST
2021Q3,2021,Q3,2021-11-02,2021-09-30,-14555000.0,13287000.0,-7968000.0,-0.37,8887000.0,0.6688492511477384,65293000.0,-60345000.0,50210000.0,25039000.0,125638000.0,2863000.0,-227851000.0,171020402.68,183299402.68,-1.5384374956261797,2.005271776029394,0.665354632196407,-0.719910514541387,0.5750162372807968,-1.5384374956261797,0.24119645372441792,12.871257821931211,-2.9374854462384064,-2.834044289999172,0.0,1.5368494586098498,0.0,0.20349807789502702,1.7894883980989655,-0.22291823013186712,-18.694840695233932,0.6688492511477384,-0.12121212121212115,-1.8781580125942712,-0.7504315679527623,0.0,-0.18310506480375036,-0.17692245492035255,-0.22264845787939236,0.41652546645971295,-0.3962543953312426,-2.5517056987534463,Drug Manufacturers—Specialty & Generic,Healthcare,AQST
2021Q2,2021,Q2,2021-08-03,2021-06-30,-12367000.0,15345000.0,-6517000.0,-0.33,10879000.0,0.7089605734767025,66875000.0,-53769000.0,50998000.0,23035000.0,120644000.0,2839000.0,-213296000.0,147149241.0,155373241.0,-1.45065600440304,2.2139353158237465,0.6348859813084112,-0.789637151518533,0.8072587637805029,-1.45065600440304,0.23000241775000466,9.589393352883675,-2.9746349357160184,-2.7366929085532554,0.0,1.5730891158858753,0.0,0.22945794392523364,2.01263294985891,-0.1849271028037383,-75.46114923076924,0.7089605734767025,0.19512195121951212,-0.13160721836954586,-0.2568675690107535,0.0,0.3005379557680813,0.1571019629225736,0.2355425219941349,0.7805687304395293,-0.2866184767878647,0.10609674166393751,Drug Manufacturers—Specialty & Generic,Healthcare,AQST
2021Q1,2021,Q1,2021-05-04,2021-03-31,-14672000.0,11122000.0,-8525000.0,-0.41,8365000.0,0.7521129293292573,61923000.0,-51798000.0,44443000.0,20050000.0,113721000.0,2799000.0,-200929000.0,184929030.0,198909030.0,-1.4565025296461027,2.2166084788029927,0.669831887989923,-0.800764508282173,1.2358654682516672,-1.4565025296461027,0.28325417969805783,16.627317928430138,-3.151053537350055,-3.5701963396270124,0.0,0.984994640943194,0.0,0.1796101610064112,1.8806483790523691,-0.23693942476947177,-13.023171126760563,0.7521129293292573,0.3166666666666667,-4.66314933785934,-0.6194471263422345,0.0,0.9181380417335474,0.27965435978004716,0.4551323021858622,-3.0129808697880116,-0.732827857355985,-0.27651404876959046,Drug Manufacturers—Specialty & Generic,Healthcare,AQST
2020Q4,2020,Q4,2021-03-09,2020-12-31,-20368000.0,7149000.0,-15646000.0,-0.6,4361000.0,0.6100153867673801,62884000.0,-48497000.0,44625000.0,21104000.0,111381000.0,2461000.0,-186257000.0,180945067.79999998,189616067.79999998,-1.4339100432777865,2.1145280515542075,0.6436931492907576,-0.8346495659525331,3.519910011248594,-1.4339100432777865,0.4199847413242056,25.310542425514054,-2.2209479060290653,-3.7310569272326117,0.0,1.1328728159284844,0.0,0.11368551618853763,1.836713419257013,-0.3238979708669932,-13.161555702647657,0.6100153867673801,-0.22448979591836732,-0.19964210878127803,-0.6533425640047615,-0.08240048558428864,-0.17436577054146157,-0.2306205063138179,-0.13533125317466077,-0.19964210878127803,-0.6533425640047615,-0.08240048558428864,Drug Manufacturers—Specialty & Generic,Healthcare,AQST
2020Q3,2020,Q3,2020-11-04,2020-09-30,-16551000.0,8260000.0,-13781000.0,-0.49,5282000.0,0.6394673123486683,50423000.0,-36519000.0,31684000.0,18373000.0,86942000.0,3242000.0,-165889000.0,163222085.04500002,211965085.04500002,-1.0862484997120263,1.7244870189952648,1.305098863613827,-1.8019934828445467,-0.41761871571865816,-1.0862484997120263,0.4532161340671979,19.760542983656176,-2.465441439263489,-4.469511351488267,0.0,0.9185687847008019,0.0,0.1638141324395613,1.36363141566429,-0.32824306368125655,-19.545214350975932,0.6394673123486683,-5.999999999999999,-2.1650818735671002,-0.8189850223062489,0.0,-0.708756065284517,-6.091259640102828,-35.88860759493671,-2.1650818735671002,-0.8189850223062489,0.0,Drug Manufacturers—Specialty & Generic,Healthcare,AQST
2020Q2,2020,Q2,2020-08-04,2020-06-30,-2334000.0,21675000.0,395000.0,-0.07,18136000.0,0.836724336793541,63546000.0,-21388000.0,43909000.0,14882000.0,84934000.0,3173000.0,-149338000.0,163243385.64000002,203255385.64000002,-0.6367527823101574,2.9504770864131165,1.0297107607087779,-3.05937909107911,0.008233454924439812,-0.6367527823101574,0.109126613054049,7.53141340899654,-17.485366928020564,-7.632475483448664,0.0,1.1153482508666877,0.0,0.34109149277688605,2.5744523585539576,-0.03672929846095742,-16.148321855772085,0.836724336793541,0.8571428571428571,0.7643321197685276,0.1583148483381707,0.0,2.551899725812769,0.8588021778584392,1.0284972224226245,0.7643321197685276,0.1583148483381707,0.0,Drug Manufacturers—Specialty & Generic,Healthcare,AQST
2020Q1,2020,Q1,2020-05-05,2020-03-31,-16530000.0,8765000.0,-13861000.0,-0.49,5106000.0,0.5825442099258414,64487000.0,-20829000.0,51088000.0,15362000.0,85316000.0,3087000.0,-147004000.0,73517629.86,99527629.86,-0.6204703563875202,3.3256086447077204,0.9541613038286787,-2.9541024533102886,-0.3098468760478373,-0.6204703563875202,0.7936050698545297,8.387636036508843,-1.1118818793103449,-3.529580386000288,0.0,1.1852931648850016,0.0,0.13591886736861694,2.933016534305429,-0.25633073332609674,-5.339746503486345,0.5825442099258414,-0.020833333333333353,-5.7592096159723125,-0.682284501280723,0.0,-0.4696167030227485,-0.30816714150047486,-0.3995355411954766,-5.7592096159723125,-0.682284501280723,0.0,Drug Manufacturers—Specialty & Generic,Healthcare,AQST
2019Q4,2019,Q4,2020-03-11,2019-12-31,-12636000.0,16419000.0,-9904000.0,-0.48,9627000.0,0.5863329069979901,78479000.0,-6122000.0,68314000.0,18555000.0,84601000.0,2859000.0,-130474000.0,153856588.8,164868588.8,-0.2315795526073694,3.6817030450013473,0.7688426203188115,-9.85592943482522,-0.18267670060498745,-0.2315795526073694,2.064031362299902,9.370643084231684,-3.0440129154795823,-25.131752499183275,0.0,2.3756558237145855,0.0,0.2092152040673301,3.3659929938022097,-0.16101122593305214,-14.431722052340307,0.5863329069979901,0.35135135135135137,0.04783374611754889,0.018595560961661914,0.8251899961446542,0.23819935691318328,0.3137084510102107,0.099800036357026,0.04783374611754889,0.018595560961661914,0.8251899961446542,Drug Manufacturers—Specialty & Generic,Healthcare,AQST
2019Q3,2019,Q3,2019-11-05,2019-09-30,-18412000.0,12418000.0,-11002000.0,-0.74,7775000.0,0.626107263649541,48818000.0,-34459000.0,38060000.0,20053000.0,83277000.0,4124000.0,-117838000.0,79600100.04,118461100.04,-1.3766266618375471,1.897970378496983,1.2244459011020525,-1.7346701877593662,-0.4345868225628061,-1.3766266618375471,0.5343161438230941,6.410057983572234,-1.0808182169237455,-2.3099944873617924,0.0,1.1258486905916585,0.0,0.25437338686550043,1.5573729616516232,-0.3771559670613298,-5.349469088709678,0.626107263649541,0.09756097560975606,-2.7407498507563526,-0.6344983744088772,0.0,0.36188474338763355,0.1006252442360297,0.4112799657534247,-2.7407498507563526,-0.6344983744088772,0.0,Drug Manufacturers—Specialty & Generic,Healthcare,AQST
2019Q2,2019,Q2,2019-08-06,2019-06-30,-20472000.0,11129000.0,-18688000.0,-0.82,5709000.0,0.5129840956060743,50408000.0,-24657000.0,39064000.0,24629000.0,75065000.0,4647000.0,-99426000.0,105169424.81,130438424.81,-0.9870356350007312,1.5860976897153762,0.9410014283447072,-1.9237539035567992,-0.8204767967686701,-0.9870356350007312,0.8302713225453218,9.450033678677329,-1.2843081380666275,-4.265296865393195,0.0,1.1663438777706048,0.0,0.2207784478654182,1.3120711356530919,-0.40612601174416757,-6.087602732692753,0.5129840956060743,-0.3898305084745763,-1.7794043821313164,-0.20032120303392298,0.0,-0.375177848309073,-0.3901942143148173,-0.42940186629952576,-1.7794043821313164,-0.20032120303392298,0.0,Drug Manufacturers—Specialty & Generic,Healthcare,AQST
2019Q1,2019,Q1,2019-05-08,2019-03-31,-14726000.0,12643000.0,-13074000.0,-0.59,9137000.0,0.722692398955944,67979000.0,-6056000.0,55958000.0,29638000.0,74035000.0,5137000.0,-78954000.0,167505776.13,175163776.13,-0.2425931865684613,1.8880491261218706,0.7000985598493652,-7.858652575957728,-0.3147630970724191,-0.2425931865684613,2.4316380449141346,13.248894734635767,-2.8437080016637237,-27.659474261889034,0.0,0.6824995133346311,0.0,0.18598390679474544,1.600074229030299,-0.2166257226496418,-9.277014628378378,0.722692398955944,-0.053571428571428416,-7.097444363717546,-0.3837219017841558,0.0,-0.24092381822713302,-0.05608146873207114,-0.05870920722325695,-7.097444363717546,-0.3837219017841558,0.0,Drug Manufacturers—Specialty & Generic,Healthcare,AQST
2018Q4,2018,Q4,2019-03-14,2018-12-31,-13944000.0,16824000.0,-12349000.0,-0.56,12037000.0,0.7154660009510223,86851000.0,10080000.0,74201000.0,32952000.0,76771000.0,5441000.0,-61376000.0,157135765.5,143739765.5,0.40413460167984483,2.2517904831269724,0.5434940300054115,4.682837301587302,-0.21557879301014263,0.40413460167984483,-1.3833333333333333,9.339976551355207,-2.817264871987952,15.588865624999999,0.0,0.8798015070759052,0.0,0.19371106838148092,2.0356882738528768,-0.16055082843030016,-47.588057389460936,0.7154660009510223,0.12499999999999993,-0.11365112680700926,0.10622368955884037,1.3050648059481749,0.5683387622149837,0.07274903577603405,-0.34169926119078664,-0.11365112680700926,0.10622368955884037,1.3050648059481749,Drug Manufacturers—Specialty & Generic,Healthcare,AQST
2018Q3,2018,Q3,2018-11-06,2018-09-30,-15038000.0,13267000.0,-9204000.0,-0.64,7675000.0,0.5785030526871184,90010000.0,23444000.0,77359000.0,21329000.0,66566000.0,4483000.0,-47432000.0,409315583.52,392137583.52,0.9914492785984315,3.6269398471564536,0.5199866681479836,1.9964169936870841,-0.13102152374444825,0.9914492785984315,-0.6414434396860604,30.852158251300217,-6.804687849448064,17.45928952055963,0.0,1.2473789872853,0.0,0.1473947339184535,3.349055276853111,-0.16707032551938675,-34.329915585003775,0.5785030526871184,0.5790974534080611,-2.5050494273776858,-0.5866331280636613,0.0,-0.14293690675600224,0.5879209711451511,0.7184115523465704,-2.5050494273776858,-0.5866331280636613,0.0,Drug Manufacturers—Specialty & Generic,Healthcare,AQST
2018Q2,2018,Q2,2018-09-04,2018-06-30,-36493000.0,13928000.0,-32686000.0,-1.520542,8955000.0,0.6429494543365881,39841000.0,-38948000.0,26649000.0,23474000.0,78789000.0,4348000.0,-32394000.0,385200000.0,420992000.0,-1.6228333333333333,1.1352560279458124,1.1653823950202054,-1.1921022902331313,-4.368618016573109,-1.6228333333333333,0.9369672383691076,27.656519241815047,-2.6388622475543255,-9.89010989010989,0.0,1.1437442502299908,0.0,0.34958961873446953,0.7355797904064071,-0.9159659647097211,-3320.689655172414,0.6429494543365881,-8.419087582337156,-4.157000734836923,0.0417040627056782,0.0,-0.4962025316455696,-9.90290314710905,-7.161357210179077,-4.157000734836923,0.0417040627056782,0.0,Drug Manufacturers—Specialty & Generic,Healthcare,AQST
2018Q1,2018,Q1,2018-03-31,2018-03-31,4099000.0,23411000.0,5305000.0,0.20495,17775000.0,0.759258468241425,46082000.0,-22820000.0,30421000.0,23472000.0,68902000.0,3850000.0,-23201000.0,321000000.0,350477000.0,-1.141,1.2960548738922972,0.9974610476975826,-2.014241893076249,0.22920717217541586,-1.141,-0.17962313759859772,13.711503139549784,19.57794584044889,-14.06660823838738,0.0,1.4638961038961038,0.0,0.5080291654008072,1.1046779141104295,0.08895013237272688,610.2661596958175,0.759258468241425,1.4082669322709163,3.8133150308853807,0.42437332684351425,0.0,1.7013677811550152,1.4082669322709163,1.7311190738699007,3.8133150308853807,0.42437332684351425,0.0,Drug Manufacturers—Specialty & Generic,Healthcare,AQST
2017Q4,2017,Q4,2017-12-31,2017-12-31,-10040000.0,12195000.0,-7256000.0,-0.502,6580000.0,0.5395653956539566,43116000.0,-26495000.0,28163000.0,15350000.0,69611000.0,4014000.0,-120093000.0,321000000.0,349128000.0,-1.32475,1.8347231270358306,1.0554550514890064,-1.7175693527080582,-0.38165369240479696,-1.32475,0.3789394225325533,26.322263222632227,-7.993027888446216,-12.115493489337611,0.0,1.3988540109616343,0.0,0.2828416365154467,1.5347231270358306,-0.2328601911123481,-42.817126850740294,0.5395653956539566,-2.2830670926517573,0.0,0.0,0.0,-0.704482170124854,-2.1880250857886643,-1.6962863448805297,0.0,0.0,0.0,Drug Manufacturers—Specialty & Generic,Healthcare,AQST
2017Q3,2017,Q3,2017-09-30,2017-09-30,8451000.0,27146000.0,10421000.0,0.39125,22266000.0,0.8202313416341266,,,,,,,,321000000.0,,,0.0,0.0,0.0,0.0,,0.0,11.824946585132247,9.4959176428825,0.0,0.0,0.0,0.0,0.0,0.0,0.0,21.12676056338028,0.8202313416341266,2.201627764127764,0.0,0.0,0.0,2.7103816030661556,2.433101577073088,3.5673811283567383,0.0,0.0,0.0,Drug Manufacturers—Specialty & Generic,Healthcare,AQST
2017Q2,2017,Q2,2017-06-30,2017-06-30,-5897000.0,11142000.0,-4059000.0,-0.3256,6001000.0,0.5385927122599174,,,,,,,,321000000.0,,,0.0,0.0,0.0,0.0,,0.0,28.8099084544965,-13.60861454977107,0.0,0.0,0.0,0.0,0.0,0.0,0.0,-44.632925472747495,0.5385927122599174,-3.46945778997941,0.0,0.0,0.0,-0.5102024159320927,-3.0473575840768703,-6.197183098591549,0.0,0.0,0.0,Drug Manufacturers—Specialty & Generic,Healthcare,AQST
2017Q1,2017,Q1,2017-03-31,2017-03-31,-1457000.0,16436000.0,781000.0,-0.07285,12252000.0,0.7454368459479191,,,,,,,,321000000.0,,,0.0,0.0,0.0,0.0,,0.0,19.530299342905817,-55.07892930679479,0.0,0.0,0.0,0.0,0.0,0.0,0.0,98.73884958474315,0.7454368459479191,0.0,0.0,0.0,0.0,0.0,0.0,0.0,0.0,0.0,0.0,Drug Manufacturers—Specialty & Generic,Healthcare,AQST
