Quarters,Year,Quarter,FillingDate,Date,NetIncome,Revenue,OperatingIncome,EPSDiluted,GrossProfit,GrossProfitRatio,TotalAssets,CommonStockEquity,CurrentAssets,CurrentLiability,TotalLiability,Inventory,RetainedEarnings,MarketCap,EnterpriseValue,bookValuePerShare,currentRatio,debtToAssets,debtToEquity,roic,shareholdersEquityPerShare,roe,priceToSalesRatio,peRatio,pbRatio,payoutRatio,inventoryTurnover,dividendYield,assetTurnover,quickRatio,returnOnAssets,priceToFreeCashFlowsRatio,grossProfitMargin,epsdilutedGrowth,fiveYNetIncomeGrowthPerShare,fiveYRevenueGrowthPerShare,fiveYShareholdersEquityGrowthPerShare,grossProfitGrowth,netIncomeGrowth,operatingIncomeGrowth,threeYNetIncomeGrowthPerShare,threeYRevenueGrowthPerShare,threeYShareholdersEquityGrowthPerShare,Industry,Sector,Symbol
2023Q1,2023,Q1,2023-03-31,2023-03-31,312299000.0,2981059000.0,462109000.0,1.47,1175628000.0,0.3943658948,59203276000.0,13058234000.0,5266242000.0,5825329000.0,46036348000.0,1410603000.0,10586782000.0,22770924956.7,48389337956.7,61.78467206910902,0.9040248198857095,0.46600335089564976,2.112760806706328,0.015216872823832755,61.78467206910902,0.02391586794967834,7.6385354857787116,18.228464513735236,1.7437982009435578,0.7389520939868524,1.2799001561743453,0.010134590511313343,0.05035293992852693,0.5512425135129707,0.005275029037244493,-74.19100216243162,0.39436589480449735,1.8823529411764706,0.9604968241730905,-0.06426020761049393,0.40000477267096746,0.07468891806012118,2.1980809404825297,0.029478008452204055,1.3944111813523297,0.16101771520718688,0.2032362148393736,Utilities—Regulated Electric,Utilities,ETR
2022Q4,2022,Q4,2023-02-24,2022-12-31,97652000.0,3272500000.0,448877000.0,0.51,1093924000.0,0.3342777693,58595191000.0,12966985000.0,4095026000.0,6369447000.0,45530299000.0,1330940000.0,10502041000.0,23398251750.0,49934257750.0,62.345931998958,0.6429170381667356,0.4566956697862799,2.063715659422757,0.006562016230793824,62.345931998958,0.007530817688151872,7.149962337662338,59.90213142075943,1.8044481234458125,2.3585794453774627,1.636870181976648,0.009843470463557175,0.05584929316127667,0.26994823883454877,0.0016665531476806688,-43.82105393763461,0.334277769289534,-0.8138686131386862,1.17795542452048,0.08122172005314378,0.40646468125537244,-0.31795401917592647,-0.8243296239129887,-0.5298264909055677,-0.7600501845872578,0.2723348747126405,0.21007290476618148,Utilities—Regulated Electric,Utilities,ETR
2022Q3,2022,Q3,2022-11-03,2022-09-30,555882000.0,4218615000.0,954705000.0,2.74,1603886000.0,0.3801925513,58975295000.0,12096351000.0,5509805000.0,6154875000.0,46781029000.0,1264627000.0,10621307000.0,20472748136.989998,47075868136.99,59.45737196515751,0.8951936473120901,0.46810466993001054,2.282226350739988,0.018063450028251493,59.45737196515751,0.045954519672916236,4.852954852952924,9.207326436631336,1.6924730554685459,0.3778697637268341,2.067589099394525,0.010260029508226182,0.07153190162083971,0.43675557992648106,0.009425675615526806,-135.70063789291228,0.3801925513468283,2.5128205128205128,0.22155068155302818,0.147913106014838,0.22855024296428486,0.18107262861094073,2.3892970593435807,21.160169777852857,0.47120497159513963,0.31346210128128227,0.17457053435680928,Utilities—Regulated Electric,Utilities,ETR
2022Q2,2022,Q2,2022-08-04,2022-06-30,164011000.0,3395196000.0,-47356000.0,0.78,1357991000.0,0.3999742577,57827579000.0,11711079000.0,4795411000.0,5541615000.0,46009008000.0,1232758000.0,10266189000.0,22909083535.36,49179991535.36,57.58134918509173,0.8653453911901133,0.4643251103422469,2.2927688388063987,0.0010295559192191044,57.58134918509173,0.014004772745534378,6.747499565668669,34.92004124016072,1.9561889673325576,1.280322661284914,1.6525587341554466,0.009166102156635231,0.058712400877097067,0.4792828444415572,0.0028362072705827787,-21.25762144086229,0.3999742577453555,-0.43065693430656937,-0.6498728020290246,0.14417829459862086,0.2345729717655108,0.1135208401152231,-0.41339375449313825,-1.0836589760802742,-0.3528813727786314,0.20852670904237178,0.13440229900824235,Utilities—Regulated Electric,Utilities,ETR
2022Q1,2022,Q1,2022-05-05,2022-03-31,279593000.0,2877925000.0,566060000.0,1.37,1219547000.0,0.423759132,59833526000.0,11710103000.0,3839001000.0,5363185000.0,48056700000.0,1206315000.0,10311894000.0,23693668569.0,51550672569.0,57.701259780376056,0.7158061860629458,0.4773008864628837,2.438799641642776,0.011356176199945452,57.701259780376056,0.02387622038849701,8.232899943188235,21.18585637784208,2.02335270398561,0.749797026391934,1.3747470602620377,0.008847848925948231,0.04809887018859627,0.433601488667648,0.004672848462916927,-22.63139609890939,0.42375913201351667,0.1322314049586778,1.8711782944458617,-0.01750999932511632,0.2843013931897473,0.24554781054512959,0.1394007808106412,0.27809074385576715,0.009779618937174522,0.030182727463231435,0.21942916192842163,Utilities—Regulated Electric,Utilities,ETR
2021Q4,2021,Q4,2022-02-25,2021-12-31,245386000.0,2722456000.0,442895000.0,1.21,979125000.0,0.3596476858,59454242000.0,11705394000.0,3623595000.0,6190742000.0,47748848000.0,1196090000.0,10240552000.0,22697984130.600002,49337503130.600006,58.09382130646259,0.5853248285908216,0.4555112821049842,2.3136408736006664,0.012132138404213942,58.09382130646259,0.020963497683204855,8.337318998213378,23.124774977586334,1.9391046666690588,0.8458958538791944,1.4575249354145592,0.009144909028294092,0.045790778057518584,0.33660940804834055,0.0041273085274554505,-11.112245671273518,0.3596476857660877,-0.5399239543726235,1.123560918294503,-0.08617111762089195,0.2876145319517061,-0.3725612956268812,-0.5418338520826838,-0.46501866235036904,4.577683548474896,-0.01541903550190313,0.20258518712242837,Utilities—Regulated Electric,Utilities,ETR
2021Q3,2021,Q3,2021-11-05,2021-09-30,535583000.0,3353532000.0,827870000.0,2.63,1560511000.0,0.4653335647311551,58843499000.0,11287524000.0,4232667000.0,6644900000.0,47555975000.0,1158243000.0,10184645000.0,19957640396.19,44580929396.19,56.16716135711098,0.6369797890111213,0.4354486975698029,2.2700571888042056,0.017312505033200035,56.16716135711098,0.04744911284352529,5.951230045274653,9.3158485221665,1.7681149910458662,0.3649985156362319,1.548052524383916,0.009795095818908497,0.05699069662733686,0.3808702915017532,0.009101821086472102,118.4907879511613,0.4653335647311551,379.794324856528,0.21339535272288201,-0.04393552466145169,-0.0013733709944664825,0.39478663624167315,385.20588235294116,3.9217040806620376,-0.10639145863743477,-0.02701980275955533,0.20845519953728261,Utilities—Regulated Electric,Utilities,ETR
2021Q2,2021,Q2,2021-08-06,2021-06-30,-1394000.0,2822070000.0,168208000.0,-0.0069430818452629614,1118817000.0,0.3964526039396613,55949283000.0,10922947000.0,3794706000.0,3804540000.0,45026336000.0,1146304000.0,9844549000.0,20017306881.5,44693960881.5,54.40381277795519,0.9974151934268006,0.45333083178206235,2.3220413868162137,0.000326197088363815,54.40381277795519,-0.00012762123628357806,7.093129114975887,-3589.904390512913,1.8325921458284107,-140.03443328550932,1.4858650061414773,0.009751961198157544,0.050439788477718295,0.5590386748463677,-2.491542206179836e-05,-33.49408902310265,0.3964526039396613,-1.0041825794248571,-1.0021681824920223,0.020604377853055692,-0.003068517342229828,-0.07795785767735938,-1.0041103362868389,-0.6688799343303209,-1.0050448858713799,-0.047641847598445,0.22624113497369264,Utilities—Regulated Electric,Utilities,ETR
2021Q1,2021,Q1,2021-05-06,2021-03-31,339145000.0,2844838000.0,507997000.0,1.66,1213412000.0,0.4265311416678208,58667628000.0,11052176000.0,4788554000.0,4511906000.0,47615452000.0,1118827000.0,10041152000.0,19946276359.03,43935724359.03,55.11604907761654,1.0613151071853004,0.4386082218970912,2.3282387106394253,0.011562080808073118,55.11604907761654,0.030685812459012595,7.011392690560938,14.70335428727388,1.8047374887108203,0.5754913090271123,1.4581575167563887,0.009785034383705465,0.048490762230918895,0.6828759287095076,0.0057807859557574065,-12.091700913096878,0.4265311416678208,-0.13989637305699484,0.28389675097285405,-0.029263846131360374,0.05144739676283948,0.3520935290918978,-0.1360419617473532,2.339646705366476,1.2439591935347045,-0.058812709434127544,0.24889765010195944,Utilities—Regulated Electric,Utilities,ETR
2020Q4,2020,Q4,2021-02-26,2020-12-31,392548000.0,2370102000.0,152111000.0,1.93,897432000.0,0.3786469949394583,58239212000.0,10961142000.0,3088909000.0,166083000.0,999823000.0,172934000.0,9897182000.0,19991668469.760002,23284025469.760002,54.74082460577828,18.598586249044153,0.05874406405086662,0.31212149245033044,0.04004472395004383,54.74082460577828,0.03581269177974339,8.434940129057738,12.731989762882503,1.8238673004838366,1.4572561826833916,8.515792151919229,0.028614069949453667,0.04069598331790616,18.333158721843898,0.00674026976875992,19.09785085408702,0.3786469949394583,-0.2548262548262548,2.335405240945958,-0.15827722171002073,0.05491016273180338,-0.3685636989843483,-0.2532837231952125,-0.8044885966355447,1.7430350074530616,-0.18662923004382173,0.23490072186440267,Utilities—Regulated Electric,Utilities,ETR
2020Q3,2020,Q3,2020-11-04,2020-09-30,525699000.0,2903568000.0,778016000.0,2.59,1421255000.0,0.4894856948416569,56070251000.0,10806839000.0,4062805000.0,6875526000.0,45263412000.0,1065046000.0,9699435000.0,19727678373.54,40548898373.54,53.97481784263949,0.5909082446928424,0.39345078016504687,2.041381758347654,0.018431483504511542,53.97481784263949,0.04864502931893406,6.79428839742689,9.381641573191123,1.8254809175504512,0.3629206066589436,1.3917830779140057,0.009671031552090564,0.05178446588370007,0.3762743388651283,0.009375720468952423,-149.2271376753228,0.4894856948416569,0.4469273743016759,1.6549159282062915,-0.2293898879730188,0.05597417293912142,0.31760311569743027,0.43982547868742006,0.7709913933409361,0.17383540560356095,-0.19719087882113331,0.11526583471241207,Utilities—Regulated Electric,Utilities,ETR
2020Q2,2020,Q2,2020-08-05,2020-06-30,365113000.0,2412788000.0,439311000.0,1.79,1078667000.0,0.4470624853903451,53365302000.0,10460988000.0,3546996000.0,6115901000.0,42904314000.0,1036308000.0,9364523000.0,18778699118.100002,39272823118.100006,52.25842738670446,0.5799629523107062,0.4015641474304783,2.048524670901066,0.011072942747201654,52.25842738670446,0.03490234383215046,7.7829876135408504,12.858141943795482,1.7951171646597819,0.5223862201564995,1.2873788487592492,0.010156720590733751,0.04521267395807111,0.345474526157307,0.006841767708913181,-52.73967353649906,0.4470624853903451,2.033898305084746,1.1300550573189914,-0.2024976844682502,-0.08492779827711743,0.016785438229361085,1.9613200966794815,0.09894785819349804,-0.20808444319960373,-0.17387317368635652,0.12044686190332973,Utilities—Regulated Electric,Utilities,ETR
2020Q1,2020,Q1,2020-05-11,2020-03-31,123294000.0,2427179000.0,399756000.0,0.59,1060860000.0,0.43707530429358527,52555029000.0,10258967000.0,3973951000.0,6017939000.0,42296062000.0,998720000.0,9190141000.0,18774267803.52,38710793803.520004,51.34874707653059,0.660350827750165,0.4071990712820271,2.0860149954668925,0.029881166347037042,51.34874707653059,0.012018169080766123,7.735015754305719,38.06808888413062,1.8300349151644604,1.545298230246403,1.3680701297661007,0.010148251958155096,0.04618357265105876,0.4220557901966105,0.0023459981346409305,-37.965011786336106,0.43707530429358527,-0.6927083333333334,-0.634004081934233,-0.25255245577422064,-0.09803651577733824,0.19082283134443792,-0.6835410223174754,0.6084171561921622,0.28610802733137713,-0.15831010857750424,0.14290862383154723,Utilities—Regulated Electric,Utilities,ETR
2019Q4,2019,Q4,2020-02-21,2019-12-31,389605000.0,2462306000.0,248540000.0,1.92,890863000.0,0.3618002799002236,51723912000.0,10258675000.0,3045992000.0,5620463000.0,41465237000.0,970465000.0,9257609000.0,23853466652.0,43248126652.0,51.52245931083376,0.5419468111434947,0.3831957257989303,1.9320606218639347,0.02199702114620531,51.52245931083376,0.03797810146047126,9.687450159322196,15.306186170608692,2.325199565440956,0.4858125537403267,1.619268082826274,0.00793490534358578,0.047604790604392024,0.29077924719013365,0.007532396234840087,-29.89444677243293,0.3618002799002236,0.05494505494505487,1.8213701420665664,-0.2127308192670715,-0.08068233163680967,-0.34952470032280514,0.054528377979694634,-0.5219731924935904,1.1985259455989838,-0.16361268090224404,0.14196425434902477,Utilities—Regulated Electric,Utilities,ETR
2019Q3,2019,Q3,2019-11-05,2019-09-30,369459000.0,3140575000.0,519929000.0,1.82,1369557000.0,0.4360847933897455,50506268000.0,10070061000.0,3661672000.0,5103046000.0,40436207000.0,935546000.0,9057749000.0,23346704938.32,41766687938.32,50.620520629453864,0.7175463438895122,0.3836318692167079,1.9241009562901357,0.01636376242145471,50.620520629453864,0.03668885421846005,7.433895047346425,15.797899725219848,2.318427359905764,0.5009080845235871,1.8930314490148,0.00792681453288273,0.062181886018582884,0.4495750185281497,0.007315111858987483,291.84110775669393,0.4360847933897455,0.4918032786885247,0.4199689050207946,-0.18003456283611358,-0.11237683930289308,0.42633512220980574,0.5360012971193142,0.5347324920670061,-0.15442426548607077,-0.09550824328272992,-0.09999012495409597,Utilities—Regulated Electric,Utilities,ETR
2019Q2,2019,Q2,2019-08-06,2019-06-30,240533000.0,2666209000.0,338775000.0,1.22,960193000.0,0.3601341830291624,50565745000.0,9797503000.0,3283508000.0,4522608000.0,40768242000.0,917718000.0,8873465000.0,19687965438.0,38041816438.0,50.759196482088015,0.7260209153656474,0.37554593529671126,1.9382244639271864,0.011697321649168816,50.759196482088015,0.024550439025127116,7.384254361904862,20.462852745777084,2.009488074461421,0.7357451992034357,1.8589762868332103,0.00898879066794916,0.05272757278667604,0.4135960932276244,0.0047568368665388,-32.37790088937422,0.3601341830291624,-0.07575757575757582,0.15041619669227765,-0.17326025179256058,-0.10363817874032082,0.0020224261809226145,-0.07003007972286446,0.19601135376729015,-0.6108495384687438,0.002983197237343638,-0.06985487921703255,Utilities—Regulated Electric,Utilities,ETR
2019Q1,2019,Q1,2019-05-03,2019-03-31,258646000.0,2609584000.0,283254000.0,1.32,958255000.0,0.36720603743738467,49605381000.0,8970367000.0,3407776000.0,4861083000.0,40635014000.0,893412000.0,8809902000.0,17888314645.32,36165036645.32,47.318254788270366,0.701032259683696,0.3882687243144045,2.1470936473390667,0.008609822479530451,47.318254788270366,0.02883337994978355,6.8548529747729905,17.29034534201186,1.9941563868367926,0.68317314012202,1.8483398476850545,0.009877956839619256,0.052606873435766976,0.423404619917002,0.005214071433097147,-36.5900255588124,0.36720603743738467,4.666666666666667,-0.3992361510919994,-0.23298552439148035,-0.15753429069029956,1.1061104908261317,5.150155643272039,2.2372844338056717,0.03571119011298366,-0.05810353672346363,-0.09731091670914148,Utilities—Regulated Electric,Utilities,ETR
2018Q4,2018,Q4,2019-02-26,2018-12-31,-62322000.0,2512482000.0,-228932000.0,-0.36,454988000.0,0.18109104861248757,48275066000.0,8844305000.0,2958064000.0,5443544000.0,39430761000.0,870147000.0,8721150000.0,15758011735.109999,33389304735.11,48.30744792846711,0.5434077505389872,0.3751888811503645,2.0479017853861894,-0.0009130450142604633,48.30744792846711,-0.007046568384966371,6.271890399656594,-63.212074929840185,1.7817128349949485,-2.7070215975097076,2.364536107117533,0.010706109554678685,0.05204512822416442,0.2930774510135309,-0.0012909770024964855,-22.784600142146996,0.18109104861248757,-1.1232876712328768,-1.4010826673727188,-0.09087469705333061,-0.11429455468432884,-0.4879173443030709,-1.1154500220444667,-1.8446584389469995,-1.5791513486167073,-0.0241122770466627,-0.06906740769122116,Utilities—Regulated Electric,Utilities,ETR
2018Q3,2018,Q3,2018-11-06,2018-09-30,539818000.0,3104319000.0,271035000.0,2.92,888505000.0,0.28621575295580126,48471172000.0,8412712000.0,3694546000.0,5750563000.0,40058460000.0,880686000.0,8953611000.0,14597835736.95,32073833736.95,46.47848044231791,0.6424668332474577,0.38092701781586796,2.194771317501419,0.02117973785107266,46.47848044231791,0.06416694164735462,4.702427726322585,6.760535836592148,1.7352116341258326,0.30470084361766375,2.5160091110793177,0.011267629185856715,0.06404464492832977,0.4094614735983242,0.011136887715444554,-48.896600971210376,0.28621575295580126,1.1791044776119401,1.1775157470012798,-0.08778914849238431,-0.12797693566826468,0.0558234544780447,1.169163385035763,1.9589942902060111,1.743907880457547,-0.08863480151165984,-0.0906856770200883,Utilities—Regulated Electric,Utilities,ETR
2018Q2,2018,Q2,2018-08-07,2018-06-30,248860000.0,2668770000.0,91597000.0,1.34,841528000.0,0.3153242879678653,47622649000.0,8022461000.0,3534450000.0,6232073000.0,39600188000.0,926651000.0,8578276000.0,14608706570.37,31656058570.370003,44.36632504513262,0.5671387353774578,0.3750345555116012,2.2262668525281706,-0.027726525442762648,44.36632504513262,0.031020406331673037,5.473947387886555,14.675627431457446,1.8209757043842285,0.6605038977738488,1.971877222384695,0.011251714805018282,0.05603993175600123,0.33235377698560337,0.005225664788197733,-30.94514232714941,0.3153242879678653,0.8356164383561645,0.4593139411423003,-0.03951677361306386,-0.15611777722524273,-0.1459109117795417,0.8271659324522761,-0.7271169979503312,0.6072403955502642,-0.02346875112765758,-0.2231226087042264,Utilities—Regulated Electric,Utilities,ETR
2018Q1,2018,Q1,2018-05-04,2018-03-31,136200000.0,2723881000.0,335664000.0,0.73,985293000.0,0.36172395196412765,47281525000.0,7974943000.0,3655734000.0,5232672000.0,39306582000.0,940581000.0,8493790000.0,14236142758.5,30688732758.5,44.13175817339146,0.6986361843432953,0.37346904525604874,2.2142084275712066,0.009907134212010943,44.13175817339146,0.017078491971666755,5.226418760033937,26.130952199889865,1.7851090294313074,1.2065051395007342,1.8484192217363524,0.011542873851969879,0.057609838092151214,0.4371374701108726,0.0028806177465722604,-33.596964972046074,0.36172395196412765,1.2744360902255638,-0.1964381517913996,0.028600865866814637,-0.15583724437686267,0.36647162675490846,1.2863082838109692,0.584060481073709,-0.5529986543509892,-0.07260560351054154,-0.22480612218993296,Utilities—Regulated Electric,Utilities,ETR
2017Q4,2017,Q4,2018-02-26,2017-12-31,-475711000.0,2623845000.0,211901000.0,-2.66,721049000.0,0.2748062480824896,46707149000.0,7992515000.0,3285331000.0,5036207000.0,38714634000.0,905865000.0,7977702000.0,14674902271.95,30548705271.95,44.328117747905125,0.6523423282641083,0.356585155732798,2.0838341873615502,-0.026460672180765064,44.328117747905125,-0.05951956299112357,5.592899836670993,-7.7120889951830005,1.8360806669677816,-0.3449384184935812,2.100529328321549,0.011181743970700774,0.05617651807435303,0.39597717091453943,-0.010184971897985038,-60.462452348472056,0.2748062480824896,-2.2036199095022626,-2.5541682761587507,0.06208859628108586,-0.1516738276279121,-0.4692350216303315,-2.1844095766400096,-0.7095133583469619,-4.804251804203832,-0.07357573765377182,-0.2090513070216711,Utilities—Regulated Electric,Utilities,ETR
2017Q3,2017,Q3,2017-11-03,2017-09-30,401644000.0,3243628000.0,729469000.0,2.21,1358509000.0,0.4188239218554039,46398442000.0,8690237000.0,3471231000.0,4460871000.0,37708205000.0,878636000.0,8617901000.0,13711493218.84,29366662218.84,48.39636987226252,0.7781509485479405,0.34918112121092343,1.8643289015017657,0.01827482829887948,48.39636987226252,0.04621784192997268,4.227208921257308,8.534606030987641,1.5778042898991131,0.397448984672994,2.145506216453685,0.01164227684411932,0.06990812320810255,0.4168768834606515,0.008656411351053555,-535.1453133572711,0.4188239218554039,-0.02643171806167403,0.15874636578025034,0.08203299068478972,-0.07467295204391382,0.8018555607135752,-0.02836213736912388,4.083088865506693,0.7101748982867824,-0.06178131390601775,-0.15137698589198884,Utilities—Regulated Electric,Utilities,ETR
2017Q2,2017,Q2,2017-08-03,2017-06-30,413368000.0,2618550000.0,143509000.0,2.27,753950000.0,0.28792652422142023,46007037000.0,8370856000.0,3599344000.0,4240530000.0,37636181000.0,869077000.0,8375890000.0,13778322312.42,29105851312.42,46.64070128049788,0.8487957873190379,0.35346818792090434,1.9426954662701161,0.03154832220811397,46.64070128049788,0.049381807547519634,5.261813718439594,8.332963795226044,1.6459872577452055,0.3860531052234329,2.1454945879363967,0.011582106760280259,0.05691629304447492,0.4845929636153971,0.008984886377273111,-19.485208688830845,0.28792652422142023,3.9347826086956523,0.1011036791363187,0.026309915661002943,-0.0943474011184736,0.09074784837888786,3.8037559121916074,-0.17902438745330457,1.1262437030054666,-0.12676453324422282,-0.17636710503546624,Utilities—Regulated Electric,Utilities,ETR
2017Q1,2017,Q1,2017-05-05,2017-03-31,86051000.0,2588458000.0,174803000.0,0.46,691223000.0,0.2670404542009181,45318206000.0,8057189000.0,3397491000.0,3879043000.0,37261017000.0,854402000.0,8122103000.0,13622291385.48,28126253385.48,44.92812986604856,0.8758580402434312,0.3439461835713444,1.9345486372480527,0.006773756638052821,44.92812986604856,0.010680027488495057,5.262705203437722,39.57621464445503,1.6907002411734415,1.8537727626640015,2.2205413845005046,0.011710144459986468,0.057117397806965266,0.5300804863467613,0.0018988174421555874,-33.83008181797411,0.2670404542009181,1.0465587044534415,1.578342338864779,0.07096326936604258,-0.11789513205992946,1.3487096105347964,1.0487392511517735,1.0672577655799287,-0.7887142391696602,-0.19575256344248643,-0.20008865574345733,Utilities—Regulated Electric,Utilities,ETR
2016Q4,2016,Q4,2017-02-24,2016-12-31,-1765538000.0,2648527000.0,-2599001000.0,-9.88,-1982231000.0,-0.7484277109502754,45904434000.0,8081809000.0,3684268000.0,3200096000.0,37822625000.0,878123000.0,8195571000.0,13160565384.75,27222710384.75,45.11740110482186,1.1512992110236693,0.33221167698092086,1.8869524137479616,-0.0719123936824525,45.11740110482186,-0.21845826843965255,4.9690131098342585,-1.8635347107722973,1.6284182643700191,-0.09044495219021058,5.273473078372848,0.012133521268397496,0.05769653972860225,0.7368563318100457,-0.038461164775498595,-71.1943771016586,-0.7484277109502754,-5.574074074074074,-11.85009835575905,0.04645625916531395,-0.12228335639821092,-2.4364887956785712,-5.490132348602761,-4.366319975131466,-12.613274492001285,-0.020486783811769566,-0.17278329635204082,Utilities—Regulated Electric,Utilities,ETR
2016Q3,2016,Q3,2016-11-04,2016-09-30,393204000.0,3124703000.0,772060000.0,2.16,1379914000.0,0.4416144510374266,47738181000.0,10069062000.0,4340035000.0,3451747000.0,37669119000.0,1107179000.0,10123086000.0,13736461722.230001,27477036722.230003,56.244405792627575,1.2573444693368314,0.31521957235865355,1.4944797241292187,0.0185424420101243,56.244405792627575,0.03905070800040759,4.396085555084755,8.733673692428104,1.3642245645354056,0.4032130904059979,1.5758870065273998,0.011541909642089516,0.06545500759653997,0.7787045226663484,0.008236677472063714,54.13938658633003,0.4416144510374266,-0.3164556962025316,-0.3860840517914203,-0.0904213314332596,0.09858442389560833,0.3460566373994906,-0.31328874063466006,0.7457230847152567,0.6036378135990992,-0.07164933211176752,0.05525005602697644,Utilities—Regulated Electric,Utilities,ETR
2016Q2,2016,Q2,2016-08-04,2016-06-30,572590000.0,2462562000.0,442258000.0,3.16,1025153000.0,0.4162953054582991,45877042000.0,9757787000.0,3851928000.0,4021843000.0,36119255000.0,1112197000.0,9887350000.0,14546042921.15,28361450921.15,54.57126565299885,0.957751956006239,0.3228522667176319,1.5179166136748015,0.03181222550596925,54.57126565299885,0.058680313476816,5.9068737847615616,6.350985400177264,1.4907112566763343,0.2746817094255925,1.2924050325616774,0.010812562622877615,0.05367743630899307,0.5385762199071421,0.012480970329342506,650.5676873361957,0.4162953054582991,1.46875,0.7760251589172613,-0.12645151814148012,0.11639906682579992,-0.025571832678108388,1.4340466413310549,-0.11232030958335508,2.3955039811755907,-0.1037427912872946,0.03798817936886384,Utilities—Regulated Electric,Utilities,ETR
2016Q1,2016,Q1,2016-05-06,2016-03-31,235242000.0,2609852000.0,498218000.0,1.28,1052056000.0,0.4031094483518606,45933882000.0,9360947000.0,4001195000.0,3839348000.0,36572935000.0,1100577000.0,9472040000.0,14157706334.08,28131768334.08,52.419216831299366,1.0421548137860908,0.32798693130269285,1.6094218886187477,0.012773390337117689,52.419216831299366,0.025130149759420708,5.42471616554502,15.045895645845555,1.5124224433788591,0.6678866869011486,1.415435721444297,0.011097489684596548,0.05681757966809772,0.5430804917918355,0.00512131763651067,-12.454141658973933,0.4031094483518606,1.2857142857142856,-0.07134645514317851,0.028483500636594137,0.08636067127223454,2.7329189020409324,1.243626548655686,2.9591664995418814,0.40444314972766254,-0.002709378690862959,0.0026872338522976862,Utilities—Regulated Electric,Utilities,ETR
2015Q4,2015,Q4,2016-02-26,2015-12-31,104849000.0,2508523000.0,-254301000.0,0.56,281832000.0,0.11234977713977508,44647681000.0,9256791000.0,4067412000.0,3089958000.0,35390890000.0,1091167000.0,9393913000.0,12194574558.64,24666600558.64,51.891456296165565,1.3163324550042428,0.3096014550005408,1.4932806628128474,0.0027427399043972365,51.891456296165565,0.011326711384107084,4.861256826682474,29.076516129481448,1.317365225015883,1.4929946875983557,2.0406509727658553,0.012836774193904965,0.056184844180373,0.7831371817998821,0.0023483638489533195,-1118.255346963778,0.11234977713977508,1.1386138613861385,-0.5315114290575482,0.03234695751809758,0.12333085315761833,1.739730126275286,1.1459818749625819,0.7364800169116367,-0.6537747730073677,0.02631393803294891,-0.006930978913040587,Utilities—Regulated Electric,Utilities,ETR
2015Q3,2015,Q3,2015-11-04,2015-09-30,-718233000.0,3371406000.0,-965016000.0,-4.04,-380993000.0,-0.11300715487840977,45041605000.0,9157125000.0,4117346000.0,3453826000.0,35884480000.0,1094520000.0,9445969000.0,11662784263.199999,24738126263.199997,51.113767008533856,1.192111588713502,0.3133978018767315,1.5415253149869637,-0.02738994702074228,51.113767008533856,-0.07843433392030796,3.4593235769290316,-4.059540658532816,1.273629470297719,-0.21455154525063594,3.4283512407265286,0.013212796920734522,0.07485092949063427,0.6872775293254495,-0.01594599037933928,50.51142196505755,-0.11300715487840977,-5.867469879518072,-2.4973603130152235,0.050236444098719184,0.07698928889850441,-1.402911805109777,-5.672285034022456,-3.557126314645864,-3.0768734606785606,0.12724442721533152,-0.022716966980013242,Utilities—Regulated Electric,Utilities,ETR
2015Q2,2015,Q2,2015-08-06,2015-06-30,153722000.0,2713231000.0,377383000.0,0.83,945599000.0,0.34851400415224504,46265651000.0,10252196000.0,4085050000.0,3998371000.0,36013455000.0,1150604000.0,10318290000.0,12656249958.0,25575289958.0,57.108529019145344,1.0216785786011353,0.298913118071115,1.3489217334510577,0.009490548695735701,57.108529019145344,0.014994055907631887,4.664641513383859,20.5830166762077,1.2344916111631108,1.0010408399578459,1.5362644315507334,0.012158577818126242,0.05864460871846373,0.5253972180170374,0.00332259455292221,133.0514171966822,0.34851400415224504,-0.49696969696969695,-0.4952997223472071,-0.0034377951397317735,0.2161367183288604,-0.1501257376639578,-0.4925477587157387,-0.3047078959925862,-0.590629767919836,0.06314694882599721,0.10891316606588433,Utilities—Regulated Electric,Utilities,ETR
2015Q1,2015,Q1,2015-05-07,2015-03-31,302929000.0,2920090000.0,542769000.0,1.65,1112634000.0,0.3810272971038564,46377533000.0,10227979000.0,4139985000.0,3765425000.0,36149554000.0,1157829000.0,10318450000.0,13921774437.689999,26756621437.69,56.92996221547087,1.0994734990074162,0.30220221071267417,1.3702993523940556,0.014938792323292443,56.92996221547087,0.02961767911334194,4.767584025728659,11.489304785684103,1.361146169511103,0.5088188981576541,1.5610733536644876,0.01107157716782943,0.06296346120868482,0.5971312667228799,0.0065318049582326855,-756.9472834759678,0.3810272971038564,1.4999999999999998,0.4579549568941091,0.11446973610672785,0.20294914208213655,0.31226183104820876,1.4232962954074573,0.6978881544578366,3.0322924050369826,0.20599628010537205,0.11774509536975404,Utilities—Regulated Electric,Utilities,ETR
2014Q4,2014,Q4,2015-02-26,2014-12-31,125007000.0,2831318000.0,319673000.0,0.66,847875000.0,0.2994630062748162,46527854000.0,10101725000.0,4389633000.0,3848891000.0,36426129000.0,1124018000.0,10169657000.0,15767881151.400002,28346254151.4,56.044239204678306,1.1404929367965992,0.30090360496746743,1.3859414109966368,0.00799395725516575,56.044239204678306,0.01237481717231463,5.569095789098929,31.533996399001655,1.5609097606002935,1.2374347036565951,1.7646007448279297,0.009810322548395511,0.06085210807272564,0.6561061355076047,0.002686713210542657,78.28514691682886,0.2994630062748162,-0.48031496062992124,-0.5791323053771253,0.2159909841767736,0.24496421279445632,-0.1976032433721531,-0.4678651092305335,-0.3513905599776001,-0.23653192333662112,0.11174521571073529,0.09028801135198429,Utilities—Regulated Electric,Utilities,ETR
2014Q3,2014,Q3,2014-11-06,2014-09-30,234916000.0,3458110000.0,492859000.0,1.27,1056678000.0,0.3055651786669597,44541649000.0,10243035000.0,4264539000.0,4453567000.0,34298614000.0,1109029000.0,10199338000.0,13889246481.11,26463350481.11,57.02929223894783,0.9575558198630446,0.30628890726519803,1.3318916707792172,0.012202832194903162,57.02929223894783,0.022934218227312512,4.016427031271418,14.781077577846975,1.3559698352207132,0.6553832008036915,2.1653464426989735,0.01108483460275491,0.07763767345030266,0.5348279255706718,0.005274075057257085,19.877076696347945,0.3055651786669597,0.2095238095238095,-0.45023277969678666,0.26795115871393815,0.33414609849905846,0.06566690030406479,0.20915581039834055,0.08445311863966713,-0.6344198615893755,0.0033427880205301125,0.11391508678203598,Utilities—Regulated Electric,Utilities,ETR
2014Q2,2014,Q2,2014-08-07,2014-06-30,194281000.0,2996650000.0,454477000.0,1.05,991565000.0,0.33089116179734035,44150747000.0,10156468000.0,4245133000.0,4128069000.0,33994279000.0,1109815000.0,10118382000.0,14723178315.27,27733643315.27,56.62802149555508,1.0283580531236276,0.30940661094590316,1.3450082253003701,0.01146071586275876,56.62802149555508,0.019128795561606654,4.913212525743747,18.945725926969185,1.449635672092897,0.7918015657732872,1.8066839968823634,0.010448287503280093,0.06787314379980933,0.45614959439873703,0.004400401198194902,76.87781736724209,0.33089116179734035,-0.53125,-0.08362413024115051,0.29980104416584974,0.2533232723939907,-0.23304712100199326,-0.5215378288055993,-0.3857397918843267,-0.3992252436370672,0.05977056404508056,0.15847542836593423,Utilities—Regulated Electric,Utilities,ETR
2014Q1,2014,Q1,2014-05-08,2014-03-31,406053000.0,3208843000.0,739877000.0,2.24,1292863000.0,0.40290628117361926,43876769000.0,10042428000.0,4193316000.0,3917461000.0,33834341000.0,1119274000.0,10077952000.0,11952634868.65,24872672868.65,56.16638667352051,1.0704167827069624,0.3151672585554328,1.3770097231466334,0.020172214315263996,56.16638667352051,0.04043374769527847,3.7249048546937322,7.359036177943519,1.1902136483975787,0.3771625871499533,1.7118060457046265,0.012812907085590363,0.07313307413314778,0.5198966881865575,0.009254396101955456,84.68937449002728,0.40290628117361926,1.7317073170731714,0.8199058795272016,0.23925912886637102,0.23988804104390918,0.7184511831055557,1.6828386806913684,2.2803672848674554,0.6009899229032833,0.2629813420657158,0.16401879345035508,Utilities—Regulated Electric,Utilities,ETR
2013Q4,2013,Q4,2014-02-27,2013-12-31,151352000.0,2691906000.0,225547000.0,0.82,752342000.0,0.27948301315127644,43406446000.0,9726466000.0,3929691000.0,4060572000.0,33679980000.0,1123964000.0,9825053000.0,11283091960.32,24189419960.32,54.54121139703508,0.9677678415750294,0.31436469136404305,1.4029200328259,0.00894031799404938,54.54121139703508,0.015560841933750656,4.1914880981431,18.637170239441833,1.1600402407534247,1.0065212220519055,1.7256460171322212,0.013501529592751764,0.062016272882603654,0.4820003191668563,0.003486855385488137,32.54368819783909,0.27948301315127644,-0.3880597014925374,-0.15202327114488853,-0.04236112771462545,0.2544065227711009,-0.20433314402532285,-0.380167252295419,-0.420029622467819,-0.32351654722417433,0.10815826861794059,0.1806919655752409,Utilities—Regulated Electric,Utilities,ETR
2013Q3,2013,Q3,2013-11-07,2013-09-30,244182000.0,3351959000.0,388894000.0,1.34,945549000.0,0.28208847423253086,43324126000.0,9502451000.0,3489590000.0,3439028000.0,33821675000.0,1103528000.0,9825653000.0,11265748329.99,24490924329.989998,53.29959991131215,1.0147024100995978,0.31369376037730107,1.4302107950885514,0.015278241727648391,53.29959991131215,0.025696738662477712,3.360944549139772,11.534171570785315,1.1855623701706013,0.6237519555085961,2.1806515104283717,0.01351965227152693,0.07736933919913352,0.4893336140328023,0.005636166786145899,31.445908618900344,0.28208847423253086,0.4565217391304348,-0.44555790250546273,-0.09700544160141394,0.2243232534589505,0.1095427465715087,0.452988604921008,0.12231033845869696,-0.4884546124314438,0.04926283627719695,0.12304573829346115,Utilities—Regulated Electric,Utilities,ETR
2013Q2,2013,Q2,2013-08-07,2013-06-30,168055000.0,2738208000.0,346512000.0,0.92,852197000.0,0.31122434818684336,43262285000.0,9368517000.0,3591722000.0,3983954000.0,33893768000.0,1142869000.0,9733990000.0,12356147043.5,25758384043.5,52.57407236196104,0.901547056015205,0.3169876255958279,1.4637972050432315,0.010444502834814235,52.57407236196104,0.017938271340063747,4.512493953527271,18.381105952664306,1.318901064437413,0.9146231888369879,1.6502425037340238,0.012439719231154518,0.06329318943740489,0.39426333737789143,0.0038845613448295667,-117.20097359784495,0.31122434818684336,0.02222222222222224,-0.3460704558690109,-0.0993478377251459,0.3176667103490609,-0.06396722445863791,0.006425842306356374,-0.1206283546295474,-0.4441397076943953,0.013213045012744595,0.11957462273322958,Utilities—Regulated Electric,Utilities,ETR
2013Q1,2013,Q1,2013-05-08,2013-03-31,166982000.0,2608874000.0,394045000.0,0.9,910435000.0,0.3489762249920847,42792973000.0,9307076000.0,3322873000.0,3896420000.0,33485897000.0,1147081000.0,9718171000.0,11285192447.79,24459400447.79,52.27873165384397,0.852801546034565,0.31400339957684176,1.443755160052416,0.010187062749618395,52.27873165384397,0.017941402863799544,4.325694704991502,16.89582177688314,1.2125389808560714,0.9191649399336456,1.4806617841285838,0.013600476971046875,0.06096500937198264,0.3436305634402862,0.003902089251896567,-48.426820095564636,0.3489762249920847,-0.4698466321020374,-0.4147769003083113,-0.0145691291496205,0.2613579361702514,1.5116174390552974,-0.4468047043233394,0.21543050320479207,-0.1889761452958722,0.0048144257116457395,0.10466708469101486,Utilities—Regulated Electric,Utilities,ETR
2012Q4,2012,Q4,2013-02-27,2012-12-31,301850000.0,2436259000.0,324202000.0,1.6976219609213554,-1779523000.0,-0.7304326017882335,43202502000.0,9291089000.0,3683126000.0,4106321000.0,33911413000.0,1142361000.0,9704591000.0,11335231248.75,24241378248.75,52.25362506965326,0.8969405947562307,0.31106337313519483,1.4464091346019825,0.019311713371803287,52.25362506965326,0.032488118454144614,4.652720112578343,9.38813255652642,1.2200110502385673,0.6816266357462316,3.6904113498272437,0.018151283858694026,0.05639161824470259,0.3848515495987771,0.00698686386265314,-16.51831513526235,-0.7304326017882335,-0.10178732226383307,0.7061266535628566,-0.022670796361913367,0.24572757415331506,-1.9041574956456704,-0.11912335483117868,-0.5307214859333114,0.030188758296746283,0.060668153749287315,0.16075968063220938,Utilities—Regulated Electric,Utilities,ETR
2012Q3,2012,Q3,2012-11-06,2012-09-30,342670000.0,2963560000.0,690852000.0,1.89,1968156000.0,0.6641188300557438,42023680000.0,9284522000.0,3807750000.0,3924268000.0,32739158000.0,1136396000.0,9555859000.0,12289560478.58,24435693478.58,52.30190771918222,0.9703083479517709,0.3068710784015108,1.388962404311175,0.018523541014367886,52.30190771918222,0.03690766202072654,4.146891062971561,8.966031807993113,1.3236610865459741,0.44323401523331485,0.8759305734972668,0.012358700725280074,0.07052119186135056,0.4834020000672737,0.00815421210136761,50.501999106547004,0.6641188300557438,-0.08252427184466027,-0.1843275582598908,-0.010926065519325172,0.22285797478395486,0.17269202650502913,-0.0753218577214821,1.0142397312994191,-0.1886075090899071,0.09942624707501535,0.2235534299678717,Utilities—Regulated Electric,Utilities,ETR
2012Q2,2012,Q2,2012-08-08,2012-06-30,370583000.0,2518600000.0,342984000.0,2.06,1678323000.0,0.6663713968077504,40917605000.0,9123996000.0,3203500000.0,3041943000.0,31793609000.0,1134238000.0,9366221000.0,12027834974.91,24241234974.91,51.499549979869506,1.0531098051475651,0.3054135988653295,1.369662262017651,0.02362433698219492,51.499549979869506,0.04061630452271132,4.775603499924562,8.114130285867134,1.3182639465109365,0.41191851757905784,0.740829526078301,0.012691394612449131,0.06155296723745195,0.43421030571578756,0.009056810632000577,-84.877001283687,0.6663713968077504,3.395348837209302,0.5396950823618507,0.011159399666974419,0.24440115557425873,0.12189466113002115,3.525439552950797,7.032397066324287,0.7695322062580185,0.10593530684226692,0.13981705175156653,Utilities—Regulated Electric,Utilities,ETR
2012Q1,2012,Q1,2012-05-09,2012-03-31,-146740000.0,2383659000.0,-56857000.0,-0.86,1495972000.0,0.6275948027800956,40930224000.0,9008260000.0,3476337000.0,2910654000.0,31921964000.0,1118978000.0,9148262000.0,11885352393.6,23781535393.6,50.93286694014814,1.1943491050464947,0.3073812887024513,1.3966276506228728,-0.002625645079645908,50.93286694014814,-0.016289494308556814,4.986179815820972,-20.248998898732452,1.319383809259502,-0.6900367997819272,0.7933015662506323,0.00851939401094444,0.058237135472310145,0.5371401066564422,-0.0035851257496172023,-72.4283805628344,0.6275948027800956,-1.9885057471264367,-1.7841390897749239,0.039470330068563354,0.24812064390384056,-0.05164390083407452,-1.9169759914013973,-1.165911378922949,-1.6648660707605867,-0.06936959825778494,0.12435669010096297,Utilities—Regulated Electric,Utilities,ETR
2011Q4,2011,Q4,2012-02-28,2011-12-31,160026000.0,2489032000.0,342695000.0,0.87,1577437000.0,0.6337552108610898,40701699000.0,9055270000.0,3622703000.0,4950699000.0,31646429000.0,1096888000.0,9446960000.0,12868617225.449999,24522587225.449997,51.403150929984136,0.7317558591221159,0.3033880231879264,1.3636708789467349,0.010219759390140888,51.403150929984136,0.017672140090797955,5.170129281363196,20.10394752329309,1.4211191080387442,0.9511079449589441,0.8310739109188905,0.011827377979585347,0.061153024594870105,0.3426396959298071,0.0039316786259954405,-138.49136058383556,0.6337552108610898,-0.7535410764872521,-0.22945885672756625,0.18678174814371362,0.25386708784136436,-0.21351119576002034,-0.7472218668107268,-0.4297056625878461,-0.09237813408422113,-0.10362241754155005,0.1822335105132027,Utilities—Regulated Electric,Utilities,ETR
2011Q3,2011,Q3,2011-11-07,2011-09-30,633069000.0,3395553000.0,600909000.0,3.53,2005670000.0,0.5906755099979296,39161498000.0,9059362000.0,4154498000.0,4161343000.0,30102136000.0,1075467000.0,9439000000.0,11730046590.01,23155758590.010002,51.197162975589514,0.9983550983420497,0.31696570953440034,1.3701684511558319,0.03440368724836408,51.197162975589514,0.06988008647849595,3.4545320276284897,4.632214888902316,1.2947983080938814,0.24002122991332697,1.29235299641923,0.012953912743143713,0.0867064125075093,0.5372095018363062,0.01616559713829129,19.201820629859778,0.5906755099979296,1.0056818181818181,0.8840909569536909,0.2285909075891863,0.19827675016170324,0.16219992084614657,0.9746504968839481,0.07547544645254126,0.44828345897825705,-0.07836932597627544,0.1760290367365114,Utilities—Regulated Electric,Utilities,ETR
2011Q2,2011,Q2,2011-08-08,2011-06-30,320598000.0,2803279000.0,558738000.0,1.76,1725753000.0,0.6156194228259121,39129761000.0,8691566000.0,3863142000.0,2242404000.0,30438195000.0,1082323000.0,8957516000.0,12140791009.2,23930757009.2,48.881504181258876,1.7227680649873975,0.31484536795407464,1.4174458319709013,0.018041875338439102,48.881504181258876,0.03688610314873062,4.3309249665124305,9.467300957273595,1.3968473586002799,0.47627558500053024,0.9955678665241338,0.01257685762684597,0.07164058579350893,0.7728134626945011,0.008193201077819004,-48.10768051765881,0.6156194228259121,0.2753623188405798,0.29500527085134415,0.2474734288133145,0.18851208388106475,0.07395613449896447,0.2637989892698618,0.09365402796291185,0.2502189844308134,-0.07593452481981393,0.22511968196010482,Utilities—Regulated Electric,Utilities,ETR
2011Q1,2011,Q1,2011-05-09,2011-03-31,253678000.0,2541208000.0,510891000.0,1.38,1606912000.0,0.632341783907496,38598566000.0,8629138000.0,3777586000.0,2310744000.0,29969428000.0,1086626000.0,8789534000.0,12019456125.82,23269732125.82,48.25213045489887,1.6347920842810801,0.3102838846396522,1.387915339863611,0.01501700219483775,48.25213045489887,0.02939783788369128,4.729819883228764,11.845189695026766,1.3928918654238696,0.6058586081567972,0.859813772171842,0.012787017847657782,0.06583685000111145,0.7176796737327891,0.006572213071335344,-25.879738016773068,0.632341783907496,0.09996380195965798,0.4611786403510167,0.14945810283224736,0.17109192378589147,0.000873242770210089,0.08731880020230941,0.2974021026969374,-0.11494165076266147,-0.04445626513280435,0.164205897140081,Utilities—Regulated Electric,Utilities,ETR
2010Q4,2010,Q4,2011-02-28,2010-12-31,233306000.0,2533104000.0,393780000.0,1.2545867396194665,1605510000.0,0.633811323972486,38685276000.0,8590400000.0,4339083000.0,2776249000.0,30094876000.0,1074428000.0,8689401000.0,13171718987.73,23651474987.73,46.19427673539071,1.562930054184621,0.30435941571154873,1.3706262804991618,0.014350319901170505,46.19427673539071,0.02715892158688769,5.199833480082144,14.114209437101916,1.5333068294526448,0.6651607759766144,0.863337515403545,0.011781757578077864,0.06547979649931927,0.83928134688207,0.006030873348299234,124.87053826427007,0.633811323972486,-0.5211500993818831,1.7045723036655889,0.313163384166604,0.1728452464050263,-0.21056047644382206,-0.531420904959018,-0.4890234376013765,0.2608719284649123,-0.028382292953261674,0.10127257622103653,Utilities—Regulated Electric,Utilities,ETR
2010Q3,2010,Q3,2010-11-05,2010-09-30,497901000.0,3332176000.0,770642000.0,2.62,2033734000.0,0.6103321073076572,38668207000.0,8825752000.0,5047463000.0,2914186000.0,29842455000.0,1045718000.0,8611081000.0,14231704844.43,24505348844.43,47.45986569728162,1.7320318606979788,0.31562267678974615,1.3828354796282516,0.02667289507777805,47.45986569728162,0.056414569546028484,4.270994342564738,7.145850703468159,1.6125203659053642,0.32115219692268143,1.2416750978753355,0.011235618061780027,0.08617353269056412,1.0802755898216518,0.012876237059556447,12.842435822070101,0.6103321073076572,0.587878787878788,0.561936327640397,0.19032161559956437,0.20257770104860773,0.16165245826728927,0.5545658058654378,0.23058375290024127,0.131356582735667,0.06159721176318522,0.10964738727514513,Utilities—Regulated Electric,Utilities,ETR
2010Q2,2010,Q2,2010-08-06,2010-06-30,320283000.0,2862950000.0,626241000.0,1.65,1750725000.0,0.6115108541888611,37752074000.0,8864738000.0,4362522000.0,2806504000.0,28887336000.0,1038196000.0,8273153000.0,13520154308.800001,24001816308.800003,46.95897110780467,1.5544328459891736,0.31302084224564725,1.3330553029316827,0.01846670802671549,46.95897110780467,0.036130001811672266,4.72245561703837,10.55328749012592,1.525161184549391,0.5055591461301412,1.0713054182447246,0.011976342599478187,0.07583556866306206,0.8913862228594721,0.008483851774607138,80.01511693673434,0.6115108541888611,0.4732142857142855,0.22346327048312362,0.1817711053370814,0.1879826561376179,0.05244285047012691,0.4637226137267268,0.31366186015095004,0.2488705893535786,0.07871944700471788,0.1346856027668619,Utilities—Regulated Electric,Utilities,ETR
2010Q1,2010,Q1,2010-05-07,2010-03-31,218814000.0,2759347000.0,476714000.0,1.12,1663487000.0,0.6028553132317175,38109402000.0,8954079000.0,4732620000.0,3059781000.0,29155323000.0,1036894000.0,8115010000.0,15391638343.4,25849645343.4,47.32532758361927,1.5467185396601915,0.31790162962934976,1.3530192217424037,0.013483739530019422,47.32532758361927,0.024437354193546874,5.578000281733323,17.585298865017776,1.7189527078552689,0.6713784309961885,1.0568679151388667,0.009544597964322256,0.07240593804122143,0.8477835505220799,0.005741732709424304,95.33200586796157,0.6028553132317175,-0.3203366616050699,0.38640857089458397,0.3440825128485035,0.2092660872221562,-0.017396964686855226,-0.313503168726862,-0.05263701781196778,0.09303782610475571,0.12483749960038322,0.1597171312983088,Utilities—Regulated Electric,Utilities,ETR
2009Q4,2009,Q4,2010-02-26,2009-12-31,318740000.0,2498654000.0,503201000.0,1.6478746707817935,1692939000.0,0.6775403877447618,37364597000.0,8707360000.0,4534161000.0,3193997000.0,28657237000.0,1022557000.0,8043122000.0,15829894143.36,25780565143.36,45.016747171294966,1.4195883715607749,0.3120660447642457,1.3391225354183127,0.01835645431849182,45.016747171294966,0.03660581393212179,6.335368619808905,12.415992771035954,1.8179900846364454,0.46038463951810255,0.7879414057113686,0.009269992500963928,0.06687223202220005,0.8423232708108367,0.008530534933910835,-12.753999362988662,0.6775403877447618,-0.28970919362853725,1.3225730996863396,0.20935101526044375,0.1791110907271995,-0.12201842427486118,-0.30733842278998713,-0.37123767968172094,0.39778740958330655,0.08504006013237837,0.09808477999035412,Utilities—Regulated Electric,Utilities,ETR
2009Q3,2009,Q3,2009-11-06,2009-09-30,460167000.0,2937095000.0,800304000.0,2.32,1928217000.0,0.6565048117272339,36170335000.0,8268124000.0,3966803000.0,3374194000.0,27592988000.0,1022420000.0,7871051000.0,15446912833.44,25463963833.440002,42.745912387786426,1.1756297948487846,0.3082036978645622,1.348290253024749,0.02492235890063218,42.745912387786426,0.05565555136812172,5.259248622683298,8.39201465633129,1.8682488111499054,0.32817868295640495,0.9867549539328261,0.009776516617163352,0.08120176382109814,0.6619702364475782,0.01272222112402332,18.15513203409851,0.6565048117272339,1.0350877192982457,0.8738752437336059,0.1624914072214295,0.0570437686285678,0.19278655668036856,0.9850956166877327,0.6866401402751551,0.25286886410115517,-0.027803383367295764,0.000474049766305765,Utilities—Regulated Electric,Utilities,ETR
2009Q2,2009,Q2,2009-08-07,2009-06-30,231811000.0,2520789000.0,474496000.0,1.14,1616565000.0,0.6412932617525703,36485220000.0,8860474000.0,4430066000.0,3501219000.0,27624746000.0,1019288000.0,7562587000.0,15202059755.039999,25131421755.04,45.18229473820357,1.2652924595690815,0.3072550747946703,1.2651996947341644,0.016611041913142822,45.18229473820357,0.026162370094421586,6.030675219163523,16.394886087200348,1.7157163098768755,0.6560128725556595,0.8871133575593944,0.010003315501347329,0.06909068932570504,0.6813029976131171,0.006353559057612919,24.878504210836393,0.6412932617525703,-0.050000000000000044,-0.0024091853107916414,0.18303738774613268,0.13828810091697147,0.03443873796509478,-0.03545913378520636,-0.06323651059074838,-0.15099633048045258,0.017106137295924605,0.0985689612722516,Utilities—Regulated Electric,Utilities,ETR
2009Q1,2009,Q1,2009-05-08,2009-03-31,240333000.0,2789112000.0,506527000.0,1.2,1562746000.0,0.5603023471269709,36612587000.0,8724406000.0,4865366000.0,3254117000.0,27888181000.0,1016055000.0,7482329000.0,13113698292.09,23050271292.09,45.29956319784477,1.4951416928155934,0.3206419420730909,1.3455965941979315,0.014425417785935427,45.29956319784477,0.02754720493292036,4.701746753837781,13.641175256924766,1.5031050013135567,0.6119966879288321,1.206987810699224,0.011215981695165154,0.07617904738608064,0.8659295286555462,0.006564217928659344,51.27966828983025,0.5603023471269709,0.19896721894795397,0.34892118987195386,0.48105076881222564,0.13096274811947073,0.1319242943336641,0.2613058469741738,0.41990508307333496,0.2854138805086119,0.1714613219685424,0.09943233825934886,Utilities—Regulated Electric,Utilities,ETR
2008Q4,2008,Q4,2009-03-02,2008-12-31,190543000.0,3000868000.0,356733000.0,1.000861392234687,1380610000.0,0.460070219683105,36616818000.0,8277621000.0,5160389000.0,3765894000.0,28339197000.0,992315000.0,7382719000.0,15826207018.17,25841892018.17,43.479693709299646,1.370295871312363,0.32597523902814274,1.4419814581991612,0.013264250831106501,43.479693709299646,0.02301905342126681,5.27387643114259,20.76461352315488,1.9119269918458452,0.7715318851912691,1.6328061149937267,0.009289022937158503,0.08195327076208533,0.9032490027600352,0.005203701752566266,-126.52463159292955,0.460070219683105,-0.58470481650013,7.789650358682419,0.7095873032502586,0.09736257774043014,-0.2845104845455177,-0.5948384929266898,-0.5256790392664727,1.1576045049441193,0.5195632762251685,0.10392359586463612,Utilities—Regulated Electric,Utilities,ETR
2008Q3,2008,Q3,2008-11-07,2008-09-30,470289000.0,3963884000.0,752092000.0,2.41,1929602000.0,0.4867957790893982,36457964000.0,8287946000.0,5886964000.0,3319357000.0,28170018000.0,983685000.0,7354147000.0,16945635591.09,26736656591.09,43.53392762959492,1.7735254147113433,0.33866150616638935,1.4897429351011697,0.026448608573235475,43.53392762959492,0.056743733610233466,4.275007944503422,9.008096931402818,2.0446122104427324,0.31439816793503567,2.0680217752634227,0.00872543252834633,0.10872477684162506,1.204240459823996,0.01289948610405123,18.99751969870806,0.4867957790893982,0.7591240875912408,0.5161682166268192,0.7589511222885523,0.09060551276610929,0.07845265454675526,0.7043840988080267,0.15855469496151975,0.44109065255111984,0.38313151817993274,0.10309900454297671,Utilities—Regulated Electric,Utilities,ETR
2008Q2,2008,Q2,2008-08-07,2008-06-30,275929000.0,3264271000.0,649164000.0,1.37,1789232000.0,0.5481260593866134,34693341000.0,7633824000.0,4737995000.0,3452230000.0,27059517000.0,946017000.0,7027630000.0,23051068285.440002,33292865285.440002,39.89937056847534,1.3724447675850102,0.326524274499824,1.4839506386314383,0.020275488895426113,39.89937056847534,0.03614558051115666,7.061628242704114,20.884963419430363,3.0195965069983273,0.5304009364727883,1.5592098239249401,0.006349076675654227,0.09408926629464714,0.7181726014778853,0.007953370648275126,384.83869720925577,0.5481260593866134,-0.12179487179487175,0.5450887468376872,0.642471709875454,0.021540821652690414,0.050270869005530086,-0.10629993943300221,0.07081600638698322,0.039981535105093745,0.32946541439740884,0.009386686035770076,Utilities—Regulated Electric,Utilities,ETR
2008Q1,2008,Q1,2008-05-09,2008-03-31,308749000.0,2864734000.0,606233000.0,1.56,1703591000.0,0.5946768530690808,33764767000.0,7984216000.0,3946246000.0,3206243000.0,25780551000.0,935655000.0,6900345000.0,21013128113.4,30933885113.4,41.4463889707415,1.230800659837698,0.3217581214169196,1.3606956525224267,0.019506292946481874,41.4463889707415,0.03866992075364695,7.3351061960377475,17.014733742781353,2.6318336219110305,0.4918202164217536,1.2409948111216207,0.007226387198542154,0.08484388475122603,0.663945621089855,0.009144117594532786,1139.2934349056604,0.5946768530690808,0.5678152385078368,-0.10584416181051554,0.632329326982687,0.07814619536496523,0.08628402944893558,0.59236795552186,0.8404047334260265,0.9213363654888815,0.3705207926878442,0.059046290415622114,Utilities—Regulated Electric,Utilities,ETR
2007Q4,2007,Q4,2008-02-29,2007-12-31,193893000.0,2731900000.0,329402000.0,0.9950152043966132,1568274000.0,0.5740598118525568,33643002000.0,8173833000.0,3958247000.0,3256754000.0,25469169000.0,900960000.0,6735965000.0,23290188187.68,32919731187.68,41.946269917938146,1.2153963731985897,0.32406572992505245,1.3338349339899653,0.014713328769889495,41.946269917938146,0.02372118441861976,8.525271125473115,30.02969187603472,2.8493594361029886,0.784432650998231,1.2915401349671463,0.0065304753561611605,0.08120262276238012,0.7519978481641536,0.005763249070341582,77.2520778540747,0.5740598118525568,-0.567384693740603,1.7255608257301942,0.6693920872331702,0.14482127602819753,-0.19952612876190165,-0.5795528223454384,-0.5934974800452161,0.4024097757471348,0.3124749611658215,0.09868693725643975,Utilities—Regulated Electric,Utilities,ETR
2007Q3,2007,Q3,2007-11-08,2007-09-30,461159000.0,3289087000.0,810332000.0,2.3,1959182000.0,0.5956613491829191,33758517000.0,8334392000.0,4238065000.0,2723508000.0,25424125000.0,880749000.0,6687955000.0,21501333372.06,31045312372.06,42.77022254233777,1.5561052143044927,0.32615958811223844,1.3211118459510904,0.02766244019337595,42.77022254233777,0.05533205061628971,6.537173802961126,11.656138865369645,2.5798322627565393,0.33023317337404234,1.5099704910252523,0.007082816556758005,0.09742984266755557,1.0639091201494544,0.01366052306148401,88.17948691768238,0.5956613491829191,0.7424242424242422,0.44338764398004066,0.529459145286615,0.13994530989229284,0.24570465744714673,0.7233017690450744,0.6951133796335035,0.8640427503277297,0.292192141095577,0.057644923123757325,Utilities—Regulated Electric,Utilities,ETR
2007Q2,2007,Q2,2007-08-08,2007-06-30,267602000.0,2769352000.0,478040000.0,1.32,1572750000.0,0.5679126380467344,33414727000.0,8151983000.0,4036838000.0,2490053000.0,25262744000.0,874636000.0,6372687000.0,21145710679.0,30566846679.0,41.38500655450115,1.621185573158483,0.32145580599835516,1.3176374386452965,0.017924932774053572,41.38500655450115,0.032826614088866474,7.635616808191952,19.754813752326214,2.5939345897801798,0.4254900934970591,1.368114278396956,0.005384638129617342,0.08287818721367976,1.0267793496764928,0.008008504753009056,-67.10921400915282,0.5679126380467344,0.28155339805825247,0.23093015508536188,0.5043015403301062,0.1582958723795162,0.11345448057906005,0.26111359834114845,0.10909006542619833,0.14650562665424235,0.2939234079748482,0.04262213307921367,Utilities—Regulated Electric,Utilities,ETR
2007Q1,2007,Q1,2007-05-10,2007-03-31,212195000.0,2600230000.0,431020000.0,1.03,1412496000.0,0.5432196382627691,31146842000.0,8183971000.0,3296108000.0,2088453000.0,22962871000.0,814639000.0,6211617000.0,21041699180.2,29609171180.2,40.80764723259571,1.578253377021173,0.3097423167331057,1.1788281019079858,0.014203776335460995,40.80764723259571,0.025928122179318572,8.092245370678748,24.790521902259712,2.571086723083452,0.5417375527227315,1.4579881395317436,0.005463151954390185,0.08348294186614488,1.0060571150033062,0.006812729200604029,3201.7192909616556,0.5432196382627691,-0.126316426001156,4.217608822558689,0.5464074776457308,0.1310727074357268,0.09282924040222419,-0.13624595996189948,0.5353816012111497,0.14374087833485039,0.3259742314043969,0.018816200432196357,Utilities—Regulated Electric,Utilities,ETR
