Quarters,Year,Quarter,FillingDate,Date,NetIncome,Revenue,OperatingIncome,EPSDiluted,GrossProfit,GrossProfitRatio,TotalAssets,CommonStockEquity,CurrentAssets,CurrentLiability,TotalLiability,Inventory,RetainedEarnings,MarketCap,EnterpriseValue,bookValuePerShare,currentRatio,debtToAssets,debtToEquity,roic,shareholdersEquityPerShare,roe,priceToSalesRatio,peRatio,pbRatio,payoutRatio,inventoryTurnover,dividendYield,assetTurnover,quickRatio,returnOnAssets,priceToFreeCashFlowsRatio,grossProfitMargin,epsdilutedGrowth,fiveYNetIncomeGrowthPerShare,fiveYRevenueGrowthPerShare,fiveYShareholdersEquityGrowthPerShare,grossProfitGrowth,netIncomeGrowth,operatingIncomeGrowth,threeYNetIncomeGrowthPerShare,threeYRevenueGrowthPerShare,threeYShareholdersEquityGrowthPerShare,Industry,Sector,Symbol
2023Q1,2023,Q1,2023-05-01,2023-03-31,518740000.0,877647000.0,732350000.0,0.52,871695000.0,0.9932182301,41852813000.0,23311246000.0,18185384000.0,617495000.0,18178278000.0,0.0,220254000.0,32669799159.899998,49028366159.899994,23.275712250271685,29.450253038486142,0.3992518256777627,0.7168133355033875,0.017891449758339492,23.275712250271685,0.022252778766094272,37.22430448676973,15.744785036771791,1.4014608725719764,0.7375795196051972,0.0,0.011711489199163205,0.02096984496597636,29.450253038486142,0.012394387923220358,62.70053289044132,0.9932182301084604,-0.1746031746031746,0.5840356274723526,0.37663855880332886,0.31880257915165083,0.16878023533954756,-0.14123429566610876,-0.07119938109551167,11.03407921780603,0.5985790294723856,0.41671436742497264,REIT—Diversified,Real Estate,VICI
2022Q4,2022,Q4,2023-02-23,2022-12-31,604053000.0,769906000.0,788490000.0,0.63,745816000.0,0.968710466,37575826000.0,21933637000.0,17852838000.0,593566000.0,15285713000.0,-7348000.0,93154000.0,31187612055.6,44718354055.6,22.786285706423516,30.077258468308496,0.36565197528858046,0.6264202785885442,0.021564725179697652,22.786285706423516,0.027540029043062946,40.508337453663174,12.907647199666254,1.4219079150256748,0.6214868562857895,-3.2784431137724552,0.012037183203726294,0.020489396560437554,30.077258468308496,0.016075574759154995,64.01385066040504,0.9687104659529865,0.8529411764705881,2.351239201542681,-0.02869498963556676,0.10655127434982654,0.02377641576126123,0.8254574575784591,0.5503267819644669,1.9311127610747525,0.5512341391349531,0.31791017359894913,REIT—Diversified,Real Estate,VICI
2022Q3,2022,Q3,2022-10-27,2022-09-30,330905000.0,751543000.0,508596000.0,0.34,728495000.0,0.9693324268,37307982000.0,21709579000.0,17770525000.0,583062000.0,15245685000.0,0.0,-133311000.0,28732823333.100002,42775744333.100006,22.55368105101851,30.477933736034934,0.39029996315533766,0.6707317539414284,0.01369121734368471,22.55368105101851,0.015242349932258014,38.23177560445644,21.70775852064792,1.3235090064666846,1.0471827261600761,0.0,0.01206000524149027,0.02014429512697846,30.467809598293147,0.00886954968510492,57.02416557630823,0.9693324267540248,6.246913580246915,0.0,67.6697374244438,97.04076266735565,0.10921883659883916,6.691422576151081,4.487774876453959,0.09643617150119897,0.6164077193978913,0.300289411452967,REIT—Diversified,Real Estate,VICI
2022Q2,2022,Q2,2022-07-27,2022-06-30,-58141000.0,662623000.0,92678000.0,-0.0648,656764000.0,0.991157868,37289217000.0,21762494000.0,17671523000.0,520260000.0,15174330000.0,0.0,-88610000.0,26708101765.2,40652461765.2,24.273709227239994,33.96671471956329,0.3904174496343005,0.6689656525580202,0.002539028419721833,24.273709227239994,-0.0026716147515078005,40.30663252739492,-114.84194357338194,1.2272537221698947,-4.632273266713679,0.0,0.01008401878829606,0.017769828741643998,33.95390381732211,-0.0015591906904347174,40.91759637644413,0.991157868048649,-1.185142857142857,-1.1725363535092261,0.23729635868661697,0.47458437226236105,0.5966451111003063,-1.2395709717827004,-0.7029408465150568,-1.17585302055394,0.380462352184004,0.2527991325417671,REIT—Diversified,Real Estate,VICI
2022Q1,2022,Q1,2022-05-04,2022-03-31,242688000.0,416625000.0,311985000.0,0.35,411340000.0,0.9873147315,21741321000.0,15404678000.0,3746234000.0,968338000.0,6257535000.0,0.0,315809000.0,19476346140.7,24710099140.7,22.510235375404086,3.868725589618501,0.2668860369615995,0.37666837307472445,0.014345219058601021,22.510235375404086,0.015754175452417765,46.74790552823283,20.06315324686429,1.2643137455193807,0.9389133372890295,0.0,0.011699473728485005,0.019162819039376677,3.8651524570965923,0.011162523197187512,65.4185528659575,0.9873147314731473,-0.2222222222222223,0.08455961674409158,-0.04360939104356874,0.27543063564240117,0.11064310053407207,-0.14485655290030233,-0.11537534557311972,-0.04616267531195576,0.1542395205084477,0.31180798907414126,REIT—Diversified,Real Estate,VICI
2021Q4,2021,Q4,2022-02-23,2021-12-31,283798000.0,383154000.0,352675000.0,0.45,370362000.0,0.9666139464,17597373000.0,12108268000.0,3894253000.0,339839000.0,5410199000.0,0.0,346026000.0,18928132734.81,23180362734.81,19.261273924263804,11.459111520455274,0.2836698409472823,0.4122673862190695,0.020217598113006194,19.261273924263804,0.023438364595167533,49.400848574750626,16.67394831430278,1.5632403193264306,0.7978562216787997,0.0,0.011962616871530139,0.0217733635582993,11.448341714753163,0.016127293545462724,66.5139216330726,0.9666139463505535,0.607142857142857,0.0,44.59321950448197,81.58633458425523,0.018527328979030595,0.75333308620924,0.020932481096791376,0.22164627817685323,0.04007805578250446,0.08977307628398315,REIT—Diversified,Real Estate,VICI
2021Q3,2021,Q3,2021-10-27,2021-09-30,161862000.0,375704000.0,345444000.0,0.28,363625000.0,0.9678496901816324,17548804000.0,12050107000.0,3844008000.0,345333000.0,5420018000.0,0.0,290966000.0,15771916389.72,20092192389.72,21.70589365368032,11.131308041803129,0.28433789561955336,0.4140867794783897,0.0198775192273434,21.70589365368032,0.013432411844973659,41.979633939803676,24.36012836508878,1.3088611071851894,1.094166635776155,0.0,0.011229072968928168,0.02140909431776661,11.12207058114921,0.009223534549704926,78.73203605019867,0.9678496901816324,-0.48148148148148145,0.0,56.006671987841464,0.0,-0.0015267133650574852,-0.46173210645507784,-0.10250974279033515,-0.16975190443968213,0.07593479639934647,0.311238197310951,REIT—Diversified,Real Estate,VICI
2021Q2,2021,Q2,2021-07-28,2021-06-30,300709000.0,376400000.0,384900000.0,0.54,364181000.0,0.9675371944739639,17219548000.0,9656640000.0,3571196000.0,256739000.0,7484479000.0,0.0,355524000.0,16648191020.34,23314738020.34,17.992884177868017,13.909830606179817,0.41081618402527176,0.7325600830102396,0.02250553713568486,17.992884177868017,0.031140127414918648,44.230050532252925,13.840782135170548,1.7240148768453625,0.5894336385010093,0.0,0.010646682260159466,0.021858878061143068,13.892860064111803,0.017463234226589457,65.42351502090636,0.9675371944739639,0.08000000000000007,0.49070533826666046,0.17409734364676774,0.09303549664492967,0.0037235068764986355,0.11455850793733159,0.07414053408421775,0.49070533826666046,0.17409734364676774,0.09303549664492967,REIT—Diversified,Real Estate,VICI
2021Q1,2021,Q1,2021-04-29,2021-03-31,269801000.0,374310000.0,358333000.0,0.5,362830000.0,0.9693302342977745,17085001000.0,9521559000.0,3477425000.0,255098000.0,7485309000.0,0.0,232038000.0,15150209461.199999,21898417461.199997,17.74819198695766,13.631721926475315,0.41385645807102966,0.7426029707950137,0.021173225303444593,17.74819198695766,0.02833580089142965,40.47503262322673,14.03831848399376,1.5911479896516947,0.6597751676235447,0.0,0.011749540523243734,0.021908690552608103,13.621208319939788,0.015791687691443505,98.07293846542248,0.9693302342977745,-0.05660377358490571,0.5380389209942783,0.09607443896324207,0.005613109321937765,0.003745753521672255,-0.0632234991840561,-0.029426024588498825,0.5380389209942783,0.09607443896324207,0.005613109321937765,REIT—Diversified,Real Estate,VICI
2020Q4,2020,Q4,2021-02-18,2020-12-31,288010000.0,373018000.0,369197000.0,0.53,361476000.0,0.9690577934576884,17063613000.0,9415839000.0,3500892000.0,324325000.0,7569868000.0,0.0,139454000.0,13676507616.0,20427929616.0,17.555936152816162,10.794394511678101,0.4141804552177783,0.7505879189310692,0.021962498713695457,17.555936152816162,0.03058782122336629,36.664470926335994,11.871556209853825,1.4525001559606108,0.6146487969167738,0.0,0.012943728396926445,0.02186043483288094,10.786038695752717,0.016878605955256955,7.810068433213145,0.9690577934576884,-0.2837837837837837,0.0,51.02578859816407,74.27437815158504,0.10300929457643462,-0.2768546277186058,1.6053179402860793,1.867741697744409,-0.15540249144210677,-0.1474458025940349,REIT—Diversified,Real Estate,VICI
2020Q3,2020,Q3,2020-10-28,2020-09-30,398274000.0,339653000.0,141709000.0,0.74,327718000.0,0.9648611965741507,16851830000.0,9291973000.0,3304560000.0,231178000.0,7482291000.0,0.0,29338000.0,12465742996.92,19385746996.92,17.420013316787745,14.294439782332228,0.4191865809232588,0.7602326222859236,0.008514737645388428,17.420013316787745,0.04286215640101408,36.70140701515959,7.824853616429896,1.3415603980898354,0.39834636456308975,0.0,0.012726958997887172,0.02015525910242389,14.289175440569604,0.02363387240436202,-10.505642282432815,0.9648611965741507,0.574468085106383,0.0,52.63757067493948,0.0,0.2951898414003249,0.7361400510893541,-0.5425731771875686,0.0,55.00431867400434,74.72472925328682,REIT—Diversified,Real Estate,VICI
2020Q2,2020,Q2,2020-07-29,2020-06-30,229402000.0,257902000.0,309796000.0,0.47,253027000.0,0.9810974711324456,16277634000.0,8992748000.0,4604152000.0,221059000.0,7203223000.0,0.0,-191835000.0,9873155611.35,14977209611.35,18.389620225500934,20.8277066303566,0.4168044323886383,0.7544512533877298,0.019576518096621972,18.389620225500934,0.025509666233280416,38.282586452799904,10.759666013537371,1.0979019551476368,0.6076494537972642,0.0,0.014118687630098008,0.01584394881958889,11.775191238538127,0.0140930801122571,54.79211518399716,0.9810974711324456,10.4,0.2480965247959453,-0.1170933365331605,0.11713650116285987,0.012399571076470023,10.553639846743295,2.3477706455726297,0.2480965247959453,-0.1170933365331605,0.11713650116285987,REIT—Diversified,Real Estate,VICI
2020Q1,2020,Q1,2020-04-30,2020-03-31,-24012000.0,255001000.0,92538000.0,-0.05,249928000.0,0.9801059603687828,14907213000.0,7642568000.0,3276258000.0,205281000.0,7183182000.0,0.0,-262470000.0,7740552352.0,14152434352.0,16.429361334548855,15.95986964210034,0.4548760388678957,0.8872585759132271,0.006538570383777656,16.429361334548855,-0.0031418758720890673,30.354988223575592,-80.59045843744794,1.012820867540858,-5.7110194902548725,0.0,0.01771617757543719,0.01710588022053485,6.198747083266352,-0.0016107638631043912,56.866903854772,0.9801059603687828,-1.2380952380952381,-1.1578655692354307,-0.13883609541800926,-0.06911187641252398,0.07265696419297937,-1.2434528697873894,-0.5919085544942185,-1.1578655692354307,-0.13883609541800926,-0.06911187641252398,REIT—Diversified,Real Estate,VICI
2019Q4,2019,Q4,2020-02-20,2019-12-31,98631000.0,237537000.0,226758000.0,0.21,232999000.0,0.9808956078421467,13265619000.0,7965183000.0,1166245000.0,249212000.0,5216630000.0,0.0,208069000.0,11770609034.45,15486705034.45,17.289710757902967,4.679730510569314,0.3631936813502634,0.6048811433459846,0.017596142439042017,17.289710757902967,0.012382766346987885,49.552739297246326,29.834963232781785,1.4777575147300444,1.390019365108333,0.0,0.011647570622619542,0.017906213045919682,4.666681379708843,0.0074350846349499405,48.1090839901498,0.9808956078421467,-0.32258064516129037,0.0,37.5697790428023,73.13288669958769,0.07328297019669261,-0.3171253505036868,0.08819464439965448,0.0,37.5697790428023,73.13288669958769,REIT—Diversified,Real Estate,VICI
2019Q3,2019,Q3,2019-10-31,2019-09-30,144435000.0,222513000.0,208380000.0,0.31,217090000.0,0.9756283902513561,12581466000.0,7990314000.0,809805000.0,203340000.0,4507397000.0,0.0,246587000.0,10434091581.75,14147873581.75,17.34512397960437,3.982516966656831,0.3294691572508323,0.5187787363550419,0.017140400617597522,17.34512397960437,0.018076260832803316,46.892053865392135,18.060185519005085,1.305842496521413,0.9169591857929172,0.0,0.01269310308064088,0.01768577684031416,3.8197108291531423,0.011479981744575712,60.20513407699542,0.9756283902513561,-0.16216216216216217,0.0,39.68759805940922,0.0,0.005521125716773661,-0.05007596235424107,0.014039271028492178,0.0,39.68759805940922,0.0,REIT—Diversified,Real Estate,VICI
2019Q2,2019,Q2,2019-07-31,2019-06-30,152049000.0,220746000.0,205495000.0,0.37,215898000.0,0.9780381071457693,12522046000.0,7988737000.0,1333690000.0,164167000.0,4449623000.0,0.0,239301000.0,9190380471.33,12120567471.33,19.375579529650363,8.123983504602021,0.33025928829841383,0.5176690633325393,0.016873070572779352,19.375579529650363,0.019032920973615728,41.63328201340001,15.110886081674327,1.1504172025352692,0.7765720261231577,0.0,0.012847890287931932,0.01762858881048672,7.943557475010203,0.012142504507649948,62.515342298687166,0.9780381071457693,0.0,-0.018860449677045144,-0.10370872720352477,0.17703176348040764,0.028526511362012293,0.00795497484239206,0.017977272051757105,-0.018860449677045144,-0.10370872720352477,0.17703176348040764,REIT—Diversified,Real Estate,VICI
2019Q1,2019,Q1,2019-05-01,2019-03-31,150849000.0,214002000.0,201866000.0,0.37,209910000.0,0.9808786833767908,11448671000.0,6962269000.0,986528000.0,149948000.0,4402783000.0,0.0,219791000.0,8840936364.24,12377114364.24,17.15970291604303,6.579134099821271,0.3611296018550974,0.5938371528017662,0.018111607475274592,17.15970291604303,0.0216666434462673,41.31240065158269,14.651963825149654,1.2698355039484972,0.7712414401156124,0.0,0.013159352720892603,0.018692300617250683,6.393636460639688,0.01317611450272263,77.2464754719487,0.9808786833767908,0.0,0.13704883282775762,-0.17141061975149066,-0.027730699717277072,0.042834148086324075,0.058284984671077095,0.03160229351703274,0.13704883282775762,-0.17141061975149066,-0.027730699717277072,REIT—Diversified,Real Estate,VICI
2018Q4,2018,Q4,2019-02-14,2018-12-31,142541000.0,226039000.0,195682000.0,0.37,201288000.0,0.8905011966961454,11333368000.0,6817449000.0,1119324000.0,206084000.0,4432346000.0,0.0,187096000.0,7243835046.4800005,10788216046.48,17.674573123005402,5.431396906115952,0.3637280638906281,0.6046637092554707,0.01781868312125902,17.674573123005402,0.02090826055317759,32.04683725587178,12.704827113742713,1.0625433423088315,0.7463536806953789,0.0,0.014686419461152168,0.01994455664017969,5.331612352244716,0.01257710858766785,41.296591109286815,0.8905011966961454,0.0571428571428572,0.0,42.83634406186932,74.78305647435,-0.00863372422318645,0.0972119588644621,0.06291146116241174,0.0,42.83634406186932,74.78305647435,REIT—Diversified,Real Estate,VICI
2018Q3,2018,Q3,2018-11-01,2018-09-30,129912000.0,232687000.0,184100000.0,0.35,203041000.0,0.8725927963315527,10568501000.0,6123808000.0,465957000.0,2231081000.0,4361228000.0,0.0,160915000.0,7857420568.2,11833350568.2,16.55373806086044,0.2088480875414205,0.38994678620932144,0.6729722747675956,0.017962734801033407,16.55373806086044,0.021214251001990918,33.76819748503354,15.120659693099944,1.2830938801804366,0.746797832378841,0.0,0.012347309038368703,0.02201702966201167,0.20882209117463688,0.012292377130872202,96.21292037420255,0.8725927963315527,-0.0789473684210527,0.0,51.98338912229281,0.0,0.02789955956057308,-0.0656770518684733,-0.028229382205143365,0.0,51.98338912229281,0.0,REIT—Diversified,Real Estate,VICI
2018Q2,2018,Q2,2018-08-02,2018-06-30,139044000.0,220975000.0,189448000.0,0.38,197530000.0,0.8939020251159634,10564703000.0,6089609000.0,994454000.0,2258816000.0,4391760000.0,0.0,137444000.0,7635413879.52,10814814879.52,16.461390534065124,0.44025454043180146,0.389991181010957,0.6765854753564637,0.01849697509102012,16.461390534065124,0.02283299305423386,34.55329281375722,13.728413091395531,1.2538430430459493,0.0,0.0,0.0,0.020916347577399953,0.43414160338867797,0.013161183991637057,61.59181304465669,0.8939020251159634,0.15151515151515146,0.0,0.0,0.0,0.0030060221998801655,0.24011344785144753,0.0038362900320044087,0.0,0.0,0.0,REIT—Diversified,Real Estate,VICI
2018Q1,2018,Q1,2018-05-04,2018-03-31,112122000.0,218276000.0,188724000.0,0.33,196938000.0,0.9022430317579578,10486239000.0,6051900000.0,932023000.0,2225541000.0,4351339000.0,0.0,95563000.0,6281943425.440001,9482991425.44,17.649125515999753,0.4187849156676961,0.39282558789667105,0.6806561575703498,0.01849257574844953,17.649125515999753,0.018526743667278044,28.779817412083787,14.006937589054779,1.038011769103918,0.0,0.0,0.0,0.020815470637279964,0.41258058153051325,0.01069229873551423,51.433161059129844,0.9022430317579578,0.736842105263158,0.0,0.0,0.0,0.2013908799755986,1.6281468285593736,0.3088019085134123,0.0,0.0,0.0,REIT—Diversified,Real Estate,VICI
2017Q4,2017,Q4,2018-03-28,2017-12-31,42662000.0,187609000.0,144196000.0,0.19,163925000.0,0.8737587215965119,9739712000.0,4691489000.0,183646000.0,78679000.0,5048223000.0,480000.0,42662000.0,3608683416.575698,3425684416.575698,20.59216435299123,2.3341171087583725,6.64290689498827e-05,0.00013790930768461783,0.03210163318516289,20.59216435299123,0.009093488229429932,19.235129533101812,21.146942340816757,0.7691978850586025,0.0,49.34166666666667,0.0,0.019262273874217226,3.3901930629519947,0.004380211653075574,27.890187083721937,0.8737587215965119,0.0,0.0,60.59832117785361,87.29277760946998,148.8400365630713,0.0,0.0,0.0,60.59832117785361,87.29277760946998,REIT—Diversified,Real Estate,VICI
2017Q3,2017,Q3,2017-11-13,2017-09-30,0.0,4102000.0,0.0,0.0,1094000.0,0.2666991711360312,89250000.0,82995000.0,903000.0,963000.0,6255000.0,528000.0,52000.0,5170961520.582067,5171646520.582067,0.23004391680980002,0.9376947040498442,0.0,0.0,,0.23004391680980002,0.0,1260.59520248222,0.0,62.30449449463301,0.0,5.696969696969697,0.0,0.04596078431372549,0.3011422637590862,0.0,15861.845155159714,0.2666991711360312,0.0,0.0,-0.042260098062106004,0.0,0.0,0.0,0.0,0.0,-0.042260098062106004,0.0,REIT—Diversified,Real Estate,VICI
2016Q4,2016,Q4,2016-12-31,2016-12-31,0.0,4823000.0,1000.0,0.0,1244000.0,0.2579307484967862,90475000.0,84143000.0,1644000.0,1024000.0,6332000.0,371000.0,52000.0,5170961520.582067,5170055520.582067,0.23322592074374363,1.60546875,0.00015473887814313345,0.00016638341870387318,,0.23322592074374363,0.0,1072.146282517534,0.0,61.45444684147305,0.0,9.64690026954178,0.0,0.053307543520309475,0.9736328125,0.0,19965.102396069757,0.2579307484967862,0.0,0.0,0.0,0.0,0.006472491909385114,0.0,0.0,0.0,0.0,0.0,REIT—Diversified,Real Estate,VICI
2016Q3,2016,Q3,2016-09-30,2016-09-30,0.0,4283000.0,1000.0,0.0,1236000.0,0.28858276908708846,,,,,,,,5170961520.582067,,,0.0,0.0,0.0,0.0,,0.0,1207.322325608701,0.0,0.0,0.0,0.0,,0.0,0.0,0.0,0.0,0.28858276908708846,0.0,0.0,0.0,0.0,0.0,0.0,0.0,0.0,0.0,0.0,REIT—Diversified,Real Estate,VICI
