Quarters,Year,Quarter,FillingDate,Date,NetIncome,Revenue,OperatingIncome,EPSDiluted,GrossProfit,GrossProfitRatio,TotalAssets,CommonStockEquity,CurrentAssets,CurrentLiability,TotalLiability,Inventory,RetainedEarnings,MarketCap,EnterpriseValue,bookValuePerShare,currentRatio,debtToAssets,debtToEquity,roic,shareholdersEquityPerShare,roe,priceToSalesRatio,peRatio,pbRatio,payoutRatio,inventoryTurnover,dividendYield,assetTurnover,quickRatio,returnOnAssets,priceToFreeCashFlowsRatio,grossProfitMargin,epsdilutedGrowth,fiveYNetIncomeGrowthPerShare,fiveYRevenueGrowthPerShare,fiveYShareholdersEquityGrowthPerShare,grossProfitGrowth,netIncomeGrowth,operatingIncomeGrowth,threeYNetIncomeGrowthPerShare,threeYRevenueGrowthPerShare,threeYShareholdersEquityGrowthPerShare,Industry,Sector,Symbol
2023Q2,2023,Q2,2023-05-16,2023-04-01,-244000.0,41897000.0,23000.0,-0.0669,14791000.0,0.3530324367,193312000.0,58615000.0,27355000.0,33197000.0,132744000.0,3305000.0,44612000.0,63612000.00000001,161342000.0,16.281944444444445,0.8240202427930234,0.5981004800529713,1.9725326281668516,9.049726327213239e-05,16.281944444444445,-0.004162756973470954,1.518294865980858,-65.17622950819673,1.0852512155591574,-1.8442622950819672,8.201512859304085,0.0070741369552914535,0.21673253600397285,0.6610235864686568,-0.001262208243668267,36.85515643105447,0.3530324366899778,-1.1423404255319147,0.6346171289028432,0.1329255805016945,0.40134332244472853,-0.19996754651665946,-1.1414492753623189,-0.9895596913300045,0.8665791776027997,0.1979646622094124,0.4263460955511615,Restaurants,Consumer Cyclical,ARKR
2023Q1,2023,Q1,2023-02-14,2022-12-31,1725000.0,47445000.0,2203000.0,0.47,18488000.0,0.3896722521,203633000.0,61154000.0,35436000.0,30586000.0,141984000.0,3453000.0,45546000.0,59615999.99999999,165096000.0,16.987222222222222,1.1585692800627738,0.6133927212190559,2.0424992641527946,0.007207371649524689,16.987222222222222,0.028207476207607024,1.2565286120771417,8.639999999999999,0.9748503777348987,0.2608695652173913,8.386041123660585,0.007548309178743962,0.2329926878256471,0.9498790296213954,0.008471122067641296,-35.06823529411764,0.38967225208135736,1.2380952380952381,0.01075599262446229,0.1493926611099818,0.4091691643301428,0.04017103634522336,1.263779527559055,0.5481377371749825,0.1081322978629654,0.05974868241638712,0.3980874666123056,Restaurants,Consumer Cyclical,ARKR
2022Q4,2022,Q4,2022-12-20,2022-10-01,762000.0,46884000.0,1423000.0,0.21,17774000.0,0.3791058783,209534000.0,59800000.0,39093000.0,34883000.0,149416000.0,3707000.0,44271000.0,66291940.0,171490940.0,16.76948962422883,1.1206891609093255,0.6139242318669047,2.1511371237458192,0.004190593986512354,16.76948962422883,0.01274247491638796,1.4139565736711885,21.74932414698163,1.1085608695652174,0.5905511811023622,7.852711087132452,0.006788155543494427,0.22375366289003218,0.9197890089728521,0.0036366413088090715,18.440038942976358,0.3791058783380258,-0.8561643835616438,-0.4421719183891222,0.13124156928348693,0.42012417077894704,-0.20199344497822475,-0.8549952426260704,-0.7375023058476295,2.3421715602310105,0.09943626702541566,0.3963892802900272,Restaurants,Consumer Cyclical,ARKR
2022Q3,2022,Q3,2022-08-16,2022-07-02,5255000.0,53218000.0,5421000.0,1.46,22273000.0,0.4185238077,182780000.0,59340000.0,39011000.0,33522000.0,123286000.0,4020000.0,43959000.0,63990000.0,140187000.0,16.69198312236287,1.1637432134120875,0.5624193018929861,1.7323727671048197,0.01944010678936125,16.69198312236287,0.08855746545331986,1.2024127175015973,3.044243577545195,1.0783619817997976,0.0,7.697761194029851,0.0,0.29115877010613855,0.9433506354036155,0.028750410329357698,6.252687121360172,0.41852380773422526,3.5624999999999996,2.651771888058808,0.24407035987785997,0.43105188569709213,0.6082749657014946,3.577526132404181,13.892857142857142,0.2987413480100333,0.16299299853847302,0.34281142679728116,Restaurants,Consumer Cyclical,ARKR
2022Q2,2022,Q2,2022-05-17,2022-04-02,1148000.0,39586000.0,364000.0,0.32,13849000.0,0.3498459051,156168000.0,53835000.0,34307000.0,30540000.0,102049000.0,4240000.0,39148000.0,64824000.0,129510000.0,15.15625,1.1233464309102816,0.5329388863275447,1.5459830964985604,0.001775058065576831,15.15625,0.02132441720070586,1.6375486283029355,14.11672473867596,1.2041237113402061,0.0,6.070047169811321,0.0,0.2534834281030685,0.7476424361493124,0.007351057835151888,156.57971014492753,0.349845905117971,-0.5294117647058824,3.815854021960892,0.10677758215318393,0.31683118069476524,-0.19496599430331918,-0.5273775216138329,-0.870139136639315,2.678794826216351,0.09676467800529705,0.3185121729878583,Restaurants,Consumer Cyclical,ARKR
2022Q1,2022,Q1,2022-02-15,2022-01-01,2429000.0,43986000.0,2803000.0,0.68,17203000.0,0.3911017142,158826000.0,52695000.0,34769000.0,31077000.0,105400000.0,4425000.0,38093000.0,59745575.0,126955575.0,14.839481836102506,1.1188016861344403,0.5501429237026684,1.6581649112819052,0.012630740237627783,14.839481836102506,0.04609545497675301,1.358286159232483,6.149194627418691,1.1337996963658792,0.0,6.0526553672316386,0.0,0.27694458086207546,0.7888470573092641,0.015293465805346731,17.5567367029092,0.39110171418178513,-0.6402116402116402,0.350313620901174,0.1044090576928957,0.2506597642491414,0.009743499442390093,-0.6442589338019918,-0.5247541539504917,39.32789491374534,0.0612658118554736,0.24306423366657276,Restaurants,Consumer Cyclical,ARKR
2021Q4,2021,Q4,2021-12-21,2021-10-02,6828000.0,42839000.0,5898000.0,1.89,17037000.0,0.3976983589719648,161216000.0,50412000.0,34275000.0,31703000.0,109764000.0,3510000.0,35884000.0,54715000.0,126743000.0,14.28101983002833,1.081127968961928,0.5656944720127035,1.8090732365309847,0.024920550986038074,14.28101983002833,0.1354439419185908,1.2772240248371811,2.00333186877563,1.0853566611124335,0.0,7.350997150997151,0.0,0.26572424573243353,0.7464277828596663,0.04235311631599841,25.354494902687673,0.3976983589719648,1.5890410958904109,5.700400389195519,0.07665000675540881,0.2165945781349194,-0.05271059216013344,1.557303370786517,0.15353021709368278,5.62302803885549,0.03160280774662731,0.16419889289620013,Restaurants,Consumer Cyclical,ARKR
2021Q3,2021,Q3,2021-08-17,2021-07-03,2670000.0,42965000.0,5113000.0,0.73,17985000.0,0.41859653206097985,162121000.0,43511000.0,31433000.0,33567000.0,117648000.0,2172000.0,29056000.0,68784660.0,148508660.0,12.354060193072119,0.9364256561503858,0.6045114451551619,2.252395945852773,0.010480175381870122,12.354060193072119,0.06136379306382294,1.6009463516816014,6.440511235955056,1.5808567948334904,0.0,11.500920810313076,0.0,0.2650181037620049,0.6747698632585575,0.016469180426965043,8.881169786959328,0.41859653206097985,-0.36521739130434777,-0.23042517591069545,0.011236155445915092,0.06034647665722081,0.8710986267166042,-0.3583273251622206,4.415497661990648,-0.018503403628613642,-0.06328841161677622,0.005988094784426276,Restaurants,Consumer Cyclical,ARKR
2021Q2,2021,Q2,2021-05-18,2021-04-03,4161000.0,25767000.0,-1497000.0,1.15,9612000.0,0.37303527768075445,160834000.0,40484000.0,24100000.0,27661000.0,119614000.0,2150000.0,26387000.0,73485230.0,165426230.0,11.530618057533466,0.8712627887639637,0.6425196164989989,2.5525886770082007,-0.013224075964010174,11.530618057533466,0.1027813457168264,2.8519125237707144,4.41511836097092,1.8151672265586405,0.0,7.513953488372093,0.0,0.16020866234751358,0.5513900437438993,0.025871395351729113,88.32359375,0.37303527768075445,6.227272727272727,7.270561428786839,-0.2680765912175181,0.05854245059758775,0.684837861524978,6.453473132372215,0.5473238584820078,7.388924336029354,-0.28557937344892015,-0.007590606041005451,Restaurants,Consumer Cyclical,ARKR
2021Q1,2021,Q1,2021-02-16,2021-01-02,-763000.0,20299000.0,-3307000.0,-0.22,5705000.0,0.2810483275038179,158750000.0,35824000.0,22886000.0,24446000.0,122308000.0,2373000.0,22226000.0,67903780.0,164862780.0,10.229583095374071,0.9361858790804222,0.6788787401574803,3.008374274229567,-0.003102144570997993,10.229583095374071,-0.021298570790531487,3.345178580225627,-22.24894495412844,1.895482916480572,0.0,6.150021070375053,0.0,0.12786771653543308,0.5576781477542339,-0.004806299212598425,-18.972835987706063,0.2810483275038179,0.5925925925925927,-3.3199328910404557,-0.45132509271099486,-0.09485839602400853,-0.12325188258798217,0.5977859778597786,-0.23718668163112608,-1.4595874093546335,-0.49447926773525513,-0.15140846023098198,Restaurants,Consumer Cyclical,ARKR
2020Q4,2020,Q4,2020-12-22,2020-10-03,-1897000.0,21774000.0,-2673000.0,-0.54,6507000.0,0.2988426563791678,153316000.0,36527000.0,26901000.0,30135000.0,116163000.0,2553000.0,22989000.0,40279005.0,124539005.0,10.433304770065696,0.8926829268292683,0.6597224034021237,2.7690749308730527,-0.008292703836272206,10.433304770065696,-0.0519341856708736,1.8498670432626068,-5.30825052714813,1.1027186738576944,0.0,5.980023501762632,0.0,0.1420204023063477,0.6307947569271611,-0.012373137832972423,-16.111602,0.2988426563791678,0.24999999999999992,-1.919167943056588,-0.47769648427287736,-0.08964353893225728,2.9412477286493033,0.24901029295328583,0.5246309799039659,-2.4144967726990894,-0.4648714215961122,-0.11645562166266919,Restaurants,Consumer Cyclical,ARKR
2020Q3,2020,Q3,2020-08-11,2020-06-27,-2526000.0,7199000.0,-5623000.0,-0.72,1651000.0,0.22933740797332963,157260000.0,37485000.0,28853000.0,23843000.0,119131000.0,2660000.0,24010000.0,45210820.0,128696820.0,10.70388349514563,1.2101245648618042,0.6626669210225105,2.780072028811525,-0.013231537403380325,10.70388349514563,-0.06738695478191277,6.280152798999861,-4.474546714172605,1.2061043083900227,0.0,2.085714285714286,0.0,0.0457776929924965,0.9400662668288386,-0.016062571537581075,-9.346872028116602,0.22933740797332963,-0.41176470588235287,-1.7573560909612014,-0.8267371532940928,-0.045182952790883614,-0.8541648264287607,-0.42069741282339707,-1.9044421487603307,-2.7819180629003584,-0.8291629628513533,-0.08232517683963553,Restaurants,Consumer Cyclical,ARKR
2020Q2,2020,Q2,2020-06-23,2020-03-28,-1778000.0,34002000.0,-1936000.0,-0.51,11321000.0,0.3329510028821834,143157000.0,39953000.0,13657000.0,23680000.0,102327000.0,2824000.0,26536000.0,47250000.0,127377000.0,11.415142857142857,0.5767314189189189,0.6109166858763455,2.188997071559082,-0.00839805045257351,11.415142857142857,-0.044502290190974396,1.389624139756485,-6.643700787401575,1.1826396015318,-0.4921259842519685,8.031515580736544,0.018518518518518517,0.2375154550598294,0.3864864864864865,-0.012419930565742506,-34.94822485207101,0.3329510028821834,-2.186046511627907,-1.9469228130360208,0.04144943759169709,0.08822903210218587,-0.3513064405225762,-2.1751487111698613,-1.7947454844006567,-3.4259338422391856,-0.03522040555882419,-0.008210075290995815,Restaurants,Consumer Cyclical,ARKR
2020Q1,2020,Q1,2020-02-11,2019-12-28,1513000.0,43514000.0,2436000.0,0.43,17452000.0,0.4010663234820977,147150000.0,42514000.0,14258000.0,24344000.0,103707000.0,3247000.0,29190000.0,76978000.0,158049000.0,12.150328665332951,0.5856884653302662,0.5999456337071016,2.076539492872936,0.0105844347789367,12.150328665332951,0.035588276802935505,1.7690398492439214,12.719431592861863,1.8106506092110835,0.5783212161269002,8.026485987064984,0.011366884044792018,0.29571185864763844,0.41287380874137364,0.010282025144410465,45.95701492537314,0.4010663234820977,3.6874999999999996,1.0231003872099589,0.25930720113160766,0.12199803809340122,0.1254272264138776,3.7261261261261263,2.30406852248394,-0.14640317401610548,0.10879491899004164,0.024020067005655378,Restaurants,Consumer Cyclical,ARKR
2019Q4,2019,Q4,2019-12-17,2019-09-28,-555000.0,41687000.0,-1868000.0,-0.16,15507000.0,0.3719864706023461,94652000.0,41864000.0,13709000.0,18082000.0,51945000.0,2222000.0,28552000.0,70940100.0,90250100.0,12.009179575444636,0.75815728348634,0.2798356083336855,0.6326915727116377,-0.01138629258886139,12.009179575444636,-0.013257213835276132,1.7017319548060545,-31.955000000000002,1.6945370724249953,-1.5765765765765767,11.782178217821782,0.012334349683747274,0.4404238684866669,0.5647605353390112,-0.005863584499006889,24.19512278308322,0.3719864706023461,-1.1428571428571428,-1.2347765186620607,0.08838873066650887,0.10865086701188022,-0.14932250809150255,-1.140080767289248,-1.394842528006764,-1.5515025800117535,0.06092134676767458,0.02305738198149216,Restaurants,Consumer Cyclical,ARKR
2019Q3,2019,Q3,2019-08-13,2019-06-29,3962000.0,44807000.0,4731000.0,1.12,18229000.0,0.4068337536545629,89817000.0,43271000.0,13535000.0,17823000.0,45225000.0,2250000.0,29982000.0,71186450.0,92762450.0,12.430623384085033,0.759411995735847,0.30230357282029013,0.6274872316331954,0.06283617171032771,12.430623384085033,0.09156247833421922,1.58873501908184,4.49182546693589,1.6451306879896466,0.0,11.812444444444445,0.0,0.4988699244018393,0.5455871626549964,0.044111916452341984,19.079723934601983,0.4068337536545629,6.894736842105264,0.6739715977464086,0.08379154516048735,0.18115312799492184,0.45355234829758395,6.922272047832586,59.65384615384615,0.15541869405701653,0.06701117596204444,0.06691787978812859,Restaurants,Consumer Cyclical,ARKR
2019Q2,2019,Q2,2019-05-14,2019-03-30,-669000.0,35311000.0,78000.0,-0.19,12541000.0,0.35515844920846196,79765000.0,39945000.0,10068000.0,15573000.0,38520000.0,2048000.0,26895000.0,67727750.0,86044750.0,11.494964028776979,0.6465035638605279,0.2652291105121294,0.529628238828389,0.0034109272711359204,11.494964028776979,-0.01674802853924146,1.9180354563733681,-25.30932361733931,1.6955250970083864,-1.3004484304932735,11.1181640625,0.012845547061581109,0.44268789569359995,0.41096770050728826,-0.00838713721557074,274.2014170040486,0.35515844920846196,-8.5,-2.609159017613496,0.06797092261429444,0.175662276975936,-0.21456754556272312,-9.790322580645162,-0.7442622950819672,-0.01861683408690999,0.013416141036750337,0.055269312697671664,Restaurants,Consumer Cyclical,ARKR
2019Q1,2019,Q1,2019-02-12,2018-12-29,-62000.0,40548000.0,305000.0,-0.02,15967000.0,0.39378021110782285,80562000.0,41472000.0,10795000.0,15005000.0,37700000.0,2122000.0,28434000.0,63921599.99999999,81546600.0,11.937823834196891,0.7194268577140953,0.2582855440530275,0.5017361111111112,-0.009182321772639692,11.937823834196891,-0.0014949845679012345,1.576442734536845,-257.7483870967742,1.5413194444444445,-28.0,11.583883129123468,0.027158268879377237,0.503314217621211,0.442919026991003,-0.0007695936049253991,223.5020979020979,0.39378021110782285,-1.0714285714285714,-1.1032138259243238,0.1825109569042226,0.19125791180070115,0.05573922242792912,-1.0615690168818273,-0.6702702702702703,-1.1900329461222396,0.10483193971658733,0.05629143558686408,Restaurants,Consumer Cyclical,ARKR
2018Q4,2018,Q4,2018-12-20,2018-09-29,1007000.0,40562000.0,925000.0,0.28,15124000.0,0.372861298752527,84737000.0,42296000.0,13212000.0,17840000.0,41001000.0,2094000.0,29364000.0,80269440.0,96368440.0,12.266821345707656,0.7405829596412556,0.2491355606169678,0.4991252127860791,0.026211099927685493,12.266821345707656,0.02380839795725364,1.978932005325181,19.927864945382325,1.897802156232268,0.8619662363455809,12.148042024832856,0.010813579863021344,0.47868109562528766,0.4960762331838565,0.011883828787896669,48.97464307504576,0.372861298752527,-0.6266666666666666,-0.3471511857218364,0.13383826752313668,0.216420459512074,-0.17087878954004715,-0.621001129092962,-0.7556788166930798,-0.5045705000352243,-0.012063695930301504,0.07033967807290942,Restaurants,Consumer Cyclical,ARKR
2018Q3,2018,Q3,2018-08-14,2018-06-30,2657000.0,44800000.0,3786000.0,0.75,18241000.0,0.4071651785714286,85166000.0,42245000.0,13062000.0,17608000.0,41167000.0,2063000.0,28833000.0,85793600.0,102201600.0,12.280523255813954,0.741821899136756,0.25143836742361975,0.5069002248786839,0.04988784228456491,12.280523255813954,0.0628950171617943,1.9150357142857144,8.072412495295447,2.030858089714759,0.0,12.873969946679592,0.0,0.5260315149237959,0.5026124488868696,0.031197895873940305,19.92882694541231,0.4071651785714286,4.947368421052631,-0.046639340274399144,0.1586780664129375,0.25276007435134473,0.4527715833067856,5.171114599686028,7.736654804270462,-0.1890090088473985,0.09766289869681048,0.09545782692953642,Restaurants,Consumer Cyclical,ARKR
2018Q2,2018,Q2,2018-05-15,2018-03-31,-637000.0,35276000.0,-562000.0,-0.19,12556000.0,0.35593604717088106,81865000.0,39899000.0,9527000.0,30046000.0,40308000.0,1988000.0,27043000.0,82416000.0,103404000.0,11.618811881188119,0.3170804766025428,0.26813656629817384,0.5501641645154014,-0.0075086044564065075,11.618811881188119,-0.015965312413844957,2.3363193105794307,-32.34536891679749,2.0656156795909673,-1.34850863422292,11.428571428571429,0.01042273344981557,0.43090453795883465,0.16148572189309726,-0.00778110303548525,-1471.7142857142858,0.35593604717088106,-1.4130434782608696,-1.2714750387358382,0.14590871660720753,0.29018391521936304,-0.18531014793667272,-1.3915181315304241,-1.63718820861678,-0.07607908404602944,0.10123704962177245,0.10764521880082929,Restaurants,Consumer Cyclical,ARKR
2018Q1,2018,Q1,2018-02-13,2017-12-30,1627000.0,39352000.0,882000.0,0.46,15412000.0,0.3916446432201667,80996000.0,41372000.0,8557000.0,26754000.0,37797000.0,2028000.0,28539000.0,92766960.0,112764960.0,12.054778554778554,0.31984002392165656,0.24879006370684972,0.4870685487769506,0.037645782032147336,12.054778554778554,0.0393261142801895,2.3573632852205733,14.254296250768286,2.2422643333655614,1.0547019053472648,11.804733727810651,0.01849796522382538,0.4858511531433651,0.14562308439859462,0.020087411724035754,-67.4178488372093,0.3916446432201667,0.2432432432432433,191.29366987179486,0.18738257955133114,0.294432707156069,0.0039736824962543155,0.24009146341463414,-0.5959688502061383,1.2180060244464677,0.16109071539390188,0.11317465236166198,Restaurants,Consumer Cyclical,ARKR
2017Q4,2017,Q4,2017-12-29,2017-09-30,1312000.0,39806000.0,2183000.0,0.37,15351000.0,0.3856453800934532,80067000.0,40444000.0,10083000.0,26155000.0,37627000.0,1992000.0,27771000.0,83467250.0,100257250.0,11.808467153284672,0.38550946281781684,0.22725967002635292,0.44990604292354863,0.029572968596600833,11.808467153284672,0.03243991692216398,2.0968509772396122,15.904582698170731,2.0637733656413806,0.0,12.276606425702811,0.0,0.4971586296476701,0.19720894666411776,0.016386276493436748,-1669.345,0.3856453800934532,-0.05128205128205133,-0.3251638571213454,0.03516059175516868,0.17512499731381148,-0.05229040622299049,-0.05339105339105339,-0.05004351610095736,-0.4351120412434281,0.057788252843675246,0.09012170775917923,Restaurants,Consumer Cyclical,ARKR
2017Q3,2017,Q3,2017-08-11,2017-07-01,1386000.0,41201000.0,2298000.0,0.39,16198000.0,0.39314579743210115,78779000.0,39938000.0,8789000.0,24019000.0,36637000.0,2111000.0,27316000.0,83032000.0,99650000.0,11.664135514018692,0.36591864773720806,0.21500653727516217,0.42410736641794783,0.029986692769291654,11.664135514018692,0.03470379087585758,2.0152908909977914,14.976911976911977,2.0790224848515195,0.6183261183261183,11.844149692089058,0.010321321899990365,0.5229947067111794,0.17760939256421998,0.01759352111603346,-39.18452100047192,0.39314579743210115,4.545454545454546,-0.5568344668735102,0.0013872382677839628,0.20166739929489683,0.35299031072502507,4.526717557251908,6.537349397590361,-0.40465719217107105,0.013159721143575389,0.10832174075668144,Restaurants,Consumer Cyclical,ARKR
2017Q2,2017,Q2,2017-05-16,2017-04-01,-393000.0,34478000.0,-415000.0,-0.11,11972000.0,0.34723591855676084,74172000.0,39409000.0,10453000.0,19070000.0,32655000.0,2487000.0,26787000.0,86592960.0,100013960.0,11.50963785046729,0.5481384373361301,0.19193226554494958,0.3612372808241772,-0.005362908690744261,11.50963785046729,-0.009972341343347966,2.5115424328557343,-55.084580152671755,2.1972889441498134,-2.178117048346056,9.049457177322076,0.009885330170027679,0.46483848352478024,0.26900891452543263,-0.005298495389095615,-57.99930341594106,0.34723591855676084,-1.2244897959183674,0.07808234824650685,0.09315706490591824,0.27400650923612896,-0.23677164350376131,-1.226643598615917,-1.1410605030591434,-1.1517583789880763,0.05830909836586362,0.17716306102164345,Restaurants,Consumer Cyclical,ARKR
2017Q1,2017,Q1,2017-02-14,2016-12-31,1734000.0,38392000.0,2942000.0,0.49,15686000.0,0.40857470306313814,75168000.0,40615000.0,13225000.0,17659000.0,32254000.0,2161000.0,28036000.0,83007750.0,93632750.0,11.865322816243062,0.7489099042980917,0.20337111536824182,0.37638803397759446,0.03700809106854847,11.865322816243062,0.042693586113504864,2.162110595957491,11.967668685121106,2.043770774344454,0.4936562860438293,10.507172605275336,0.010312290117489029,0.5107492550021285,0.49957528738886686,0.02306832694763729,768.5902777777778,0.40857470306313814,0.7499999999999998,0.6008832031609376,0.15879773112251458,0.3336102146830256,-0.008156813152070818,0.756838905775076,0.41714836223506746,1.9296665696321353,0.13631669530903148,0.1840231416741981,Restaurants,Consumer Cyclical,ARKR
2016Q4,2016,Q4,2016-12-30,2016-10-01,987000.0,38538000.0,2076000.0,0.28,15815000.0,0.410374176137838,68255000.0,40134000.0,15996000.0,16654000.0,25551000.0,1892000.0,27158000.0,76722360.0,77421360.0,11.738520035097983,0.960489972379008,0.11629917222181525,0.19778741216923307,0.02886515797123831,11.738520035097983,0.024592614740618926,1.9908236026778763,19.43322188449848,1.9116549558977425,0.8662613981762918,12.010042283298096,0.011144078466825056,0.5646179767050032,0.687042152035547,0.01446047908578126,120.63264150943397,0.410374176137838,-0.7083333333333333,0.13358449852520213,0.032771773484038584,0.2078129443998284,-0.1055876032123063,-0.7068607068607069,-0.6089659069504615,-0.35468990643155013,0.08639830304033316,0.16403227312689292,Restaurants,Consumer Cyclical,ARKR
2016Q3,2016,Q3,2016-08-16,2016-07-02,3367000.0,41233000.0,5309000.0,0.96,17682000.0,0.428831275919773,69599000.0,39823000.0,17079000.0,17720000.0,27301000.0,1925000.0,27026000.0,77997392.8,78024392.8,11.650965476887068,0.9638261851015801,0.122789120533341,0.21459960324435629,0.08218870488572193,11.650965476887068,0.08454912989980665,1.8916254650401376,5.791312206712207,1.9586016322225852,0.25393525393525396,12.234285714285715,0.01096190487023561,0.5924366729407031,0.6959932279909706,0.04837713185534275,18.03824995374653,0.428831275919773,6.052631578947368,0.49299700021872866,0.07126784387287803,0.22073700697665563,0.45100935499753814,6.212074303405573,9.52166934189406,0.2158924815950995,0.07328754630600606,0.18853766024830346,Restaurants,Consumer Cyclical,ARKR
2016Q2,2016,Q2,2016-05-13,2016-04-02,-646000.0,34272000.0,-623000.0,-0.19,12186000.0,0.3555672268907563,66943000.0,37232000.0,14191000.0,17465000.0,27713000.0,1904000.0,24514000.0,71402020.0,74666020.0,10.892919836161498,0.8125393644431721,0.13725109421448098,0.24677696605070906,-0.010956845234666661,10.892919836161498,-0.017350666093682854,2.0833922735760972,-27.63236068111455,1.917759454232918,-1.3235294117647058,11.599789915966387,0.011974451142978869,0.5119579343620693,0.553048955052963,-0.009650000746904083,43.352774741955066,0.3555672268907563,-3.1111111111111116,0.5749034410079286,0.1590065430490828,0.19388042007254816,-0.14225381854015626,-3.012461059190031,-1.9842022116903633,-1.3143513253916561,0.11850613529449272,0.20957892305184486,Restaurants,Consumer Cyclical,ARKR
2016Q1,2016,Q1,2016-02-16,2016-01-02,321000.0,36109000.0,633000.0,0.09,14207000.0,0.3934476169376056,68240000.0,38629000.0,14839000.0,16741000.0,27679000.0,2001000.0,26014000.0,79400140.0,83351140.0,11.30163838502048,0.886386715249985,0.14406506447831183,0.2544979160734163,0.010110022850125322,11.30163838502048,0.008309819047865593,2.1989016588662107,61.83811526479751,2.05545419244609,2.663551401869159,10.945527236381809,0.010768242977909107,0.5291471277842907,0.6266650737709815,0.0047039859320046895,-68.15462660944206,0.3934476169376056,-0.8421052631578948,2.5396698505839015,0.13367023199377823,0.153821811498407,-0.15895098271371064,-0.8402190144350423,-0.8268599562363238,37.09409742539496,0.0939930059112781,0.2135611038845617,Restaurants,Consumer Cyclical,ARKR
2015Q4,2015,Q4,2015-12-30,2015-10-03,2009000.0,40581000.0,3656000.0,0.57,16892000.0,0.41625391192922795,66567000.0,39058000.0,17762000.0,17633000.0,25336000.0,1956000.0,26548000.0,78384000.0,74173000.0,11.460680751173708,1.0073158282765269,0.08298406117145132,0.1414306928158124,0.05156885262215868,11.460680751173708,0.05143632546469353,1.9315443187698678,9.754106520657043,2.0068615904552205,0.42458934793429565,12.110940695296524,0.010882322923045518,0.6096263914552256,0.762263936936426,0.03018011927832109,20.70364500792393,0.41625391192922795,-0.38043478260869573,0.8990014812119952,0.30283356045535037,0.12591636469541673,-0.050104031940617445,-0.3801295896328294,-0.2222931291214635,0.03849742956472095,0.06057876159324687,0.14051487480246214,Restaurants,Consumer Cyclical,ARKR
2015Q3,2015,Q3,2015-08-06,2015-06-27,3241000.0,40375000.0,4701000.0,0.92,17783000.0,0.44044582043343655,64191000.0,38149000.0,15330000.0,15634000.0,23846000.0,1896000.0,25392000.0,85075000.0,83417000.0,11.21040258595357,0.9805552002046821,0.09234939477496845,0.15539070486775539,0.08267188680749289,11.21040258595357,0.08495635534352146,2.1071207430340557,6.562403579142241,2.230071561508821,0.5239123727244678,11.915611814345992,0.01995885982956215,0.6289822560795127,0.7452987079442241,0.05048994407315667,22.482822410147993,0.44044582043343655,6.411764705882353,0.13986912217776043,0.17761259947513322,0.11012981372124848,0.603227551388388,6.559176672384219,8.414826498422713,0.04268609938916322,-0.01263293269957768,0.15492273767919673,Restaurants,Consumer Cyclical,ARKR
2015Q2,2015,Q2,2015-05-12,2015-03-28,-583000.0,31548000.0,-634000.0,-0.17,11092000.0,0.3515912260682135,61885000.0,35476000.0,12922000.0,15487000.0,24210000.0,1841000.0,23002000.0,82859000.0,82988000.0,10.489651094027202,0.8343772196035385,0.10231881716086288,0.17848686435900327,-0.010898758241313757,10.489651094027202,-0.016433645281316946,2.6264422467351336,-35.53130360205832,2.335635359116022,-1.4493996569468268,11.111352525801195,0.010198047285147057,0.509784277288519,0.6026990379027571,-0.009420699684899411,-92.37346711259755,0.3515912260682135,-1.8095238095238095,0.10340180899845856,0.2963583196500604,0.10764825022404577,-0.19371956095078868,-1.8074792243767313,-1.520098441345365,-0.3846126259580423,0.012680588871678219,0.16110375904346688,Restaurants,Consumer Cyclical,ARKR
2015Q1,2015,Q1,2015-02-10,2014-12-27,722000.0,33359000.0,1219000.0,0.21,13757000.0,0.41239245780748823,63523000.0,36581000.0,14067000.0,15484000.0,24718000.0,1885000.0,24431000.0,73741740.0,72327740.0,10.829188869153345,0.9084861792818393,0.10816554633754703,0.18782974768322352,0.020183190647150878,10.829188869153345,0.019737021951286186,2.2105500764411405,25.533843490304708,2.0158481178753997,1.1689750692520775,10.39893899204244,0.011445349675773858,0.525148371456008,0.704210798243348,0.011365961935047148,72.01341796875,0.41239245780748823,-0.6818181818181819,2.0317267290506384,0.34755401331880664,0.09719181191851516,-0.11285226026955568,-0.6844405594405595,-0.5800895625215294,-0.32454720011514226,0.020298331694804272,0.217153306007345,Restaurants,Consumer Cyclical,ARKR
2014Q4,2014,Q4,2014-12-24,2014-09-27,2288000.0,37071000.0,2903000.0,0.66,15507000.0,0.4183054139354212,65363000.0,36548000.0,15425000.0,16728000.0,26471000.0,1832000.0,24554000.0,75712560.0,74368560.0,10.832246591582692,0.9221066475370636,0.11195936539020547,0.20022983473787895,0.053433905190827656,10.832246591582692,0.06260260479369596,2.0423662701302905,8.272788461538461,2.0715924263981615,0.36538461538461536,11.770742358078603,0.01104176110278136,0.5671557303061365,0.7234576757532282,0.03500451325673546,24.431287512100678,0.4183054139354212,0.015384615384615398,0.7848135104664273,0.15030813367452547,0.056051751623654784,-0.055602923264311814,0.02188476998660116,-0.13959691760521636,1.6628505233858597,0.006707980297945719,0.1145636427015979,Restaurants,Consumer Cyclical,ARKR
2014Q3,2014,Q3,2014-08-12,2014-06-28,2239000.0,39110000.0,3374000.0,0.65,16420000.0,0.41984147276911277,62842000.0,34656000.0,12836000.0,15586000.0,25697000.0,1871000.0,23117000.0,73269250.0,74383250.0,10.524142119647738,0.8235596047735146,0.1249482829954489,0.2265697137580794,0.06298504364576356,10.524142119647738,0.06460641735918744,1.8734147276911275,8.181023894595802,2.1141865766389656,0.3640017865118356,12.127204703367184,0.01112335666053631,0.6223544763056554,0.59437957141024,0.0356290379045861,23.44616,0.41984147276911277,14.0,0.48587704588070446,0.33180321656852085,-0.02817230254615523,0.35646427096241223,13.867816091954023,21.644295302013422,0.030505324311418825,0.054681379426945405,0.10267340312884388,Restaurants,Consumer Cyclical,ARKR
2014Q2,2014,Q2,2014-05-13,2014-03-29,-174000.0,31037000.0,149000.0,-0.05,12105000.0,0.39001836517704674,61152000.0,31894000.0,12762000.0,16060000.0,26807000.0,1835000.0,21707000.0,72416403.262,75506403.262,9.777437155119559,0.7946450809464508,0.1415652799581371,0.27143036307769486,0.0023859645077370906,9.777437155119559,-0.005455571580861604,2.333228187711441,-104.04655641091955,2.2705337449677057,-4.689655172413793,10.31716621253406,0.01126816526702853,0.507538592360021,0.5535491905354919,-0.002845368916797488,104.64798159248554,0.39001836517704674,-1.2941176470588236,0.7385367080236154,0.39780918491894235,-0.05431212284546021,-0.12320730117340287,-1.3090586145648313,-0.8759367194004996,0.8800245406232987,0.09980142101429222,0.07162183818113009,Restaurants,Consumer Cyclical,ARKR
2014Q1,2014,Q1,2014-02-11,2013-12-28,563000.0,32138000.0,1201000.0,0.17,13806000.0,0.42958491505383034,54903000.0,32629000.0,13083000.0,13957000.0,19633000.0,1611000.0,22699000.0,73162320.0,68843320.0,10.021191646191646,0.9373790929282797,0.0572099885252172,0.0962640595789022,0.022900982037742237,10.021191646191646,0.017254589475619846,2.276505071877528,32.48770870337477,2.242248306721015,1.4458259325044405,11.379267535692117,0.011125945705384959,0.5853596342640657,0.7304578347782474,0.010254448755077136,57.29234142521535,0.42958491505383034,-0.6046511627906977,-0.2844687421133702,0.2912708228940688,-0.044393385572376744,-0.03649940679740386,-0.6125258086717137,-0.4587652095538531,3.8347752361836873,0.059199556756485056,0.02309674975152687,Restaurants,Consumer Cyclical,ARKR
2013Q4,2013,Q4,2013-12-23,2013-09-28,1453000.0,33699000.0,2219000.0,0.43,14329000.0,0.4252054957120389,56458000.0,32754000.0,15216000.0,14910000.0,21110000.0,1579000.0,22950000.0,70449120.0,65358120.0,10.08435960591133,1.020523138832998,0.06477381416274045,0.11165048543689321,0.04200862279613922,10.08435960591133,0.04436099407705929,2.090540372117867,12.121321403991741,2.1508554680344387,0.0006882312456985547,12.26725775807473,1.4194641466067992e-05,0.5968861808778206,0.8069751844399732,0.025735945304474123,14.489740847387907,0.4252054957120389,-0.4415584415584416,-0.22069109358626562,0.1304151111475214,-0.06500329553952834,-0.14243820695433598,-0.4473183720045645,-0.49418737178025984,0.44110142148219506,0.1351853341005361,-0.009295716870379502,Restaurants,Consumer Cyclical,ARKR
2013Q3,2013,Q3,2013-08-13,2013-06-29,2629000.0,36473000.0,4387000.0,0.77,16709000.0,0.45811970498725085,53873000.0,31810000.0,10627000.0,12804000.0,19302000.0,1573000.0,22310000.0,68631750.0,68143750.0,9.802773497688753,0.8299750078100594,0.07578935644942736,0.1283558629361836,0.09134197135565894,9.802773497688753,0.082646966362779,1.881713870534368,6.526412133891213,2.157552656397359,0.30886268543172307,12.5645263827082,0.011831258856141657,0.6770181723683478,0.6032489846922836,0.0487999554507824,30.1678021978022,0.45811970498725085,10.625,-0.07073352646143202,0.12064177232971089,-0.08466392525864588,0.4481712601837407,10.920754716981133,16.55673758865248,-0.03035270047197234,0.1156003526359043,-0.02926313007026228,Restaurants,Consumer Cyclical,ARKR
2013Q2,2013,Q2,2013-05-14,2013-03-30,-265000.0,29090000.0,-282000.0,-0.08,11538000.0,0.3966311447232726,53412000.0,29223000.0,10670000.0,13835000.0,20930000.0,1460000.0,20493000.0,68015200.0,68494200.0,9.005546995377504,0.7712323816407661,0.08777053845577773,0.16042158573726176,-0.005879919182387408,9.005546995377504,-0.009068199705711254,2.3380955654864213,-64.16528301886794,2.3274544023543102,-3.060377358490566,12.021917808219179,0.011923805267057951,0.5446341646072044,0.5081315504156125,-0.004961431887965251,44.05129533678757,0.3966311447232726,-34.22,-1.8489761928088566,0.22322845960808832,-0.12359101370707287,1.982936918304033,-34.125,-2.0,0.575249323159096,0.2458215829013721,-0.049064808512072594,Restaurants,Consumer Cyclical,ARKR
2013Q1,2013,Q1,2013-02-12,2012-12-29,8000.0,31336000.0,282000.0,0.002408187838651415,3868000.0,0.12343630329333674,50399000.0,30220000.0,11695000.0,11102000.0,16641000.0,1538000.0,21569000.0,55002750.0,51703750.0,9.312788906009246,1.0534137993154387,0.04041746860056747,0.06740569159497022,0.005981565812724451,9.312788906009246,0.00026472534745201854,1.755257531273934,1718.8359374999998,1.8200777630708138,101.375,17.85955786736021,0.014744717309589067,0.6217583682215917,0.7563502071698793,0.00015873330820055954,50.23082191780822,0.12343630329333674,-0.9956214766569975,-0.9940284197911317,0.14569428465050133,-0.12129212279221295,-0.5019314962657739,-0.995656894679696,-0.9321462945139557,1.011900423462418,0.317715520087447,-0.05644680711919333,Restaurants,Consumer Cyclical,ARKR
2012Q4,2012,Q4,2012-12-28,2012-09-29,1842000.0,36433000.0,4156000.0,0.55,7766000.0,0.21315840035132985,55164000.0,32608000.0,16548000.0,12487000.0,18377000.0,1567000.0,22372000.0,54678250.00000001,48098250.00000001,10.048690292758089,1.3252182269560342,0.03852149952867812,0.0651680569185476,0.08308814070579246,10.048690292758089,0.0564892051030422,1.5007891197540693,7.421043702497286,1.6768354391560356,0.44028230184581973,18.294192724952136,0.014832223050298793,0.6604488434486259,1.033795146952831,0.0333913421796824,9.823616600790515,0.21315840035132985,-0.38888888888888884,-0.20675595590849832,0.18521612482503186,-0.051059622392994365,0.01529611713949536,-0.3785425101214575,-0.036178107606679034,0.49402143220687583,0.1754528144162899,-0.02033831158931424,Restaurants,Consumer Cyclical,ARKR
2012Q3,2012,Q3,2012-08-14,2012-06-30,2964000.0,38993000.0,4312000.0,0.9,7649000.0,0.19616341394609288,52943000.0,31498000.0,12348000.0,11981000.0,17702000.0,1583000.0,21341000.0,46857800.0,44537800.0,9.706625577812018,1.03063183373675,0.040137506374780425,0.06746460092704298,0.091446614976196,9.706625577812018,0.0941012127754143,1.2016977406201113,3.9522435897435897,1.4876436599149152,0.5475708502024291,19.800379027163615,0.03463670936322235,0.7365090757985002,0.7635422752691762,0.05598473830345844,12.799180551761813,0.19616341394609288,8.5,-0.05527951385883211,0.19616888927474257,-0.05093592002763997,1.3348595848595848,8.336633663366337,50.333333333333336,0.9961078794696913,0.34746012726382586,-0.10366398723173138,Restaurants,Consumer Cyclical,ARKR
2012Q2,2012,Q2,2012-05-15,2012-03-31,-404000.0,29891000.0,84000.0,-0.12,3276000.0,0.10959820681810578,52551000.0,29316000.0,10789000.0,12902000.0,18998000.0,1566000.0,19188000.0,52244500.00000001,51119500.00000001,9.034206471494606,0.8362269415594481,0.04043690890753744,0.07248601446309183,0.0017421397877877196,9.034206471494606,-0.01378087051439487,1.7478337961259245,-32.32951732673268,1.7821155682903538,-1.3737623762376239,16.995530012771393,0.010623127793356238,0.5687998325436243,0.6283521934583786,-0.007687769975833,-22.636265164644715,0.10959820681810578,-1.3870967741935483,-1.5912066590032692,0.27842168570850423,-0.057460004862957395,-0.3461077844311377,-1.3720073664825045,-0.9339622641509434,0.3897439448763006,0.35324943292243616,-0.12619847059512307,Restaurants,Consumer Cyclical,ARKR
2012Q1,2012,Q1,2012-02-14,2011-12-31,1086000.0,33218000.0,1272000.0,0.31,5010000.0,0.1508218435787826,51796000.0,30535000.0,12838000.0,11453000.0,16956000.0,1472000.0,20403000.0,45988800.0,44668800.0,8.897144522144522,1.120929014232079,0.04139315777280099,0.07021450794170624,0.02982841845215392,8.897144522144522,0.03556574422793515,1.3844542115720393,10.586740331491711,1.5061011953495989,1.2578268876611418,19.16304347826087,0.02970288418049612,0.6413236543362422,0.9133851392648215,0.020966870028573635,-24.319830777366473,0.1508218435787826,0.24,-0.9142001316830475,0.22556441797098498,-0.05079758937087454,-0.1978866474543708,0.2425629290617849,9.258064516129032,0.3094446875438612,0.266219767964692,-0.15158092419968028,Restaurants,Consumer Cyclical,ARKR
2011Q4,2011,Q4,2011-12-30,2011-10-01,874000.0,37457000.0,124000.0,0.25,6246000.0,0.16675120805189952,54261000.0,33355000.0,16713000.0,12633000.0,16075000.0,1612000.0,20128000.0,45508320.0,41248320.0,9.718822843822844,1.3229636665875089,0.06487163893035514,0.10553140458701844,0.004220044519277747,9.718822843822844,0.02620296807075401,1.2149483407640762,13.017254004576658,1.3643627642032679,1.540045766590389,19.36166253101737,0.029577009215018265,0.690311641879066,1.1434338636903347,0.016107333075321133,11.701805091283106,0.16675120805189952,-0.6153846153846154,-0.537907510849584,0.27166706330518003,-0.12696107525743028,-0.03625983644499306,-0.6209887250650477,-0.9602436678422571,-0.5563666370077901,0.18911175732360078,-0.09889495363862473,Restaurants,Consumer Cyclical,ARKR
2011Q3,2011,Q3,2011-08-16,2011-07-02,2306000.0,39357000.0,3119000.0,0.65,6481000.0,0.16467210407297303,55475000.0,33357000.0,15683000.0,12909000.0,16424000.0,1639000.0,20128000.0,54487050.0,49821050.0,9.544206008583691,1.2148888372453328,0.002451554754393871,0.004077105255268759,0.07926704936980772,9.544206008583691,0.06913091704889529,1.3844309779708819,5.907095620121422,1.6334517492580267,0.6253252385082394,20.058572300183037,0.026465004069774378,0.7094547093285264,0.9824928344565806,0.04156827399729608,14.854702835332606,0.16467210407297303,2.4772727272727275,-0.08190248816637449,0.19565076492675326,-0.12105867577163991,2.303261977573904,2.48486799742434,3.045245901639344,-0.2432080450205833,0.12275456132751807,-0.10880771992950686,Restaurants,Consumer Cyclical,ARKR
2011Q2,2011,Q2,2011-05-17,2011-04-02,-1553000.0,30219000.0,-1525000.0,-0.44,1962000.0,0.06492603990866673,52742000.0,31870000.0,13188000.0,11634000.0,15131000.0,1657000.0,18696000.0,49771058.4,47291058.4,9.123962210134556,1.1335740072202165,0.003640362519434227,0.006024474427361154,-0.03735342407290508,9.123962210134556,-0.04872921242547851,1.6470120917303683,-8.012082807469413,1.5616899403828048,-0.9980682549903412,17.053108026554014,0.031142596718417386,0.5729589321603277,0.8200103145951522,-0.02944522392021539,-77.28425217391305,0.06492603990866673,-6.333333333333334,-9.193491998187481,0.17031922550947481,-0.12578442456864186,-0.46320109439124485,-6.291079812206573,-27.29310344827586,-5.622077350406842,0.18048387659580012,-0.11206698763956617,Restaurants,Consumer Cyclical,ARKR
2011Q1,2011,Q1,2011-02-15,2011-01-01,-213000.0,32541000.0,58000.0,-0.06,3655000.0,0.11231984266002888,54839000.0,34204000.0,14414000.0,11209000.0,14767000.0,1681000.0,21120000.0,49935600.0,48862600.0,9.794959908361971,1.2859309483450798,0.0045223289994347085,0.007250613963279149,0.00127256820170206,9.794959908361971,-0.006227341831364753,1.5345441135797917,-58.60985915492958,1.4599345105835575,-4.098591549295775,17.18381915526472,0.01748251748251748,0.5933915643976002,0.9946471585333214,-0.0038840970841919073,-28.453333333333333,0.11231984266002888,-1.1935483870967742,-1.2305350470445235,0.17905994241392797,-0.09097814704189522,-0.15822201750345463,-1.1964944649446494,-0.9483526268922529,-1.1477472317678503,0.10559622979237951,-0.07579689443423718,Restaurants,Consumer Cyclical,ARKR
2010Q4,2010,Q4,2011-01-03,2010-10-02,1084000.0,31916000.0,1123000.0,0.31,4342000.0,0.13604461711993984,51631000.0,35545000.0,15382000.0,10485000.0,14191000.0,1652000.0,22554000.0,50948280.0,49239280.0,10.178980526918672,1.4670481640438722,0.005849199124556952,0.008496272330848221,0.021032797750568533,10.178980526918672,0.03049655366436911,1.5963241007645068,11.750064575645757,1.433345899563933,0.9169741697416974,16.69128329297821,0.0195099814949592,0.6181557591369526,1.2334763948497853,0.02099513857953555,41.93274074074074,0.13604461711993984,-0.6265060240963856,-0.4674493135662202,0.016212466202185593,-0.058091289546616444,-0.42106666666666664,-0.6282578875171467,-0.7401064568386947,-0.5662026022850766,-0.03516835301053886,-0.038755763840208415,Restaurants,Consumer Cyclical,ARKR
2010Q3,2010,Q3,2010-08-17,2010-07-03,2916000.0,35162000.0,4321000.0,0.83,7500000.0,0.21329844718730448,50530000.0,35243000.0,15360000.0,9427000.0,13352000.0,1694000.0,22343000.0,45021349.0,41251349.0,10.098280802292264,1.6293624695024929,0.00702552938848209,0.010072922282439067,0.08707617716902359,10.098280802292264,0.08273983486082342,1.2803978442636939,3.859855024005487,1.2774550690917346,0.2993827160493827,16.329397874852422,0.019390800573301347,0.6958638432614288,1.3749867402142781,0.05770829210370077,8.046711170688114,0.21329844718730448,5.368421052631579,0.02353915916489156,0.0629451166143728,-0.04278155378326424,2.2938076416337285,5.34575260804769,4.149416909620991,-0.1358245437637601,0.002925553552678093,-0.01264188032167044,Restaurants,Consumer Cyclical,ARKR
2010Q2,2010,Q2,2010-05-18,2010-04-03,-671000.0,25113000.0,-1372000.0,-0.19,2277000.0,0.09067017082785808,47856000.0,33051000.0,12115000.0,8847000.0,12894000.0,1673000.0,20300000.0,46591500.0,44437500.0,9.470200573065902,1.3693907539278851,0.008525576730190571,0.012344558409730417,-0.02970923694481259,9.470200573065902,-0.0203019575807086,1.8552741607932146,-17.35897913561848,1.4096850322229282,-1.301043219076006,13.64973102211596,0.01873732333150897,0.5247617853560682,0.9529784107607099,-0.014021230357739887,361.1744186046512,0.09067017082785808,0.09523809523809519,-2.1914097007437445,-0.00359612029391125,-0.0660653653346574,0.0030837004405286344,0.07192254495159059,-0.2798507462686567,-1.9129978320522734,-0.0013310317944459865,-0.01197268069437403,Restaurants,Consumer Cyclical,ARKR
2010Q1,2010,Q1,2010-02-16,2010-01-02,-723000.0,25576000.0,-1072000.0,-0.21,2270000.0,0.08875508289020957,48448000.0,34446000.0,11852000.0,7609000.0,11782000.0,1702000.0,21845000.0,50430500.0,50731500.0,9.869914040114613,1.5576291234064923,0.009474075297225892,0.013325204668176277,-0.02406264993887709,9.869914040114613,-0.020989374673401846,1.9717899593368784,-17.43793222683264,1.4640451721535155,-6.033195020746888,13.693301997649824,0.08649527567642598,0.5279062087186261,1.203049020896307,-0.014923216644649934,-11.752621766487998,0.08875508289020957,-1.5526315789473684,-1.5940198346627428,-0.07448087353645104,-0.027390045100745546,-0.5266889074228523,-1.5452488687782806,-1.5754159957058507,-1.0561716195312347,-0.07206589221557369,0.05298347984133853,Restaurants,Consumer Cyclical,ARKR
2009Q4,2009,Q4,2010-01-04,2009-10-03,1326000.0,33335000.0,1863000.0,0.38,4796000.0,0.14387280635968203,55336000.0,35798000.0,18814000.0,12931000.0,17234000.0,1547000.0,23440000.0,60202500.0,55261500.0,10.25730659025788,1.4549532132085685,0.009234494723145872,0.014274540477121627,0.036939701537166046,10.25730659025788,0.03704117548466395,1.8059847007649616,11.35039592760181,1.6817280294988546,0.0,18.447963800904976,0.0,0.6024107271938701,1.3022194725852603,0.023962700592742518,17.434839270199827,0.14387280635968203,-0.1739130434782609,-0.5911551682643188,0.06508573495805531,0.018232627892558553,-0.14295925661186562,-0.1696931747025673,-0.25,-0.3105816269480747,0.11291691628914777,-0.07858924272857679,Restaurants,Consumer Cyclical,ARKR
2009Q3,2009,Q3,2009-08-11,2009-06-27,1597000.0,31123000.0,2484000.0,0.46,5596000.0,0.17980271824695562,52283000.0,37794000.0,17570000.0,8077000.0,12162000.0,1557000.0,25604000.0,43101500.0,40761500.0,10.829226361031518,2.175312616070323,0.010710938545990093,0.014817166746044346,0.04124307072779573,10.829226361031518,0.04225538445255861,1.3848761366192206,6.74726048841578,1.1404323437582686,0.0,16.39499036608863,0.0,0.5952795363693744,1.8038875820230285,0.030545301532046744,13.38555900621118,0.17980271824695562,3.3,-0.4800498058286124,-0.1081442665874,0.1791925135009007,1.863868986693961,3.2429775280898876,2.700205338809035,-0.36326873289785233,-0.05314044719387344,-0.0027190790335669553,Restaurants,Consumer Cyclical,ARKR
2009Q2,2009,Q2,2009-05-12,2009-03-28,-712000.0,23756000.0,-1461000.0,-0.2,1954000.0,0.08225290452938205,49574000.0,36083000.0,14650000.0,6991000.0,11171000.0,1579000.0,24007000.0,33224800.0,32043800.0,10.338968481375359,2.0955514232584753,0.012284665348771533,0.016877754067012165,-0.02345363764921269,10.338968481375359,-0.019732283901006013,1.3985856204748275,-11.666011235955056,0.9207881828007648,0.0,13.807473084230526,0.0,0.4792028079235083,1.5939064511514804,-0.014362367369992335,-32.35131450827653,0.08225290452938205,-1.8333333333333335,-4.846538983562056,-0.13578165414096463,0.23064123688028929,-0.9026940889397939,-1.8406139315230223,-4.794805194805194,-3.677401848232414,-0.07918851790181568,-0.009368181043908668,Restaurants,Consumer Cyclical,ARKR
2009Q1,2009,Q1,2009-02-10,2008-12-27,847000.0,26792000.0,385000.0,0.24,20081000.0,0.7495147805315019,50373000.0,36756000.0,14928000.0,6928000.0,11172000.0,1552000.0,24718000.0,37363300.0,40714300.0,10.486733238231098,2.1547344110854505,0.08544259821729895,0.11709652845793884,0.005627616769429555,10.486733238231098,0.023043856785286757,1.3945692744102718,11.028128689492325,1.0165224725214932,1.8370720188902008,4.32409793814433,0.04164514376406794,0.5318722331407698,1.8431004618937645,0.016814563357354137,-21.27750569476082,0.7495147805315019,-0.5789473684210527,0.3825608842455281,-0.10291959650758495,0.3140431115895818,-0.6044711443766003,-0.5790258449304175,-0.8544423440453687,-0.08667156713117263,-0.032844430268203134,-0.026778080882584748,Restaurants,Consumer Cyclical,ARKR
2008Q4,2008,Q4,2008-12-23,2008-09-27,2012000.0,32170000.0,2645000.0,0.57,50770000.0,1.5781784271059993,54010000.0,37803000.0,18308000.0,9164000.0,13526000.0,1556000.0,25427000.0,63195150.00000001,64617150.00000001,10.785449358059914,1.9978175469227413,0.0814663951120163,0.11639287887204719,0.03955789809012501,10.785449358059914,0.053223289156945214,1.9644124961143925,7.852280069582506,1.6716966907388304,0.786779324055666,-11.953727506426736,0.02504939065735266,0.5956304388076282,1.7885202968136185,0.03725236067394927,18.35467615451641,1.5781784271059993,-0.34482758620689663,0.022975900774004257,-0.08478651477079967,0.3819590110363565,2.035031085604974,-0.35841836734693877,-0.4643580396921831,-0.015204952856531005,0.0205007670074503,-0.001971890048822054,Restaurants,Consumer Cyclical,ARKR
2008Q3,2008,Q3,2008-08-12,2008-06-28,3136000.0,36077000.0,4938000.0,0.87,16728000.0,0.46367491753748924,54973000.0,38522000.0,17954000.0,10460000.0,14914000.0,1646000.0,24998000.0,93162300.0,92918300.0,10.709480122324159,1.7164435946462715,0.08131264438906373,0.11603758891023311,0.06980334723490005,10.709480122324159,0.08140802658221276,2.5823183745876874,7.4268415178571425,2.4184180468303826,0.0,11.75516403402187,0.0,0.6562676222873047,1.4924474187380496,0.057046186309642914,47.99706336939722,0.46367491753748924,7.7,0.7129805687019052,0.0010550419898426116,0.48123206526862694,0.046153846153846156,8.063583815028903,12.565934065934066,0.06801655919660589,0.058163256276260566,0.015154175565522761,Restaurants,Consumer Cyclical,ARKR
2008Q2,2008,Q2,2008-05-13,2008-03-29,346000.0,26361000.0,364000.0,0.1,15990000.0,0.6065778991692272,49674000.0,36961000.0,15813000.0,8005000.0,12550000.0,1516000.0,23444000.0,104672700.0,106678700.0,10.275507367250487,1.9753903810118676,0.09139590127632162,0.12283217445415438,0.005358562559191147,10.275507367250487,0.00936121858174833,3.9707408671901674,75.63056358381503,2.831976948675631,0.0,6.841029023746702,0.0,0.5306800338205098,1.7034353529044348,0.0069654145025566695,-75.14192390524049,0.6065778991692272,-0.7500000000000001,9.199481049022333,-0.12211261848314252,0.529474003800655,-0.2919766206163656,-0.767003367003367,-0.8276515151515151,-0.40392665769408725,0.014807535644014344,0.013352583716954986,Restaurants,Consumer Cyclical,ARKR
2008Q1,2008,Q1,2008-02-12,2007-12-29,1485000.0,30318000.0,2112000.0,0.4,22584000.0,0.7449040174153968,50781000.0,38122000.0,18455000.0,7968000.0,12495000.0,1562000.0,24682000.0,132909150.00000001,134740150.0,10.598276341395607,2.3161395582329316,0.0886158208778874,0.11804207544200199,0.029166507770457067,10.598276341395607,0.03895388489586066,4.383836334850584,22.37527777777778,3.486415980273858,1.065993265993266,4.951344430217669,0.0119103914215086,0.5970343238612867,2.0307479919678717,0.029243220889702843,-186.14726890756305,0.7449040174153968,-0.4366197183098591,12.321180006327113,0.022760431836753782,0.5805493221743753,0.07512139388746072,-0.4230769230769231,-0.40773976444195176,0.18378843292834132,0.0644819769270562,0.044384888512657844,Restaurants,Consumer Cyclical,ARKR
2007Q4,2007,Q4,2007-12-28,2007-09-29,2574000.0,34074000.0,3566000.0,0.71,21006000.0,0.6164817749603804,52181000.0,38090000.0,20794000.0,9223000.0,14091000.0,1410000.0,24780000.0,132490099.5,133137099.5,10.589380038921323,2.2545809389569555,0.08922787987964968,0.12223680756103965,0.053951197505348734,10.589380038921323,0.06757679180887372,3.888304851206198,12.868113782051282,3.4783433840903126,0.6130536130536131,9.268085106382978,0.01191032391065568,0.6529963013357353,1.9098991651306516,0.049328299572641385,38.4252028712297,0.6164817749603804,-0.2604166666666667,0.4147370581761993,0.00662355314468537,0.570387781063344,-0.06511193199519338,-0.25842696629213485,-0.26731045818779536,-0.22996844967213828,0.0563120080195582,0.05119722900987993,Restaurants,Consumer Cyclical,ARKR
2007Q3,2007,Q3,2007-08-14,2007-06-30,3471000.0,36064000.0,4867000.0,0.96,22469000.0,0.6230312777284827,53058000.0,36717000.0,19770000.0,11347000.0,16216000.0,1559000.0,23785000.0,132794100.0,131298100.0,10.22757660167131,1.742310742927646,0.017509140940103283,0.025301631396900618,0.09149359086666088,10.22757660167131,0.09453386714600866,3.682178904170364,9.564541918755403,3.6166925402402157,0.3615672716796312,8.720333547145605,0.009450721078722623,0.6797089977006295,1.4322728474486648,0.06541897546081646,25.385987382909576,0.6230312777284827,8.6,0.6760530690003265,-0.04127341281577727,0.6439576134369094,0.428326234822961,3.5912698412698414,9.076604554865424,0.09860714861455297,0.004657495124915054,0.11367897926172925,Restaurants,Consumer Cyclical,ARKR
2007Q2,2007,Q2,2007-05-15,2007-03-31,756000.0,25867000.0,483000.0,0.1,15731000.0,0.6081493795183052,48297000.0,34410000.0,15916000.0,8787000.0,13864000.0,1480000.0,21568000.0,121887680.0,120888680.0,9.584958217270195,1.8113121656993285,0.0201254736319026,0.028247602441150828,0.008439461302782756,9.584958217270195,0.02197035745422842,4.712091854486411,40.30677248677249,3.5422167974426038,15.947089947089948,6.848648648648648,0.09891073486672321,0.535581920202083,1.4139069079321724,0.015653146158146468,-264.97321739130433,0.6081493795183052,-0.9456521739130435,4.544289693593314,-0.12808478046012975,0.6976476664329895,0.89987922705314,-0.9425968109339408,-0.8004956629491945,7.034921565752821,-0.0851977876088951,0.14089184595116883,Restaurants,Consumer Cyclical,ARKR
2007Q1,2007,Q1,2006-12-30,2006-12-30,13170000.0,28202000.0,2421000.0,1.84,8280000.0,0.2935961988511453,59011000.0,33472000.0,27966000.0,21214000.0,25537000.0,1573000.0,21247000.0,,,,,,,,,,,,,,,,,,,,,,,,,,,,,,,Restaurants,Consumer Cyclical,ARKR
