Quarters,Year,Quarter,FillingDate,Date,NetIncome,Revenue,OperatingIncome,EPSDiluted,GrossProfit,GrossProfitRatio,TotalAssets,CommonStockEquity,CurrentAssets,CurrentLiability,TotalLiability,Inventory,RetainedEarnings,MarketCap,EnterpriseValue,bookValuePerShare,currentRatio,debtToAssets,debtToEquity,roic,shareholdersEquityPerShare,roe,priceToSalesRatio,peRatio,pbRatio,payoutRatio,inventoryTurnover,dividendYield,assetTurnover,quickRatio,returnOnAssets,priceToFreeCashFlowsRatio,grossProfitMargin,epsdilutedGrowth,fiveYNetIncomeGrowthPerShare,fiveYRevenueGrowthPerShare,fiveYShareholdersEquityGrowthPerShare,grossProfitGrowth,netIncomeGrowth,operatingIncomeGrowth,threeYNetIncomeGrowthPerShare,threeYRevenueGrowthPerShare,threeYShareholdersEquityGrowthPerShare,Industry,Sector,Symbol
2023Q1,2023,Q1,2023-05-09,2023-03-31,19180000.0,64447000.0,45390000.0,0.93,64447000.0,1.0,6682850000.0,661865000.0,169134000.0,4732000.0,6020985000.0,0.0,303768000.0,557799153.88,1097685153.88,32.29830159239682,35.74260355029586,0.10609545328714545,1.071245646770867,0.02521141715070382,32.29830159239682,0.028978719225219645,8.65516089003367,7.270583340458811,0.8427687729068616,0.2448383733055266,0.0,0.008418800866467891,0.009643640063745258,298.08981403212175,0.0028700329949048684,28.805988116091715,1.0,-0.07920792079207917,0.41354092029452355,0.29879552473551635,0.317673722816432,0.029998401789995206,-0.07069140946751296,0.11359175662414131,0.5625771116591991,0.14682015014553504,0.011463179078683836,Banks—Regional,Financial Services,FMBH
2022Q4,2022,Q4,2023-03-03,2022-12-31,20639000.0,62570000.0,40760000.0,1.01,62570000.0,1.0,6744215000.0,633155000.0,1393618000.0,3346000.0,6111060000.0,0.0,289284000.0,656390355.68,1082945355.6799998,30.944410173360637,416.5026897788404,0.0858495762664743,0.9144490685535137,0.028898581043000714,30.944410173360637,0.032597073386453554,10.490496334984817,7.950849795048209,1.0366977370154227,0.22723969184553516,0.0,0.007145138497870381,0.009277580860040791,418.342797369994,0.0030602523792613375,63.005409452870026,1.0,0.14772727272727273,1.754305634724743,0.25856382309642817,0.2689523244301985,-0.03809494527118436,0.15051006187635876,0.27958812080115525,0.4038351374189909,0.2029766172407339,-0.020597950678461836,Banks—Regional,Financial Services,FMBH
2022Q3,2022,Q3,2022-11-08,2022-09-30,17939000.0,65048000.0,31854000.0,0.88,65048000.0,1.0,6651383000.0,600715000.0,1417717000.0,3007000.0,6050668000.0,0.0,273335000.0,653935767.93,788050767.93,29.368111505495396,471.47223145992683,0.04436205222282343,0.4911963243801137,0.02684893999229811,29.368111505495396,0.0298627468932855,10.053126428637313,9.113325267991527,1.088595703336857,0.2612185740565249,0.0,0.007165841401875435,0.009779620268446428,471.47223145992683,0.0026970330831948782,19.795240439836537,1.0,0.023255813953488393,0.44671540008549054,0.3048569396464503,0.181460725001689,96.0865671641791,0.010192589255546796,0.07386306172673027,0.253849412736408,0.20471667747036773,-0.06124969056625171,Banks—Regional,Financial Services,FMBH
2022Q2,2022,Q2,2022-08-08,2022-06-30,17758000.0,670000.0,29663000.0,0.86,670000.0,1.0,6660922000.0,626268000.0,160867000.0,1662000.0,6034654000.0,0.0,260080000.0,729408660.33,1091905660.33,30.62615070938885,96.79121540312876,0.07507083854157127,0.7984457133367824,0.020083574117568666,30.62615070938885,0.028355272822497717,1088.669642283582,10.268733251633067,1.164690931566039,0.2523369748845591,0.0,0.006143332597631484,0.00010058667553831137,909.0342960288808,0.0026659972898646763,-107.98055667357514,1.0,0.0,0.3229271230060994,-0.9871784529396153,0.2714718370009842,-0.3784786641929499,0.06872893596533462,0.09264034182996905,0.3193607318626421,-0.9878260872951777,0.0038981875871325084,Banks—Regional,Financial Services,FMBH
2022Q1,2022,Q1,2022-05-09,2022-03-31,16616000.0,1078000.0,27148000.0,0.86,1078000.0,1.0,6632006000.0,666385000.0,1709347000.0,2466000.0,5965621000.0,0.0,246805000.0,742697651.4000001,758788651.4000001,34.53512826067353,693.1658556366585,0.036198851448566244,0.36025870930468123,0.023004162353964727,34.53512826067353,0.02493453484097031,688.9588602968461,11.174435053562831,1.1145173606848895,0.23910688493018778,0.0,0.00534941775096611,0.0001625450881678937,694.7668288726683,0.002505425960109204,30.809659478967895,1.0,-0.07526881720430113,0.7222347177062851,-0.9768765494766856,0.4881305052993349,-0.9822895445882894,-0.012949982178923607,0.06225300309112963,0.07775465917160672,-0.9801437844728188,0.15771919464722425,Banks—Regional,Financial Services,FMBH
2021Q4,2021,Q4,2022-03-02,2021-12-31,16834000.0,60868000.0,25557000.0,0.93,60868000.0,1.0,5986582000.0,633894000.0,188470000.0,0.0,5352688000.0,0.0,0.0,773940547.71,805379547.71,35.047038613311734,0.0,0.03341489350684581,0.3155748437435912,0.023447839571746298,35.047038613311734,0.026556490517342015,12.715064528323586,11.493711353659261,1.2209305462900737,0.2355946299156469,0.0,0.005124424623745238,0.010167404371977199,0.0,0.0028119551356684,33.771459951564346,1.0,-0.07920792079207917,0.6922297496155013,0.46259832650901944,0.5431398165991529,-0.006025768734588566,-0.08141438393539234,0.0,0.4968991073095593,0.35577354710662573,0.1772852080039653,Banks—Regional,Financial Services,FMBH
2021Q3,2021,Q3,2021-11-04,2021-09-30,18326000.0,61237000.0,0.0,1.01,61237000.0,1.0,6043359000.0,627225000.0,4448420000.0,0.0,5416134000.0,0.0,221295000.0,742493153.5600001,638411153.5600001,34.68565114239651,0.0,0.04012205794823707,0.38657897883534614,0.0,34.68565114239651,0.029217585395990276,12.124910651403564,10.128958222743643,1.1837748073817211,0.21641383826257776,0.0,0.005341463393951028,0.010132940968755952,0.0,0.003032419553430468,16.681490756234556,1.0,0.4852941176470587,0.9871195311837914,0.43735138935403717,0.256689159635993,0.021348633187117435,0.49954995499549953,0.0,0.8819414422954166,0.3624200580864116,0.27236159693020556,Banks—Regional,Financial Services,FMBH
2021Q2,2021,Q2,2021-08-04,2021-06-30,12221000.0,59957000.0,0.0,0.68,59957000.0,1.0,5790582000.0,616066000.0,4322187000.0,0.0,5174516000.0,0.0,206934000.0,731901866.9,633153866.9,34.098606368782306,0.0,0.041983517373555886,0.3946151873338246,0.0,34.098606368782306,0.019837160304253115,12.207112879230115,14.972217226495376,1.1880250929283551,0.28901071925374355,0.0,0.004825783564345763,0.010354226915360148,0.0,0.002110495974325206,-35.60526692449893,1.0,1.8333333333333337,0.326312801810034,0.4299735981206159,0.5213415453975099,0.11703772706101537,1.9742029690922365,0.0,-0.059423459450545564,0.2932016841905583,0.1569974495738621,Banks—Regional,Financial Services,FMBH
2021Q1,2021,Q1,2021-05-10,2021-03-31,4109000.0,53675000.0,0.0,0.24,53675000.0,1.0,5837270000.0,601884000.0,4499293000.0,0.0,5235386000.0,0.0,198408000.0,759985793.11,596861793.11,34.79112946545959,0.0,0.04245083746340327,0.4117022549195526,0.0,34.79112946545959,0.006826896877139116,14.159027351839777,46.23909668471647,1.2626781790344985,0.7926502798734485,0.0,0.004285606427814609,0.009195223109433005,0.0,0.0007039249512186348,37.33106361676,1.0,-0.7037037037037037,-0.5249690938002224,0.3119672760556301,0.5771786165390016,0.11114561338136049,-0.6971773896381458,0.0,-0.6412917349235526,0.28131405648825253,0.419373614819807,Banks—Regional,Financial Services,FMBH
2020Q4,2020,Q4,2021-03-08,2020-12-31,13569000.0,48306000.0,0.0,0.81,48306000.0,1.0,4726348000.0,568228000.0,3638339000.0,0.0,4158120000.0,0.0,197726000.0,563331269.16,369263269.15999997,33.952587983479376,0.0,0.047520834267811,0.39526387295240645,0.0,33.952587983479376,0.02387949907431524,11.661724613091542,10.379012255140392,0.991382454155726,0.4788856953349547,0.0,0.011534953509130358,0.010220576225026172,0.0,0.002870926982101191,18.348357408637874,1.0,0.17391304347826103,0.6546342400882689,0.24617398558592915,0.5730055198112268,0.06482971453763915,0.17328145265888456,0.0,1.2138561937920822,0.18792289016124236,0.3923101200082732,Banks—Regional,Financial Services,FMBH
2020Q3,2020,Q3,2020-11-06,2020-09-30,11565000.0,45365000.0,0.0,0.69,45365000.0,1.0,4509128000.0,561009000.0,3556355000.0,0.0,3948119000.0,0.0,191000000.0,417368365.45,313342365.45,33.53674046404659,0.0,0.028776295549826927,0.23129040710576837,0.0,33.53674046404659,0.02061464254584151,9.20022849002535,9.022230122135754,0.7439601957366103,0.0,0.0,0.0,0.010060703532922552,0.0,0.0025647974508596783,64.91963998289003,1.0,0.14999999999999997,0.9752797084147499,0.4933889212730091,0.7221316732280659,0.003805899143672693,0.14087007990529743,0.0,0.1404440645693364,0.11273908856107488,0.3491620561108188,Banks—Regional,Financial Services,FMBH
2020Q2,2020,Q2,2020-08-07,2020-06-30,10137000.0,45193000.0,0.0,0.6,45193000.0,1.0,4458311000.0,549273000.0,3529507000.0,0.0,3909038000.0,0.0,179435000.0,438300309.78000003,336104309.78000003,32.871139874921944,0.0,0.031154174753623066,0.25287061260975874,0.0,32.871139874921944,0.018455303646820433,9.69841147478592,10.809418708197692,0.7979644180216396,0.0,0.0,0.0,0.010136798442280047,0.0,0.0022737310160731274,53.98451900234019,1.0,0.0,0.2132937352175832,0.257220390100069,0.38065597736350687,-0.0127790641793001,0.013801380138013802,0.0,-0.07584326158778097,0.0583543976694152,0.36467455533909404,Banks—Regional,Financial Services,FMBH
2020Q1,2020,Q1,2020-05-04,2020-03-31,9999000.0,45778000.0,0.0,0.6,45778000.0,1.0,3864831000.0,533051000.0,3014367000.0,0.0,3331780000.0,0.0,175949000.0,396296164.41999996,371205164.41999996,31.932256418683004,0.0,0.04149961537774873,0.30088865793329345,0.0,31.932256418683004,0.018758055045389653,8.656913024160076,9.908394949994998,0.7434488715338682,0.0,0.0,0.0,0.011844761129270595,0.0,0.002587176515609609,25.03766517690169,1.0,-0.16666666666666666,0.19797404725030576,0.27232421778484733,0.5102475269183151,0.08045977011494253,-0.1650801603206413,0.0,0.19797404725030576,0.13505179504666934,0.375971866124348,Banks—Regional,Financial Services,FMBH
2019Q4,2019,Q4,2020-03-09,2019-12-31,11976000.0,42369000.0,0.0,0.72,42369000.0,1.0,3839426000.0,526609000.0,2874082000.0,0.0,3312817000.0,0.0,166667000.0,587524792.5,653505792.5,31.595206682278008,0.0,0.040308108555810164,0.293880279296404,0.0,31.595206682278008,0.022741730581892827,13.866855306946116,12.264629101953908,1.115675562893912,0.5290581162324649,0.0,0.010784225756736895,0.011035243288970799,0.0,0.003119216257846876,29.550588094759078,1.0,0.0285714285714286,0.4969367680100779,0.17539729058944867,0.5606082929147003,-0.037986467462876344,0.02622107969151671,0.0,0.3064176156706601,0.10479701355969757,0.39115381425077506,Banks—Regional,Financial Services,FMBH
2019Q3,2019,Q3,2019-11-05,2019-09-30,11670000.0,44042000.0,0.0,0.7,44042000.0,1.0,3837729000.0,521959000.0,2824787000.0,0.0,3315770000.0,0.0,161359000.0,577613754.9,587492754.9,31.28426292952187,0.0,0.03193164499108718,0.2347789768928211,0.0,31.28426292952187,0.022358077933324266,13.115066411607101,12.37390220437018,1.1066266792985655,8.568980291345329e-05,0.0,1.7312607110146227e-06,0.011476057845668623,0.0,0.0030408608841322564,61.343856722599824,1.0,0.06060606060606049,0.04809790561412001,-0.11022393004578494,0.1350455932566971,-0.019130977038373312,0.06274474091612786,0.0,0.3714823126287892,0.12041554176278758,0.1334541170737253,Banks—Regional,Financial Services,FMBH
2019Q2,2019,Q2,2019-08-05,2019-06-30,10981000.0,44901000.0,0.0,0.66,44901000.0,1.0,3842841000.0,508958000.0,2807198000.0,0.0,3333883000.0,0.0,149688000.0,577572176.28,541215176.28,30.5072278126119,0.0,0.035839369882854896,0.2706018964236735,0.0,30.5072278126119,0.021575454163211896,12.863236370682166,13.149352888625806,1.1348130420977762,0.0,0.0,0.0,0.011684324175785571,0.0,0.0028575212973942976,44.44230349953832,1.0,-0.17500000000000002,-0.036731675401404984,-0.10856460910831407,0.13400691620161992,-0.04243884754003967,-0.17535295884650046,0.0,0.290602555548888,0.15972641663618622,0.3611087973590487,Banks—Regional,Financial Services,FMBH
2019Q1,2019,Q1,2019-05-07,2019-03-31,13316000.0,46891000.0,0.0,0.8,46891000.0,1.0,3895619000.0,497152000.0,2920310000.0,0.0,3398467000.0,0.0,144708000.0,554977766.6999999,484228766.6999999,29.830315002418995,0.0,0.04328529047630171,0.3391779576467559,0.0,29.830315002418995,0.026784564881565397,11.835485843765326,10.419378317437667,1.1163140582759397,0.0,0.0,0.0,0.012036854733483947,0.0,0.0034181987509558816,33.77626235165236,1.0,0.29032258064516137,0.29926201363726435,-0.03084118515961118,0.13706312942907947,0.18178839659257018,0.33977261293892747,0.0,0.5979840152396505,0.18974356187936556,0.35229110607479713,Banks—Regional,Financial Services,FMBH
2018Q4,2018,Q4,2019-03-05,2018-12-31,9939000.0,39678000.0,0.0,0.62,39678000.0,1.0,3839734000.0,475864000.0,2879810000.0,0.0,3363870000.0,0.0,131392000.0,510241870.32000005,518406870.32000005,29.769369711807073,0.0,0.040749958200229495,0.3288103323638687,0.0,29.769369711807073,0.02088621959215238,12.859566266444883,12.834336208874133,1.0722430575122304,0.49662943958144684,0.0,0.00967384349877906,0.010333528312117453,0.0,0.0025884605548196827,35.46301572977482,1.0,0.14814814814814806,0.007723403581660658,-0.15042404239023574,0.16889291371514625,0.04399305372835868,0.20706825358270586,0.0,0.2689175120344193,0.07167700647390081,0.379199220417569,Banks—Regional,Financial Services,FMBH
2018Q3,2018,Q3,2018-11-09,2018-09-30,8234000.0,38006000.0,0.0,0.54,38006000.0,1.0,3355477000.0,416833000.0,2537647000.0,0.0,2938644000.0,0.0,126955000.0,614068046.2399999,727256046.2399999,27.26084410758836,0.0,0.053403435636721695,0.4298939863206608,0.0,27.26084410758836,0.019753714317244556,16.157134300899855,18.644281219334466,1.473175219428404,0.0,0.0,0.0,0.01132655655216829,0.0,0.0024538985068292825,83.18450910864263,1.0,-0.24999999999999992,-0.18255214432617067,-0.1946654060875641,0.07447124744722458,0.06117548513192796,-0.17963534920793064,0.0,0.5385797481345584,0.36876962096986116,0.3998606431934066,Banks—Regional,Financial Services,FMBH
2018Q2,2018,Q2,2018-08-07,2018-06-30,10037000.0,35815000.0,0.0,0.72,35815000.0,1.0,3369473000.0,411326000.0,2534166000.0,0.0,2958147000.0,0.0,118721000.0,548497288.1999999,594562288.1999999,29.47163486085582,0.0,0.03973173252909283,0.32547176691966956,0.0,29.47163486085582,0.02440156955796619,15.314736512634369,13.661883237023014,1.3334855764041174,0.0,0.0,0.0,0.01062925864074293,0.0,0.00297880410378715,80.48382805575935,1.0,0.09090909090909081,0.16791045708867494,-0.10444382334402734,0.17769817942457033,0.16729678638941398,0.19630512514898688,0.0,0.4383082960883087,0.19287998708240142,0.23786972365867537,Banks—Regional,Financial Services,FMBH
2018Q1,2018,Q1,2018-05-04,2018-03-31,8390000.0,30682000.0,0.0,0.66,30682000.0,1.0,2837346000.0,310587000.0,2089969000.0,0.0,2526759000.0,0.0,113073000.0,461858569.65000004,499249569.65000004,24.511607868571243,0.0,0.032925134967677544,0.3007852872142105,0.0,24.511607868571243,0.027013365015277523,15.053078992568935,13.762174304231229,1.4870505515362846,0.0,0.0,0.0,0.010813626536911607,0.0,0.002956988678856932,44.07888620442833,1.0,0.7837837837837839,0.11338316487438911,-0.14261393575535267,-0.07440474604748701,-9.776763891152029e-05,0.8140540540540541,0.0,0.32428202093012737,0.12344631828859448,0.15928529067686872,Banks—Regional,Financial Services,FMBH
2017Q4,2017,Q4,2018-03-02,2017-12-31,4625000.0,30685000.0,0.0,0.37,30685000.0,1.0,2841539000.0,307964000.0,2084533000.0,0.0,2533575000.0,0.0,104683000.0,486715031.12,490993031.12,24.385794152869927,0.0,0.033204189701425885,0.30637022509124445,0.0,24.385794152869927,0.015017989115610916,15.861659805116506,26.30892060108108,1.5804283329220297,0.8131891891891891,0.0,0.007727314258911232,0.010798725620165692,0.0,0.0016276391068361195,36.28140373611629,1.0,-0.39344262295081966,-0.3808611446764719,-0.17756229729311476,-0.07673435113251577,0.004945306871029017,-0.39104674127715605,0.0,-0.23703004963100957,0.12348331534624402,0.20450779027902022,Banks—Regional,Financial Services,FMBH
2017Q3,2017,Q3,2017-11-06,2017-09-30,7595000.0,30534000.0,0.0,0.61,30534000.0,1.0,2794456000.0,311431000.0,1993977000.0,0.0,2483025000.0,0.0,104281000.0,481101081.59999996,552545081.5999999,24.85745897770187,0.0,0.0509158133103545,0.4568652446288263,0.0,24.85745897770187,0.024387424501735536,15.756241619178619,15.836111968400262,1.5448079401215677,0.0,0.0,0.0,0.010926634736778821,0.0,0.0027178814051822607,62.310721616370934,1.0,-0.07575757575757582,0.002323782825413988,-0.13583326055828437,-0.0494406988428536,-0.04348098490069544,-0.07378048780487804,0.0,-0.0916271829505193,-0.1785091237830859,-0.09812964634130047,Banks—Regional,Financial Services,FMBH
2017Q2,2017,Q2,2017-08-04,2017-06-30,8200000.0,31922000.0,0.0,0.66,31922000.0,1.0,2825304000.0,300891000.0,1960290000.0,0.0,2524413000.0,0.0,96686000.0,427717759.68,433847759.68,24.087164039454176,0.0,0.028744871348357556,0.26990837213475977,0.0,24.087164039454176,0.027252393723973135,13.398839661675334,13.040175600000001,1.4215039987237905,0.0,0.0,0.0,0.01129860715873407,0.0,0.0029023425443775253,33.71573070156077,1.0,0.32000000000000006,0.13697457594235607,-0.08095454654501569,-0.0571053935539607,0.054645169816307654,0.3090676883780332,0.0,-0.03932848633821238,-0.1535922631181438,-0.10463806216008364,Banks—Regional,Financial Services,FMBH
2017Q1,2017,Q1,2017-05-10,2017-03-31,6264000.0,30268000.0,0.0,0.5,30268000.0,1.0,2849446000.0,290738000.0,1971276000.0,0.0,2558708000.0,0.0,92483000.0,423947520.00000006,386646520.00000006,23.20705619412516,0.0,0.027072981905956455,0.26533511271316446,0.0,23.20705619412516,0.021545171253843667,14.006459627329194,16.92,1.4581771904601395,0.0,0.0,0.0,0.010622415725723526,0.0,0.002198322059796887,38.338534997287034,1.0,-0.09090909090909098,-0.11211533923303843,-0.12558491743359898,-0.026906211173579445,0.06446280991735537,-0.07841694865381786,0.0,-0.18693678957582482,-0.16777877557090998,-0.11540029199193462,Banks—Regional,Financial Services,FMBH
2016Q4,2016,Q4,2017-03-06,2016-12-31,6797000.0,28435000.0,0.0,0.55,28435000.0,1.0,2884535000.0,280673000.0,2079541000.0,0.0,2603862000.0,0.0,86216000.0,420178188.0,350607188.0,22.711512097815035,0.0,0.02845311289341263,0.2924185796282507,0.0,22.711512097815035,0.02421679320775422,14.776795779848777,15.454545681918493,1.4970381475952443,0.2533470648815654,0.0,0.004098261283377233,0.009857741369059484,0.0,0.0023563589972040552,35.24984798657718,1.0,0.07843137254901968,0.012514327611156697,-0.16383217448663123,-0.030127066660079145,0.15961828636678765,0.2805199698568199,0.0,-0.10859606174688616,-0.21247509401003317,-0.10823353642040132,Banks—Regional,Financial Services,FMBH
2016Q3,2016,Q3,2016-11-09,2016-09-30,5308000.0,24521000.0,0.0,0.51,24521000.0,1.0,2783948000.0,287265000.0,2013739000.0,0.0,2496683000.0,0.0,81412000.0,283717800.18,244529800.18,27.60081988169883,0.0,0.03448376190934601,0.3341896854820462,0.0,27.60081988169883,0.018477712216942544,11.570400888218263,13.362744921816128,0.9876518203749153,0.24434815373021854,0.0,0.004571443875488743,0.008807994976917673,0.0,0.0019066448080208396,110.78399069894573,1.0,0.020000000000000018,0.1466949423338476,-0.10418596005664724,0.17917412459310048,0.09327210308083285,0.07689186447555285,0.0,-0.2258195984860388,-0.23664873297943229,0.08787120647522216,Banks—Regional,Financial Services,FMBH
2016Q2,2016,Q2,2016-08-05,2016-06-30,4929000.0,22429000.0,0.0,0.5,22429000.0,1.0,2119783000.0,216620000.0,1428329000.0,0.0,1903163000.0,0.0,77679000.0,241617650.0,219349650.0,22.413511595696754,0.0,0.028597266795705033,0.279844889668544,0.0,22.413511595696754,0.02275413165912658,10.772555619956307,12.254902109961453,1.115398624319084,0.0,0.0,0.0,0.01058080001585068,0.0,0.0023252380078526906,32.39711048538482,1.0,0.02040816326530614,0.19861057113485628,-0.1211408653678158,-0.013817371784262969,-0.013285821125335445,0.025593008739076155,0.0,-0.17175708784469992,-0.19010060223428385,-0.10434721638658877,Banks—Regional,Financial Services,FMBH
2016Q1,2016,Q1,2016-05-06,2016-03-31,4806000.0,22731000.0,0.0,0.49,22731000.0,1.0,2119644000.0,212032000.0,1424340000.0,0.0,1907612000.0,0.0,75968000.0,231745320.0,158427320.0,22.059092800665834,0.0,0.019163595396208044,0.19157485662541504,0.0,22.059092800665834,0.022666389978871115,10.195122079978884,12.055,1.092973324781165,0.0,0.0,0.0,0.010723970629030157,0.0,0.0022673618777492824,48.54321742773356,1.0,0.020833333333333353,0.06724112478031635,-0.09651891265989875,0.03915235599926254,0.03327423973816992,0.03266007735281478,0.0,-0.15925524376417238,-0.1626461757059675,-0.16701541113612486,Banks—Regional,Financial Services,FMBH
2015Q4,2015,Q4,2016-03-04,2015-12-31,4654000.0,21999000.0,0.0,0.48,21999000.0,1.0,2114499000.0,205009000.0,1429099000.0,0.0,1909490000.0,0.0,71712000.0,246946934.0,147274934.0,21.58453200313878,0.0,0.019210224265889933,0.1981376427376359,0.0,21.58453200313878,0.02270144237570058,11.225370880494568,13.265305865921787,1.2045663068450654,0.6351525569402664,0.0,0.01197018303535609,0.010403882905596077,0.0,0.0022009941834921654,26.451042630676948,1.0,0.37142857142857144,0.23008476128246222,-0.0995358273871699,0.16754351054491215,0.15753749013417523,0.27054327054327054,0.0,-0.171608832655239,-0.21600628477429581,-0.18279237409893506,Banks—Regional,Financial Services,FMBH
2015Q3,2015,Q3,2015-11-09,2015-09-30,3663000.0,19005000.0,0.0,0.35,19005000.0,1.0,2092028000.0,203809000.0,1473423000.0,0.0,1888219000.0,0.0,70135000.0,230245708.0,42964708.0,19.473969955609334,0.0,0.019416566126265997,0.19930425054830747,0.0,19.473969955609334,0.0179727097429456,12.11500699815838,15.714285285285285,1.1297131530010942,0.0,0.0,0.0,0.009084486440908056,0.0,0.0017509325879003531,49.218834544677215,1.0,-0.28571428571428575,0.06045306075954257,-0.20100538651888925,0.019722498103320857,0.0628600190145965,-0.11862367661212704,0.0,-0.42130008017076626,-0.3561006805973351,-0.2553074999192587,Banks—Regional,Financial Services,FMBH
2015Q2,2015,Q2,2015-08-07,2015-06-30,4156000.0,17881000.0,0.0,0.49,17881000.0,1.0,1634120000.0,197895000.0,1113730000.0,0.0,1436225000.0,0.0,67021000.0,182448408.312,182226408.312,23.80834937439846,0.0,0.02791716642596627,0.23052628919376436,0.0,23.80834937439846,0.021001035902877788,10.203479017504614,10.9750005,0.9219455181384067,0.0,0.0,0.0,0.010942280860646709,0.0,0.0025432648765084573,-295.2239616699029,1.0,0.020833333333333353,0.711848484848485,0.024726500979296497,0.2588541704610355,0.026994428809373385,0.02896756622926467,0.0,-0.13397499281402694,-0.2263283311490486,-0.06801962336733688,Banks—Regional,Financial Services,FMBH
2015Q1,2015,Q1,2015-05-11,2015-03-31,4039000.0,17411000.0,0.0,0.48,17411000.0,1.0,1623650000.0,170799000.0,1114793000.0,0.0,1452851000.0,0.0,65445000.0,161560000.0,153706000.0,21.14372369398366,0.0,0.029328980999599668,0.27880725296986514,0.0,21.14372369398366,0.02364767943606227,9.279191315834817,10.0,0.9459071774424909,0.0,0.0,0.0,0.010723370184460937,0.0,0.002487605087303298,23.619883040935672,1.0,0.02127659574468087,0.19742974882260592,0.005368293615917772,0.13096097194541656,-0.011693250837259465,0.0329923273657289,0.0,-0.11211533923303843,-0.21992649734290448,-0.11342369203699282,Banks—Regional,Financial Services,FMBH
2014Q4,2014,Q4,2015-03-05,2014-12-31,3910000.0,17617000.0,0.0,0.47,17617000.0,1.0,1607103000.0,164916000.0,1120648000.0,0.0,1442187000.0,0.0,61956000.0,151105202.15,140489202.15,20.245443283701004,0.0,0.025275293493945316,0.24630721094375319,0.0,20.245443283701004,0.023709039753571515,8.57723801725606,9.66145793797954,0.916255561316064,0.979539641943734,0.0,0.025346579373210547,0.010961960745515378,0.0,0.0024329492260296943,21.21072461398091,1.0,0.0,0.5530270836994429,0.008869445558539328,0.11075929862488608,0.01223856584693174,-0.001277139208173691,0.0,-0.11635108310650857,-0.21405662250709898,-0.13543812583843198,Banks—Regional,Financial Services,FMBH
2014Q3,2014,Q3,2014-11-07,2014-09-30,3915000.0,17404000.0,0.0,0.47,17404000.0,1.0,1593348000.0,161691000.0,1108612000.0,0.0,1431657000.0,0.0,93294000.0,126890686.22999999,105433686.22999999,27.56212007286896,0.0,0.022355442753246624,0.22029673884137027,0.0,27.56212007286896,0.024212850436944544,7.290892106986899,8.102853526819922,0.7847727222294376,0.0,0.0,0.0,0.010922912006667722,0.0,0.002457090353143193,72.30238531623931,1.0,-0.020833333333333353,0.9116321486093251,0.4614516615659264,0.5259559760468117,-0.022357038534996067,-0.028294862248696945,0.0,0.500500881613988,0.12801861813780774,0.1775207746783344,Banks—Regional,Financial Services,FMBH
2014Q2,2014,Q2,2014-08-07,2014-06-30,4029000.0,17802000.0,0.0,0.48,17802000.0,1.0,1582852000.0,158624000.0,1087879000.0,0.0,1424228000.0,0.0,90483000.0,122643684.8,96223684.8,26.902153220367037,0.0,0.019344828196192695,0.19303510187613476,0.0,26.902153220367037,0.02539968731087351,6.889320570722391,7.610057383966245,0.7731723118821868,0.7835691238520724,0.0,0.0257412357199496,0.01124678744443574,0.0,0.0025454053821835523,15.798490892696123,1.0,0.11627906976744183,1.094401086883948,0.5244191553811579,0.5246648709697802,0.045454545454545456,0.11699473246465207,0.0,0.6059179220485437,0.1433651449662997,0.18368048015366262,Banks—Regional,Financial Services,FMBH
2014Q1,2014,Q1,2014-05-07,2014-03-31,3607000.0,17028000.0,0.0,0.43,17028000.0,1.0,1583072000.0,153877000.0,1079081000.0,0.0,1429195000.0,0.0,89083000.0,123467464.03456199,82995464.03456199,26.234528435898564,0.0,0.01997382304784621,0.20548879949570112,0.0,26.234528435898564,0.023440800119576024,7.250849426507047,8.55748988318284,0.8023776395079316,0.0,0.0,0.0,0.010756301671686442,0.0,0.002278481332497827,-2871.3363728967906,1.0,-0.3030841834760984,0.7280123822864007,0.35485221545199547,0.5204855223585558,-0.006360506506389683,-0.0033158331030671458,0.0,0.31261765518026147,0.10911729892244931,0.23584737953823615,Banks—Regional,Financial Services,FMBH
2013Q4,2013,Q4,2014-03-06,2013-12-31,3619000.0,17137000.0,0.0,0.6170042203156866,17137000.0,1.0,1605498000.0,149381000.0,1059956000.0,0.0,1456117000.0,0.0,86578000.0,129039636.0,224241636.0,25.46800426498413,0.0,0.09953733981605707,1.069794686071187,0.0,25.46800426498413,0.0242266419424157,7.529884810643637,8.914039513677812,0.863828974233671,0.8588007736943907,0.0,0.02408562280817345,0.010673946650821116,0.0,0.0022541292483702876,13.390021375946871,1.0,0.3127749368418864,0.811701731610323,0.411038614656192,0.8890027159638004,-0.06452317266226322,-0.07442455242966751,0.0,0.5489132130208677,0.1358687122664225,0.3776070336752431,Banks—Regional,Financial Services,FMBH
2013Q3,2013,Q3,2013-11-07,2013-09-30,3910000.0,18319000.0,0.0,0.47,18319000.0,1.0,1546457000.0,150589000.0,988922000.0,0.0,1395868000.0,0.0,85529000.0,132537102.38999999,146675102.39,25.371404002066928,0.0,0.029499688643137185,0.3029437741136471,0.0,25.371404002066928,0.025964711897947395,7.234952911730989,8.474239283248082,0.8801247261752185,0.0,0.0,0.0,0.011845786853433364,0.0,0.00252835998673096,33.01871011210762,1.0,0.09302325581395345,0.45560944769108136,0.48682752186831363,0.9556186086809516,0.07411316329522134,0.06684856753069578,0.0,0.9959580195938047,0.3579940095934985,0.32853195975708593,Banks—Regional,Financial Services,FMBH
2013Q2,2013,Q2,2013-08-07,2013-06-30,3665000.0,17055000.0,0.0,0.43,17055000.0,1.0,1555115000.0,148947000.0,963613000.0,0.0,1406168000.0,0.0,82723000.0,132669662.441981,132430662.441981,25.024777464847418,0.0,0.02129746031643962,0.22236097403774496,0.0,25.024777464847418,0.02460606793020336,7.7789306620921135,9.049772335742224,0.8907172513845932,0.25375170532060026,0.0,0.007009891959337026,0.010967034592297033,0.0,0.0023567388906929713,72.29954356511226,1.0,0.04878048780487809,0.42497193263837413,0.3869658991431299,0.9412851390772385,0.017965858899367314,0.03883219954648526,0.0,1.1081803510359651,0.3649347378916605,0.32317217716729896,Banks—Regional,Financial Services,FMBH
2013Q1,2013,Q1,2013-05-07,2013-03-31,3528000.0,16754000.0,0.0,0.41,16754000.0,1.0,1577713000.0,157099000.0,984581000.0,0.0,1420614000.0,0.0,81410000.0,142078471.182295,115569471.182295,26.48199389949421,0.0,0.016238694870359817,0.16308187830603632,0.0,26.48199389949421,0.022457176684765656,8.480271647504775,10.067918876296414,0.9043881322115036,0.5742630385487528,0.0,0.014259725510422499,0.010619168378532724,0.0,0.0022361481460823358,18.26436189514012,1.0,-0.306856383585067,0.2653421053342527,0.4078033809555206,0.9789306240086951,-0.04404884172087185,0.005414648047876888,0.0,0.42424884596809626,0.31734973903728314,0.41650080151902075,Banks—Regional,Financial Services,FMBH
2012Q4,2012,Q4,2013-03-07,2012-12-31,3509000.0,17526000.0,0.0,0.591508008283472,17526000.0,1.0,1578032000.0,156687000.0,1011139000.0,0.0,1421345000.0,0.0,78986000.0,134959711.25,205185711.25,26.41254354343471,0.0,0.08815030366938059,0.8877826494859178,0.0,26.41254354343471,0.022394965759763096,7.700542693712199,9.615254435024223,0.8613331753751109,0.8478198917070391,0.0,0.022043615627548998,0.011106238656757278,0.0,0.002223655794052339,17.094326947435086,1.0,0.4083524006749335,0.3675781737324358,0.5377743321510746,1.0410597359039924,0.030577443255321652,-0.03783931998903208,0.0,0.9138081656217346,0.37815665030569845,0.4491151381616782,Banks—Regional,Financial Services,FMBH
2012Q3,2012,Q3,2012-11-08,2012-09-30,3647000.0,17006000.0,0.0,0.42,17006000.0,1.0,1548706000.0,157688000.0,963888000.0,0.0,1391018000.0,0.0,77843000.0,153766351.5,135896351.5,26.15035058564162,0.0,0.019609919506994873,0.19259550504794276,0.0,26.15035058564162,0.02312794886104206,9.041888245325179,10.540605394845077,0.975130330145604,0.0010967918837400603,0.0,2.6013493595833938e-05,0.010980780083501968,0.0,0.002354869161738897,29.10036932248297,1.0,0.07692307692307684,0.5507793564018548,0.5519890024218465,1.0934198531487798,0.014980602805132796,0.0482897384305835,0.0,0.7324488451224004,0.38927958137346386,0.4477944238824805,Banks—Regional,Financial Services,FMBH
2012Q2,2012,Q2,2012-08-09,2012-06-30,3479000.0,16755000.0,0.0,0.39,16755000.0,1.0,1542262000.0,153935000.0,972583000.0,0.0,1388327000.0,0.0,75300000.0,155164401.5,131481401.5,25.545977116407077,0.0,0.019691855210074553,0.19729106441030306,0.0,25.545977116407077,0.02260044824114074,9.260781945687855,11.150071967519404,1.0079864975476662,0.7795343489508479,0.0,0.017478235818155753,0.010863912876022362,0.0,0.0022557775527115367,45.7038001472754,1.0,-0.04878048780487796,0.5300122549840149,0.5827429400026022,1.1116519137283751,0.007334816328984549,0.026253687315634218,0.0,0.7696362829257355,0.40393509647966025,0.4478043294503382,Banks—Regional,Financial Services,FMBH
2012Q1,2012,Q1,2012-05-08,2012-03-31,3390000.0,16633000.0,0.0,0.41,16633000.0,1.0,1534423000.0,143566000.0,991796000.0,0.0,1390857000.0,0.0,74190000.0,138456734.0,122409734.0,23.848735302394175,0.0,0.025169070067380377,0.26900519621637436,0.0,23.848735302394175,0.023612833122048395,8.324218962303854,10.210673598820058,0.9644117270105735,0.27964601769911507,0.0,0.006846904246636354,0.010839905293390415,0.0,0.0022092995217094635,28.67192669289708,1.0,-0.2452165810397554,0.3847612676354719,0.5313631020822899,0.9890906724367918,0.004105040748566254,0.03669724770642202,0.0,0.5823939271356178,0.28947543580174057,0.382211113207293,Banks—Regional,Financial Services,FMBH
2011Q4,2011,Q4,2012-03-07,2011-12-31,3270000.0,16565000.0,0.0,0.5432021818454854,16565000.0,1.0,1500956000.0,140967000.0,948354000.0,0.0,1359989000.0,0.0,71739000.0,111066386.119858,107581386.119858,23.416997543795883,0.0,0.03239268839326403,0.34490341711180633,0.0,23.416997543795883,0.023196918427717126,6.704882953206036,8.491313923536545,0.7878892657136635,0.05076452599388379,0.0,0.0014946016143971771,0.011036299531765088,0.0,0.002178611498271768,32.33373686167627,1.0,0.8731109718809843,0.30751614419388584,0.5063855652011036,0.9709411322096142,0.04563817699785381,0.2206047032474804,0.0,0.5949977343112047,0.3289533732933188,0.736876258528286,Banks—Regional,Financial Services,FMBH
2011Q3,2011,Q3,2011-11-09,2011-09-30,2679000.0,15842000.0,0.0,0.29,15842000.0,1.0,1503953000.0,140992000.0,993340000.0,0.0,1362961000.0,0.0,70669000.0,112639848.72352101,71757848.72352101,23.40690768738085,0.0,0.026842594150216132,0.286328302315025,0.0,23.40690768738085,0.019001078075351792,7.110203807822308,10.511370728212112,0.7989095035429032,0.7771556550951848,0.0,0.018483689596479766,0.010533573855034034,0.0,0.0017813056658020562,66.49341719216116,1.0,0.11538461538461527,0.191311949031152,0.5288347640593427,1.0142872672650767,-0.009813113319582473,0.03917765709852599,0.0,-0.017258849709907542,0.26697240950923085,0.8041959460103221,Banks—Regional,Financial Services,FMBH
2011Q2,2011,Q2,2011-08-08,2011-06-30,2578000.0,15999000.0,0.0,0.26,15999000.0,1.0,1514011000.0,137703000.0,1037023000.0,0.0,1376308000.0,0.0,68909000.0,109059462.0,9931462.0,22.727546556208026,0.0,0.026664271263550924,0.2931671786380834,0.0,22.727546556208026,0.01872145123926131,6.816642415150947,10.57597575640031,0.7919904577242326,0.7451512800620637,0.0,0.01761424423678158,0.010567294425205629,0.0,0.0017027617368698114,39.31487454938717,1.0,-0.25714285714285706,0.10041207276831357,0.5405242904769915,1.0448941654784394,0.006542938030827304,-0.09384885764499121,0.0,-0.015340819069761393,0.2781375332779867,0.7630785504178598,Banks—Regional,Financial Services,FMBH
2011Q1,2011,Q1,2011-05-05,2011-03-31,2845000.0,15895000.0,0.0,0.35,15895000.0,1.0,1487843000.0,128909000.0,1041731000.0,0.0,1358934000.0,0.0,68494000.0,113254027.3,5812027.299999997,21.22796784640258,0.0,0.027133239192576097,0.31316665244474784,0.0,21.22796784640258,0.022069832207215943,7.125135407360805,9.95202348857645,0.8785579540606163,0.29876977152899825,0.0,0.007505251868425169,0.010683250853752714,0.0,0.001912164119466906,17.564210189205955,1.0,-0.12136804464654821,0.2777210394216971,0.6705192434771625,0.9262630504105217,0.017605633802816902,0.17610582885489873,0.0,-0.003196451857909203,0.30476394184156513,0.5863109030291075,Banks—Regional,Financial Services,FMBH
2010Q4,2010,Q4,2011-03-03,2010-12-31,2419000.0,15620000.0,0.0,0.3983465407415141,15620000.0,1.0,1468245000.0,112265000.0,1066014000.0,0.0,1355980000.0,0.0,66356000.0,104752384.5,-13370615.5,18.487132863309665,0.0,0.029538666911857355,0.3863180866699327,0.0,18.487132863309665,0.021547231995724402,6.706298623559539,10.826000878462175,0.9330814100565626,0.4439851178172799,0.0,0.010252749902795769,0.010638551467908966,0.0,0.0016475451985193206,-48.2063435342844,1.0,0.6597772530896422,0.018208545513526884,0.6085784862022118,0.6758616869206152,0.1273908336340671,0.20228628230616302,0.0,-0.07901494642344782,0.33887104952060937,0.4286144936233569,Banks—Regional,Financial Services,FMBH
2010Q3,2010,Q3,2010-11-08,2010-09-30,2012000.0,13855000.0,0.0,0.24,13855000.0,1.0,1466208000.0,116419000.0,1110630000.0,0.0,1349789000.0,0.0,65643000.0,110339229.00000001,-61684770.999999985,19.097323038209737,0.0,0.0295797049259041,0.37253369295389926,0.0,19.097323038209737,0.017282402357003582,7.963856297365573,13.710142768389662,0.9477768147810925,0.0,0.0,0.0,0.009449546039852463,0.0,0.0013722473209803793,17.35166362635635,1.0,0.1999999999999999,-0.09987010085290478,0.4591982045388915,0.7692869153397079,0.08174578388507182,0.12906846240179573,0.0,-0.15372408036636578,0.25072765888361415,0.5288022644000406,Banks—Regional,Financial Services,FMBH
2010Q2,2010,Q2,2010-08-06,2010-06-30,1782000.0,12808000.0,0.0,0.2,12808000.0,1.0,1109279000.0,115387000.0,807703000.0,0.0,993892000.0,0.0,64185000.0,115919532.0,132687532.0,18.912714381904163,0.0,0.040449697506218005,0.38886529678386644,0.0,18.912714381904163,0.015443680830596168,9.050556839475329,16.262560606060607,1.0046151819529063,1.0768799102132436,0.0,0.0165545871941581,0.011546238592815694,0.0,0.0016064488735475927,-24.988043112739813,1.0,-0.375,-0.17335300171678794,0.3638236925444314,0.7928461527797818,-0.02094480966213117,-0.30062794348508637,0.0,-0.22596603271554364,0.19497580142959006,0.5633408476161296,Banks—Regional,Financial Services,FMBH
2010Q1,2010,Q1,2010-05-06,2010-03-31,2548000.0,13082000.0,0.0,0.32,13082000.0,1.0,1087524000.0,114081000.0,815469000.0,0.0,973443000.0,0.0,64115000.0,100684683.0,94866683.0,18.69536104116254,0.0,0.044477179354202756,0.42399698459866236,0.0,18.69536104116254,0.022335007582331853,7.696428909952607,9.878795427786498,0.8825718831356667,0.33634222919937207,0.0,0.008511721688590906,0.012029159816243135,0.0,0.002342936799555688,16.7083775307003,1.0,0.0353513467656416,0.1388027951619032,0.3888520289462905,0.7777964287259533,7.644675483525724e-05,0.35100742311770944,0.0,0.026789496057438467,0.18819718750503245,0.5592763219222536,Banks—Regional,Financial Services,FMBH
2009Q4,2009,Q4,2010-03-03,2009-12-31,1886000.0,13081000.0,0.0,0.30907382406914863,13081000.0,1.0,1095155000.0,111221000.0,820317000.0,0.0,983934000.0,0.0,62144000.0,106786785.0,120401785.0,18.22667008843838,0.0,0.04873282777323758,0.47985542298666617,0.0,18.22667008843838,0.01695722930022208,8.163503172540326,14.155194194061506,0.9601314949514929,0.6585365853658537,0.0,0.01163065261305507,0.011944427957686354,0.0,0.0017221306573042172,-160.82347138554218,1.0,0.18874547718903315,-0.20134975100185767,0.4074180771269257,0.7503204070674324,0.04925002005293976,-0.12033582089552239,0.0,-0.25604309366874956,0.17352524068686406,0.5340862428383991,Banks—Regional,Financial Services,FMBH
2009Q3,2009,Q3,2009-11-06,2009-09-30,2144000.0,12467000.0,0.0,0.26,12467000.0,1.0,1099681000.0,110928000.0,812489000.0,0.0,988753000.0,0.0,61946000.0,113002587.99999999,120190587.99999999,18.06219871707717,0.0,0.04853225617247184,0.48112289052358287,0.0,18.06219871707717,0.019327852300591374,9.064136359990373,13.176607742537312,1.0187021130823597,0.0,0.0,0.0,0.011336924071617132,0.0,0.0019496563094206412,66.55040518256772,1.0,0.08333333333333341,-0.030268062417368676,0.3711797133531509,0.773268698196241,0.027358879274824888,0.07253626813406704,0.0,-0.06490135610088996,0.18002813453810979,0.5543470064708582,Banks—Regional,Financial Services,FMBH
2009Q2,2009,Q2,2009-08-05,2009-06-30,1999000.0,12135000.0,0.0,0.24,12135000.0,1.0,1150304000.0,108111000.0,859767000.0,0.0,1042193000.0,0.0,60317000.0,116415508.0,80890508.0,17.644633737285243,0.0,0.05074310790886583,0.5399080574594629,0.0,17.644633737285243,0.018490255385668432,9.593366955088587,14.559218109054529,1.0768146442082673,0.3791895947973987,0.0,0.006511160007994812,0.010549385205997719,0.0,0.0017378014855203494,21.139551116760487,1.0,-0.22580645161290325,-0.07664021315304237,0.3275830309980814,0.8032190136255662,-0.07760717543326238,-0.08512585812356979,0.0,-0.15624018705680656,0.15544453275052458,0.5875628498722838,Banks—Regional,Financial Services,FMBH
2009Q1,2009,Q1,2009-05-08,2009-03-31,2185000.0,13156000.0,0.0,0.31,13156000.0,1.0,1092538000.0,105936000.0,844632000.0,0.0,986602000.0,0.0,59990000.0,122181562.3,100761562.3,17.254046848932788,0.0,0.05342605932242174,0.5509930524090016,0.0,17.254046848932788,0.020625660776317778,9.287136082395865,13.979583787185355,1.1533526119543873,0.3491990846681922,0.0,0.006244804744979104,0.012041686421891046,0.0,0.001999930437202184,-714.5120602339181,1.0,-0.08975089909134383,0.026565700134645986,0.4858546586304507,0.7980554179891663,0.03484622040431055,0.04495456719273075,0.0,-0.029428717101506168,0.3675305468687198,0.565662486189589,Banks—Regional,Financial Services,FMBH
2008Q4,2008,Q4,2009-03-05,2008-12-31,2091000.0,12713000.0,0.0,0.3405661150233958,12713000.0,1.0,1049700000.0,82778000.0,843715000.0,0.0,966922000.0,0.0,58059000.0,136303055.539777,159330055.539777,13.48224862238482,0.0,0.06799085452986568,0.8621856048708594,0.0,13.48224862238482,0.025260334871584238,10.721549244063322,16.296395927759086,1.646609673340465,0.0,0.0,0.0,0.012111079356006478,0.0,0.0019919977136324666,25.46292836536092,1.0,-0.24318641105912048,0.059096992103798915,0.5149374718146887,0.31611077434488477,-0.016097825245724014,-0.2577209797657082,0.0,-0.12948326855389808,0.29488587677465483,0.22216809317331845,Banks—Regional,Financial Services,FMBH
2008Q3,2008,Q3,2008-11-06,2008-09-30,2817000.0,12921000.0,0.0,0.45,12921000.0,1.0,1030029000.0,80754000.0,825298000.0,0.0,949275000.0,0.0,57144000.0,158724469.5,169862469.5,12.973595101541669,0.0,0.07268727385345461,0.9271367362607426,0.0,12.973595101541669,0.03488372093023256,12.284224866496402,14.086303647497337,1.9655307415112564,0.0,0.0,0.0,0.012544307004948404,0.0,0.002734874454991073,26.379336795745388,1.0,0.0714285714285715,0.339837225829419,0.4378490630277182,0.30740587569281963,0.0031832298136645963,0.045657015590200446,0.0,0.23427440906532074,0.3327587708918596,0.20194919529542657,Banks—Regional,Financial Services,FMBH
2008Q2,2008,Q2,2008-08-07,2008-06-30,2694000.0,12880000.0,0.0,0.42,12880000.0,1.0,1019854000.0,80366000.0,816154000.0,0.0,939488000.0,0.0,54327000.0,162093204.0,202535204.0,12.890830389163016,0.0,0.07831513138155069,0.9938282358211183,0.0,12.890830389163016,0.03352163850384491,12.584876086956521,15.042056792873051,2.0169375606599806,0.2873051224944321,0.0,0.004775030543538395,0.012629258697813608,0.0,0.0026415545754588403,-76.71235399905348,1.0,-0.0869565217391305,0.45115506975712366,0.5115360786292554,0.3124396919976565,0.0327132777421424,-0.07802874743326489,0.0,0.22298616492525142,0.3421601320289323,0.2219967585118646,Banks—Regional,Financial Services,FMBH
2008Q1,2008,Q1,2008-05-08,2008-03-31,2922000.0,12472000.0,0.0,0.46,12472000.0,1.0,1021160000.0,83196000.0,813625000.0,0.0,937964000.0,0.0,52817000.0,158534035.5,191979035.5,13.38197184793167,0.0,0.07821497120921306,0.9600221164479061,0.0,13.38197184793167,0.035121880859656715,12.711195918858243,13.563829183778234,1.9055487703735756,0.2665982203969884,0.0,0.0049137713396565875,0.012213561048219673,0.0,0.0028614516824004075,32.41341964833367,1.0,0.0635290665674973,0.42905416603427354,0.45382060466985497,0.4150517542395308,0.04420629604822505,0.08664931201190033,0.0,0.2818182212992365,0.2996160420157445,0.2725307475038098,Banks—Regional,Financial Services,FMBH
2007Q4,2007,Q4,2008-03-06,2007-12-31,2689000.0,11944000.0,0.0,0.43252226428059354,11944000.0,1.0,1016338000.0,80452000.0,793917000.0,0.0,935886000.0,0.0,49895000.0,161953390.832979,220950390.832979,12.940602902901567,0.0,0.08645745805037301,1.0922040471336947,0.0,12.940602902901567,0.033423656341669564,13.559393070410163,15.05702778290991,2.013043688571807,0.0,0.0,0.0,0.011751995891130707,0.0,0.0026457733549271993,42.36290631257625,1.0,0.13821648494893035,0.5726244303325606,0.48862084084136936,0.49308644139262087,0.03824756606397774,0.08910490076954232,0.0,0.11764241150247944,0.2613310953368,0.24269552424017612,Banks—Regional,Financial Services,FMBH
2007Q3,2007,Q3,2007-11-07,2007-09-30,2469000.0,11504000.0,0.0,0.38,11504000.0,1.0,1020608000.0,79082000.0,792984000.0,0.0,941526000.0,0.0,48400000.0,163017301.75,225038301.75,12.491689398238982,0.0,0.08291136263874083,1.070028577931767,0.0,12.491689398238982,0.031220758200349006,14.170488677851182,16.50640965471851,2.0613704983434915,0.0,0.0,0.0,0.011271712547814635,0.0,0.002419146234401455,194.7638013739546,1.0,0.027027027027027053,0.5129311573134402,0.430598503747732,0.3477830310267313,0.02659289666250223,0.02575820523473203,0.0,0.08333333714302721,0.22742620932391522,0.22638014033938866,Banks—Regional,Financial Services,FMBH
2007Q2,2007,Q2,2007-08-07,2007-06-30,2407000.0,11206000.0,0.0,0.37,11206000.0,1.0,985496000.0,77167000.0,760950000.0,0.0,908329000.0,0.0,45931000.0,167972135.161748,237358135.161748,12.097626957514311,0.0,0.0899242614886311,1.1484183653634326,0.0,12.097626957514311,0.031192089882981066,14.989481988376584,17.446212625856667,2.176735329373281,0.3240548400498546,0.0,0.004643627344790864,0.011370923879954866,0.0,0.002442424931202156,64.13598135232837,1.0,-0.05932123671291245,0.46385881595909684,0.45863117738316556,0.3345345089921392,-0.02632722217395082,-0.07208943716268311,0.0,0.06797247909365352,0.17760146869205873,0.2363345861604359,Banks—Regional,Financial Services,FMBH
2007Q1,2007,Q1,2007-05-08,2007-03-31,2594000.0,11509000.0,0.0,0.393333,11509000.0,1.0,975377000.0,76479000.0,757836000.0,0.0,898898000.0,0.0,71226000.0,176264437.240437,221938437.240437,11.98976780338405,0.0,0.0667639282041713,0.8514755684567006,0.0,11.98976780338405,0.033917807502713164,15.315356437608568,16.987705979224845,2.304742965264151,0.28218966846569005,0.0,0.004152851315103913,0.011799540075273458,0.0,0.0026594844865113695,39.16987494231933,1.0,-0.05322683757094341,0.577586124999434,0.5776344686537874,0.383699835753453,-0.012272571232406455,-0.021132075471698115,0.0,0.17307680945796564,0.2511553144190812,0.2494614827500713,Banks—Regional,Financial Services,FMBH
