Quarters,Year,Quarter,FillingDate,Date,NetIncome,Revenue,OperatingIncome,EPSDiluted,GrossProfit,GrossProfitRatio,TotalAssets,CommonStockEquity,CurrentAssets,CurrentLiability,TotalLiability,Inventory,RetainedEarnings,MarketCap,EnterpriseValue,bookValuePerShare,currentRatio,debtToAssets,debtToEquity,roic,shareholdersEquityPerShare,roe,priceToSalesRatio,peRatio,pbRatio,payoutRatio,inventoryTurnover,dividendYield,assetTurnover,quickRatio,returnOnAssets,priceToFreeCashFlowsRatio,grossProfitMargin,epsdilutedGrowth,fiveYNetIncomeGrowthPerShare,fiveYRevenueGrowthPerShare,fiveYShareholdersEquityGrowthPerShare,grossProfitGrowth,netIncomeGrowth,operatingIncomeGrowth,threeYNetIncomeGrowthPerShare,threeYRevenueGrowthPerShare,threeYShareholdersEquityGrowthPerShare,Industry,Sector,Symbol
2023Q1,2023,Q1,2023-05-12,2023-03-31,3587706.0,0.0,-308404.0,0.76,0.0,0.0,199055775.0,189191366.0,598878.0,730339.0,9864409.0,0.0,-9266005.0,198288750.0,197925637.0,9.970559472990777,0.8200000273845434,0.0,0.0,-0.0035668440213467954,9.970559472990777,0.01896337066459999,0.0,13.817237950935777,1.0480856192982928,0.0,0.0,0.0,0.0,0.49718418433083816,0.018023621771335194,-749.6314008657354,0.0,-0.012987012987012998,0.0,0.0,0.0,0.0,-0.7558361008757205,-0.08640774988991634,0.0,0.0,0.0,Shell Companies,Financial Services,BOCNU
2022Q4,2022,Q4,2023-03-31,2022-12-31,14693843.0,0.0,-283875.0,0.77,0.0,0.0,197089953.0,187551715.0,863670.0,686727.0,9538238.0,0.0,-8675042.0,195063000.0,194435372.0,9.88414835309618,1.2576613414064104,0.0,0.0,-0.01109778228352009,9.88414835309618,0.07834555391828861,0.0,3.318788012094589,1.040049140579706,0.0,0.0,0.0,0.0,0.9139410566353151,0.07455399312008563,-1898.3309814607562,0.0,0.5714285714285715,0.0,0.0,0.0,0.0,5.348022129750915,-0.059590907394274195,0.0,0.0,0.0,Shell Companies,Financial Services,BOCNU
2022Q3,2022,Q3,2022-11-14,2022-09-30,2314712.0,0.0,-267910.0,0.49,0.0,0.0,195644190.0,185547680.0,1007963.0,151207.0,10096510.0,0.0,-9046104.0,190698750.0,189968367.0,9.778533860342556,6.666113341313563,0.0,0.0,-0.0035373802016267263,9.778533860342556,0.012475025287300818,0.0,20.59637980880559,1.0277614357668068,0.0,0.0,0.0,0.0,4.830351769428664,0.011831233015404138,-10828.38850718301,0.0,-0.7012195121951219,0.0,0.0,0.0,0.0,-0.7022412382748527,0.15833356895343834,0.0,0.0,0.0,Shell Companies,Financial Services,BOCNU
2022Q2,2022,Q2,2022-08-15,2022-06-30,7773783.0,0.0,-318309.0,1.64,0.0,0.0,194808495.0,184602861.0,1047888.0,69116.0,10205634.0,0.0,-9050928.0,188611500.0,187863506.0,9.728741027667985,15.161294056369004,0.0,0.0,-0.0036489294019608444,9.728741027667985,0.04211084789200532,0.0,6.065627893137742,1.0217149343097125,0.0,0.0,0.0,0.0,10.822298744140285,0.03990474337374251,-1401.3470239908465,0.0,0.0,0.0,0.0,0.0,0.0,-0.37844006328670626,0.9758746408109954,0.0,0.0,0.0,Shell Companies,Financial Services,BOCNU
2022Q1,2022,Q1,2022-05-12,2022-03-31,12506892.0,0.0,-13193959.0,0.0,0.0,0.0,194880108.0,180929383.0,1204794.0,329424.0,13950725.0,0.0,-12616091.0,0.0,-882587.0,0.0,3.657274515517995,0.0,0.0,-0.15109124081687447,0.0,0.0691258202101977,0.0,0.0,0.0,0.0,0.0,,0.0,2.6791824517946474,0.0641773659115583,0.0,0.0,0.0,0.0,0.0,0.0,0.0,2.367994325498579,-64.7560877149265,0.0,0.0,0.0,Shell Companies,Financial Services,BOCNU
2021Q4,2021,Q4,2022-03-30,2021-12-31,3713454.0,0.0,-200650.0,0.0,0.0,0.0,195121664.0,-18651991.0,1335690.0,150957.0,195121664.0,0.0,-18652465.0,0.0,-1050670.0,0.0,8.848148810588446,0.0,0.0,0.022744065238014793,0.0,-0.1990915607883362,0.0,0.0,0.0,0.0,0.0,,0.0,1289.112813582676,0.019031479764338215,0.0,0.0,0.0,0.0,0.0,0.0,0.0,1624.7227809357237,-86.73502404897245,0.0,0.0,0.0,Shell Companies,Financial Services,BOCNU
2021Q3,2021,Q3,2021-09-30,2021-09-30,-2287.0,0.0,-2287.0,0.0,0.0,0.0,306561.0,11571.0,15973.0,294990.0,294990.0,0.0,-13429.0,0.0,55026.0,0.0,0.054147598223668596,0.23159827897221108,6.1359433065422175,-0.027697711033062854,0.0,-0.1976492956529254,0.0,0.0,0.0,0.0,0.0,,0.0,0.054147598223668596,-0.007460179213924798,0.0,0.0,0.0,0.0,0.0,0.0,0.0,0.7947406210734159,0.7947406210734159,0.0,0.0,0.0,Shell Companies,Financial Services,BOCNU
2021Q2,2021,Q2,2021-06-30,2021-06-30,-11142.0,0.0,-11142.0,0.0,0.0,0.0,,,,,,,,0.0,,0.0,0.0,0.0,0.0,0.0,0.0,0.0,0.0,0.0,0.0,0.0,0.0,,0.0,0.0,0.0,0.0,0.0,0.0,0.0,0.0,0.0,0.0,0.0,0.0,0.0,0.0,0.0,Shell Companies,Financial Services,BOCNU
2021Q1,2021,Q1,2021-03-31,2021-03-31,,,,,,,233241.0,18306.0,25000.0,214935.0,214935.0,0.0,-6694.0,0.0,-25000.0,0.0,0.11631423453602252,0.0,0.0,,0.0,,0.0,0.0,0.0,0.0,0.0,,,0.11631423453602252,,0.0,0.0,0.0,0.0,0.0,0.0,0.0,0.0,0.0,0.0,0.0,0.0,Shell Companies,Financial Services,BOCNU
