Quarters,Year,Quarter,FillingDate,Date,NetIncome,Revenue,OperatingIncome,EPSDiluted,GrossProfit,GrossProfitRatio,TotalAssets,CommonStockEquity,CurrentAssets,CurrentLiability,TotalLiability,Inventory,RetainedEarnings,MarketCap,EnterpriseValue,bookValuePerShare,currentRatio,debtToAssets,debtToEquity,roic,shareholdersEquityPerShare,roe,priceToSalesRatio,peRatio,pbRatio,payoutRatio,inventoryTurnover,dividendYield,assetTurnover,quickRatio,returnOnAssets,priceToFreeCashFlowsRatio,grossProfitMargin,epsdilutedGrowth,fiveYNetIncomeGrowthPerShare,fiveYRevenueGrowthPerShare,fiveYShareholdersEquityGrowthPerShare,grossProfitGrowth,netIncomeGrowth,operatingIncomeGrowth,threeYNetIncomeGrowthPerShare,threeYRevenueGrowthPerShare,threeYShareholdersEquityGrowthPerShare,Industry,Sector,Symbol
2023Q1,2023,Q1,2023-05-11,2023-03-31,1267859.0,0.0,-872897.0,0.04,-872897.0,0.0,258238040.0,246581297.0,255250.0,1797473.0,11656743.0,0.0,-9282272.0,352186964.08000004,352869887.08000004,7.155463183945567,0.14200491467743884,0.0029042971360842113,0.0030415932154010854,-0.0024536826608181164,7.155463183945567,0.005141748443313606,0.0,69.44521513827642,1.4282793073312452,0.0,0.0,0.0,0.0,0.03731738946843708,0.004909652350211456,-401.96557723343403,0.0,0.6,4.0095790703147856,0.0,-0.006311162652387549,0.5087492901912164,0.05542250314455985,-0.9055849176877921,4.0095790703147856,0.0,-0.006311162652387549,Shell Companies,Financial Services,EMLD
2022Q4,2022,Q4,2023-03-29,2022-12-31,1201281.0,0.0,-458073.0,0.025,-1776887.0,0.0,255664716.0,245313438.0,257966.0,492008.0,10351278.0,0.0,-8501776.0,257835281.28,257762528.28,9.533375869110227,0.5243126128030439,0.0,0.0,-0.0013483026382426215,9.533375869110227,0.004896922931714813,0.0,53.658403254525794,1.0510442615051525,0.0,0.0,0.0,0.0,0.1478695468366368,0.0046986577529923995,-409.8582721544341,0.0,1.5,17.17532808468176,0.0,55.951970985478084,-2.9860356500320786,1.5694970867307214,-0.027580993229813944,17.17532808468176,0.0,55.951970985478084,Shell Companies,Financial Services,EMLD
2022Q3,2022,Q3,2022-11-10,2022-09-30,467516.0,0.0,-445778.0,0.01,-445778.0,0.0,254297210.0,244112157.0,701325.0,325783.0,10185053.0,0.0,-8062279.0,338058132.84000003,337667186.84000003,7.083812006094851,2.152736637577774,0.0,0.0,-0.0012423694590478764,7.083812006094851,0.0019151688541263433,0.0,180.77356327911772,1.3848475921664156,0.0,0.0,0.0,0.0,1.200019644978406,0.001838462954430369,-885.6853654919818,0.0,4.846153846153847,0.0,0.0,1712.242163448728,-0.16229675750654443,6.266599076264503,-0.16229675750654443,0.0,0.0,1712.242163448728,Shell Companies,Financial Services,EMLD
2022Q2,2022,Q2,2022-08-10,2022-06-30,-88770.0,0.0,-383532.0,-0.0026,-383532.0,0.0,253654908.0,243644641.0,1096097.0,150997.0,10010267.0,0.0,-7666501.0,337024315.91999996,336347569.91999996,7.070245309972292,7.259064749630787,0.0,0.0,-0.003144889025096831,7.070245309972292,-0.0003643420993610116,0.0,-949.150377154444,1.3832617640869842,0.0,0.0,0.0,0.0,4.481850632794029,-0.0003499636600763112,-955.7990865829101,0.0,0.7868852459016393,0.0,0.0,1708.9610154177149,0.0,0.785466224887078,0.12639457703714166,0.0,0.0,1708.9610154177149,Shell Companies,Financial Services,EMLD
2022Q1,2022,Q1,2022-05-16,2022-03-31,-413781.0,0.0,-439022.0,-0.0122,0.0,0.0,253790751.0,243733411.0,1350220.0,198070.0,10057340.0,0.0,-7447902.0,330690934.76,329802991.76,7.2009092937434716,6.816882920179735,0.0,0.0,-0.0016053794112533964,7.2009092937434716,-0.001697678616576699,0.0,-199.79828385063595,1.356773096487785,0.0,0.0,0.0,0.0,4.482975715656081,-0.0016304022048463066,-972.6804736763153,0.0,-3.2068965517241383,0.0,0.0,0.0,0.0,-3.1603591465744336,-3.3675958534789787,0.0,0.0,0.0,Shell Companies,Financial Services,EMLD
2021Q4,2021,Q4,2022-03-22,2021-12-31,-99458.0,0.0,-100518.0,-0.0029,0.0,0.0,225170164.0,-5978418.0,1639272.0,93582.0,8948582.0,0.0,-5979383.0,334267820.0,333039906.0,-0.1734856038490334,17.516958389433867,0.0,0.0,0.016724355952173225,-0.1734856038490334,0.01663617364995221,0.0,-840.2235617044379,-55.91242030918547,,0.0,,0.0,13.121262635977004,-0.0004417015035793108,0.0,0.0,0.0,0.0,0.0,0.0,0.0,0.0,0.0,0.0,0.0,0.0,Shell Companies,Financial Services,EMLD
2021Q3,2021,Q3,2021-09-30,2021-09-30,0.0,0.0,0.0,0.0,0.0,0.0,130160.0,24792.0,25000.0,105368.0,105368.0,0.0,-208.0,58161423.099999994,58204556.099999994,0.004134740643923481,0.23726368536937212,0.5234557467732022,2.748184898354308,,0.004134740643923481,0.0,0.0,0.0,2345.9754396579538,0.0,0.0,,0.0,0.23726368536937212,0.0,0.0,0.0,0.0,0.0,0.0,0.0,0.0,0.0,0.0,0.0,0.0,0.0,Shell Companies,Financial Services,EMLD
2021Q2,2021,Q2,2021-06-30,2021-06-30,0.0,0.0,0.0,0.0,0.0,0.0,25000.0,24792.0,25000.0,208.0,208.0,0.0,-208.0,58161423.099999994,58136423.099999994,0.004134740643923481,120.1923076923077,0.0,0.0,,0.004134740643923481,0.0,0.0,0.0,2345.9754396579538,0.0,0.0,,0.0,120.1923076923077,0.0,0.0,0.0,0.0,0.0,0.0,0.0,0.0,0.0,0.0,0.0,0.0,0.0,Shell Companies,Financial Services,EMLD
