Quarters,Year,Quarter,FillingDate,Date,NetIncome,Revenue,OperatingIncome,EPSDiluted,GrossProfit,GrossProfitRatio,TotalAssets,CommonStockEquity,CurrentAssets,CurrentLiability,TotalLiability,Inventory,RetainedEarnings,MarketCap,EnterpriseValue,bookValuePerShare,currentRatio,debtToAssets,debtToEquity,roic,shareholdersEquityPerShare,roe,priceToSalesRatio,peRatio,pbRatio,payoutRatio,inventoryTurnover,dividendYield,assetTurnover,quickRatio,returnOnAssets,priceToFreeCashFlowsRatio,grossProfitMargin,epsdilutedGrowth,fiveYNetIncomeGrowthPerShare,fiveYRevenueGrowthPerShare,fiveYShareholdersEquityGrowthPerShare,grossProfitGrowth,netIncomeGrowth,operatingIncomeGrowth,threeYNetIncomeGrowthPerShare,threeYRevenueGrowthPerShare,threeYShareholdersEquityGrowthPerShare,Industry,Sector,Symbol
2023Q2,2023,Q2,2023-05-04,2023-04-01,15041000.0,173021000.0,21467000.0,0.26,84092000.0,0.486021928,1524042000.0,1183697000.0,1188873000.0,195751000.0,340345000.0,224159000.0,1349736000.0,2986679960.0,2644405960.0,20.88238303577729,6.073394261076571,0.030726187336044545,0.03956079976548053,0.012272503545414473,20.88238303577729,0.0127067991217347,17.261950630270313,49.64231035170534,2.5231794623117234,0.7176384548899675,0.3967228618971355,0.0036140464142666293,0.11352771117856332,4.614239518572063,0.009869150587713461,-338.74106385391855,0.48602192797406096,0.040000000000000036,-0.48585443322586563,-0.03158029318164239,0.6698036914202269,-0.052014519874642076,0.03098224689834807,0.1380480305359699,0.4213585955332354,0.28944603513511175,0.7441930190468262,Semiconductor Equipment & Materials,Technology,KLIC
2023Q1,2023,Q1,2023-02-02,2022-12-31,14589000.0,176233000.0,18863000.0,0.25,88706000.0,0.5033450035,1549818000.0,1177229000.0,1270709000.0,221055000.0,372589000.0,211637000.0,1345461000.0,2525077260.0,2021630260.0,20.634677744474242,5.748383886363122,0.030433250872037878,0.04006527192245519,0.011795980035777339,20.634677744474242,0.012392661071040553,14.328061486781703,43.27022516964836,2.1449329399802415,0.6678319281650559,0.4135713509452506,0.0038584957990552733,0.11371206167433853,4.505439822668567,0.009413363375570551,35.44565063589657,0.5033450034896984,-0.7727272727272727,1.2602917539743947,0.020236685068305664,0.712586213748774,-0.33146427306367615,-0.7752218661407617,-0.7207301906905128,0.20595867038575122,0.36059872795898157,0.6908053129499264,Semiconductor Equipment & Materials,Technology,KLIC
2022Q4,2022,Q4,2022-11-17,2022-10-01,64904000.0,286313000.0,67544000.0,1.1,132687000.0,0.4634333754,1588599000.0,1194650000.0,1332046000.0,248681000.0,393949000.0,184986000.0,1341666000.0,2227188120.0,1713344120.0,20.667254861255277,5.3564446017186675,0.026245138011543503,0.03489976143640397,0.04795154906934829,20.667254861255277,0.05432888293642489,7.778857823431,8.57877834956243,1.8643017787636547,0.15361148773573277,0.8304736574659703,0.004476496579013721,0.18022987550665712,4.362456319541903,0.04085612542875829,21.423922353258046,0.4634333753619291,-0.44723618090452255,1.1716743197651118,0.6230203286941425,0.60147364480634,-0.304156068909458,-0.45474402271619874,-0.44670986344684094,10.116251278145956,1.24588876786832,0.7037936104824258,Semiconductor Equipment & Materials,Technology,KLIC
2022Q3,2022,Q3,2022-08-04,2022-07-02,119034000.0,372137000.0,122077000.0,1.99,190685000.0,0.5124053776,1628277000.0,1206733000.0,1386118000.0,274039000.0,421544000.0,215281000.0,1286505000.0,2301004850.0,1897032850.0,20.45830295837925,5.058104868285171,0.025676835083956843,0.03464643794443344,0.09067319397878873,20.45830295837925,0.09864153876623909,6.183219755090195,4.832663041651965,1.9068052750691329,0.08493371641715812,0.8428611907228227,0.004393732590350689,0.22854649423900233,3.998795791839848,0.07310426911391613,23.03446503293491,0.5124053775894362,0.06989247311827951,3.6544373377723955,0.8382236436901278,0.6376164383960556,-0.054657676862822864,0.026146326324773064,-0.056161619285454725,100.42407403565326,2.21051808559211,0.6805252627287902,Semiconductor Equipment & Materials,Technology,KLIC
2022Q2,2022,Q2,2022-05-05,2022-04-02,116001000.0,384282000.0,129341000.0,1.86,201710000.0,0.5249009842,1559007000.0,1137252000.0,1321862000.0,274889000.0,421755000.0,211877000.0,1177441000.0,3390732300.0,2969899300.0,18.49731628769396,4.808711880067955,0.025413612639327468,0.03483836475996525,0.09508277285265108,18.49731628769396,0.10200113958911482,8.823552235077365,7.3075497193989705,2.981513595931245,0.09146472875233834,0.8616886212283542,0.0031291175655477135,0.24649151671544772,3.8508416124326548,0.07440697828810262,48.30928791246367,0.5249009841730812,-0.11848341232227479,3.6104176262654835,1.2220371787809918,0.5358933276856638,-0.09643519472491242,-0.13176803436971393,-0.14672023538570136,35.99106952781076,2.5552628874138725,0.4814228898532613,Semiconductor Equipment & Materials,Technology,KLIC
2022Q1,2022,Q1,2022-02-03,2022-01-01,133606000.0,460888000.0,151581000.0,2.11,223238000.0,0.484364965,1704531000.0,1207176000.0,1463063000.0,343805000.0,497355000.0,197234000.0,1071550000.0,3776787900.0,3376314900.0,19.350420774224574,4.255502392344497,0.024063510725237616,0.03397764700424793,0.10366136313527348,19.350420774224574,0.11067648793547917,8.194589357935117,7.067025245872192,3.128614137458001,0.0649147493376046,1.2049139600677368,0.002296395834142553,0.27038991957318464,3.6068818080016287,0.07838285135324614,40.53956935693355,0.48436496502404053,0.00476190476190466,8.73776040952637,2.498120753066496,0.6710621772875124,-0.03491775284784817,-0.0007852757065611655,-0.021022242889250562,18.138829453911036,2.1568556132597503,0.5142943118365604,Semiconductor Equipment & Materials,Technology,KLIC
2021Q4,2021,Q4,2021-11-18,2021-10-02,133711000.0,485326000.0,154836000.0,2.1,231315000.0,0.4766177785653355,1601631000.0,1095237000.0,1351890000.0,351875000.0,506394000.0,167323000.0,948554000.0,3635545220.0,3315744220.0,17.674805538521124,3.841960923623446,0.02683951546891887,0.03924903924903925,0.11287165365994874,17.674805538521124,0.12208407860581774,7.490934382250281,6.7973936699299236,3.319414172457651,0.06489368862696412,1.518087770360321,0.002386712164179875,0.30301985913109825,3.2994131438721137,0.0834842732189874,30.98088778675393,0.4766177785653355,0.17318435754189948,13.707969851717754,2.780844906811169,0.5429004797587174,0.1820179360739927,0.17531599950776156,0.28542609273172553,3.9121085428883293,1.8587813654839898,0.35465604254421074,Semiconductor Equipment & Materials,Technology,KLIC
2021Q3,2021,Q3,2021-08-06,2021-07-03,113766000.0,424318000.0,120455000.0,1.79,195695000.0,0.4611989121366522,1409861000.0,973342000.0,1179593000.0,308260000.0,436519000.0,153325000.0,823515000.0,3675482980.0,3308941980.0,15.69324282927301,3.8266171413741645,0.015219940121756684,0.02204569411368255,0.11146202853772254,15.69324282927301,0.1168818359836522,8.662095362440434,8.07684848724575,3.7761475206042685,0.07637607017913964,1.4911006032936573,0.0023640430515610767,0.3009644213152928,3.2581100369817686,0.08069306123085893,44.23602662237628,0.4611989121366522,0.5840707964601771,3.0614451806712664,1.2248279203271655,0.38810305890040764,0.31790019529934677,0.5951486259113853,0.4492744904588878,1.1042365781742915,0.7590963878703813,0.2298124330544064,Semiconductor Equipment & Materials,Technology,KLIC
2021Q2,2021,Q2,2021-05-06,2021-04-03,71320000.0,340163000.0,83114000.0,1.13,148490000.0,0.43652601840882166,1256973000.0,866860000.0,1035737000.0,259572000.0,390113000.0,139999000.0,718427000.0,3189674520.0,2955253520.0,13.966295031256042,3.9901722836053195,0.018227917385655858,0.026431026924762936,0.07776707813765141,13.966295031256042,0.08227395427173938,9.376900250762134,11.180855720695458,3.679572849133655,0.12181716208637128,1.3691026364474033,0.0027237888836381965,0.2706207691016434,3.360404820242553,0.05673948445988895,138.18284105185634,0.43652601840882166,0.46753246753246736,14.89336756814606,1.4665354868400255,0.28859065331126194,0.22228075663039362,0.47468105783346776,0.5379519632878131,1.2264526150241062,0.7387799020878814,0.11677728344988429,Semiconductor Equipment & Materials,Technology,KLIC
2021Q1,2021,Q1,2021-02-05,2021-01-02,48363000.0,267857000.0,54042000.0,0.77,121486000.0,0.45354797522558676,1146770000.0,807616000.0,949611000.0,200690000.0,339154000.0,125082000.0,655795000.0,1971106650.0,1756043650.0,13.033422093117082,4.731730529672629,0.021457659338838652,0.030468688089389018,0.05580490963466497,13.033422093117082,0.059883657579839926,7.358802084694445,10.189125209354259,2.4406483403003407,0.1529888551165147,1.1702003485713373,0.003753728901477756,0.2335751720048484,4.002865115352035,0.04217323438876148,36.67994063790986,0.45354797522558676,2.08,607.7058227659535,1.8173675875139788,0.22112700034558144,0.3667772965067222,2.064052204764318,1.344758764317945,1.794446992875394,0.42768865660751093,0.08171589937324336,Semiconductor Equipment & Materials,Technology,KLIC
2020Q4,2020,Q4,2020-11-20,2020-10-03,15784000.0,177688000.0,23048000.0,0.25,88885000.0,0.5002307415244699,1054566000.0,757994000.0,860196000.0,157893000.0,296572000.0,111809000.0,616119000.0,1352604990.0,1188705990.0,12.267061546179864,5.447967927647204,0.02297437998190725,0.03196331369377594,0.018906582363956703,12.267061546179864,0.0208233838262572,7.6122472536130745,21.423672548150027,1.7844534257527105,0.47117334009123163,0.7942383886806965,0.005498279286992723,0.1684939586521849,3.988568207583617,0.014967294602708603,48.548328846775064,0.5002307415244699,0.38888888888888895,0.8905599406839191,0.7550043865841541,0.15585704887763643,0.28033936879708454,0.415478432427585,1.1008112296053232,-0.5059476450637308,-0.05773369830908796,-0.04944435546428666,Semiconductor Equipment & Materials,Technology,KLIC
2020Q3,2020,Q3,2020-07-30,2020-06-27,11151000.0,150450000.0,10971000.0,0.18,69423000.0,0.4614356929212363,1029465000.0,749644000.0,839193000.0,142804000.0,279821000.0,114194000.0,607733000.0,1258722600.0,960542600.0,12.030298653571485,5.876537071790706,0.022919671868397662,0.03147494010490313,0.01296984431569928,12.030298653571485,0.014875060695476786,8.366384845463608,28.219948883508206,1.6790938098617478,0.6782351358622545,0.7095556684239102,0.006008472398922527,0.14614387084553626,4.9807008207053025,0.010831839839139747,61.581340508806264,0.4614356929212363,-0.05263157894736847,-0.4609802189879826,0.10606469379079839,0.16687259597510382,0.0017315267737327388,-0.06199528936742934,-0.009479956663055254,-0.5872634790092776,-0.29652185299868145,-0.03701617509611096,Semiconductor Equipment & Materials,Technology,KLIC
2020Q2,2020,Q2,2020-04-30,2020-03-28,11888000.0,150741000.0,11076000.0,0.19,69303000.0,0.45974884072680955,1160898000.0,762398000.0,970427000.0,262037000.0,398500000.0,106178000.0,604013000.0,1329617520.0,1076713520.0,11.972518412663515,3.703396848536657,0.12008203993804796,0.18284806623312233,0.01090419689094654,11.972518412663515,0.015592905542774246,8.820543316018867,27.961337483176308,1.7439939768992048,0.6435901749663526,0.7669950460547382,0.005754286390570425,0.1298486171911744,3.2060357888389808,0.010240348419930089,114.73099663473984,0.45974884072680955,-0.09523809523809519,0.8082753744608707,0.2521828385505139,0.14933268308495826,-0.01507873344323802,-0.11790457817021592,-0.17429551215148353,-0.54381701558455,-0.15844128315582226,-0.005882212338159475,Semiconductor Equipment & Materials,Technology,KLIC
2020Q1,2020,Q1,2020-01-31,2019-12-28,13477000.0,144297000.0,13414000.0,0.21,70364000.0,0.48763314552624104,1118082000.0,775653000.0,926607000.0,202203000.0,342429000.0,95209000.0,599682000.0,1719852420.0,1321077420.0,12.204053054738267,4.582558122283052,0.08818583967902176,0.1271174094601581,0.012920385091508214,12.204053054738267,0.017375037549007096,11.918836982057838,31.903472953921497,2.217296162072473,0.5625881130815463,0.7765337310548373,0.004408517795962982,0.12905761831422025,4.03167114236683,0.012053677637239487,75.4221997105644,0.48763314552624104,1.0999999999999999,1.0790338723916326,0.6247799886331995,0.1847748446315429,0.07527736177756043,1.1044659587757653,0.7436630703236708,-0.03585325117655896,0.0750124356719179,0.05391669294077557,Semiconductor Equipment & Materials,Technology,KLIC
2019Q4,2019,Q4,2019-11-15,2019-09-28,6404000.0,139827000.0,7693000.0,0.1,65438000.0,0.4679925908444006,1079616000.0,769063000.0,893751000.0,174642000.0,310553000.0,89308000.0,594625000.0,1481047360.0,1191974360.0,12.1301399031561,5.117617755179166,0.06957195891872665,0.09766560086754922,0.005639385681262559,12.1301399031561,0.008327016122216256,10.591998398020412,57.817276702061214,1.925781580962808,1.1967520299812617,0.8329488959555695,0.005174716357483666,0.1295154943980082,4.517893748353775,0.005931738692275772,-76.77400653154321,0.4679925908444006,4.0,-0.735361381464626,-0.131813832944932,0.17818395966780837,0.11326981966655325,3.975912975912976,3.210727969348659,-0.311515333780632,0.06464225552903591,0.05888569100975071,Semiconductor Equipment & Materials,Technology,KLIC
2019Q3,2019,Q3,2019-08-02,2019-06-29,1287000.0,127109000.0,1827000.0,0.02,58780000.0,0.46243775027732104,1112569000.0,787435000.0,918440000.0,189254000.0,325134000.0,98049000.0,595803000.0,1458601650.0,1148958650.0,12.173755082479168,4.852948946917898,0.07720420036869623,0.10908201946827357,0.0005140405950833778,12.173755082479168,0.00163442061884473,11.475203565443831,283.3336538461539,1.852345463435077,6.052836052836053,0.6968862507521749,0.005340731652127228,0.11424819494341475,4.199562492734632,0.0011567821860936265,-415.79294469783355,0.46243775027732104,1.4000000000000001,-0.9427399536509099,-0.1661765001120131,0.22778012571622333,0.05770787972576611,1.3620253164556961,1.7411764705882353,-0.9559435734197425,-0.3609366859080124,0.0767963544649068,Semiconductor Equipment & Materials,Technology,KLIC
2019Q2,2019,Q2,2019-05-03,2019-03-30,-3555000.0,115908000.0,-2465000.0,-0.05,55573000.0,0.47945784587776513,1080145000.0,823214000.0,882368000.0,122748000.0,256931000.0,102549000.0,601913000.0,1457712300.0,1063737300.0,12.486182314576066,7.188451135660052,0.023049683144392652,0.030243654748340044,0.008788237908183262,12.486182314576066,-0.004318439676681884,12.576459778444974,-102.5114135021097,1.7707574215210138,-2.2658227848101267,0.5883528849623108,0.005525781733473746,0.10730781515444686,6.23811385928895,-0.0032912247892644044,59.99803671386236,0.47945784587776513,-1.4545454545454546,-1.4542190432504087,0.1761359134223939,0.3066231034852665,-0.25703552186526557,-1.472928029799122,-1.1693576090690485,-1.7458111533108962,-0.20877794785836173,0.15202906641276223,Semiconductor Equipment & Materials,Technology,KLIC
2019Q1,2019,Q1,2019-02-01,2018-12-29,7517000.0,157208000.0,14555000.0,0.11,74799000.0,0.47579639712991706,1140786000.0,858409000.0,943580000.0,143457000.0,282377000.0,109731000.0,613525000.0,1344191760.0,1081768760.0,12.77850720495415,6.577441323881024,0.013151458731085409,0.017477682549926668,0.006831566789469347,12.77850720495415,0.008756897935599464,8.550403032924534,44.70506052946654,1.5659106090453385,1.071837169083411,0.7510092863457,0.005993936460375266,0.13780674026504533,5.713670298416948,0.00658931648880684,25.49294037323623,0.47579639712991706,-0.7441860465116279,5.340602518272914,1.2455518252443183,0.35016659073001805,-0.12845041538981392,-0.7463472245655475,-0.4077073329535281,87.98448458175147,0.5252726047341832,0.19724352212306479,Semiconductor Equipment & Materials,Technology,KLIC
2018Q4,2018,Q4,2018-11-20,2018-09-29,29635000.0,184824000.0,24574000.0,0.43,85823000.0,0.4643498679825131,1185740000.0,880207000.0,987273000.0,174076000.0,305533000.0,115191000.0,613529000.0,1608294080.0,1302851080.0,13.047448934214817,5.6715055493003055,0.012808035488386998,0.017253895958564292,0.028681730796221633,13.047448934214817,0.033668216680848934,8.70175994459594,13.567522186603679,1.827177107203192,0.0,0.8594508251512705,0.0,0.155872282287854,4.923154254463568,0.02499283148076307,63.538798988622,0.4643498679825131,-0.5,0.11980243367881878,0.1879639458242113,0.3705132918710377,-0.32406335404705083,-0.5081817578332448,-0.618789072801452,2.25120475996019,0.6720316106246499,0.22938861631289628,Semiconductor Equipment & Materials,Technology,KLIC
2018Q3,2018,Q3,2018-08-02,2018-06-30,60256000.0,268834000.0,64463000.0,0.86,126969000.0,0.47229517099771606,1225925000.0,882082000.0,1022442000.0,203578000.0,343843000.0,123293000.0,591951000.0,1646557500.0,1299308500.0,12.760679927667269,5.022359979958542,0.012592124314293289,0.017500640530018752,0.06300958529576499,12.760679927667269,0.06831110939799248,6.124811221794862,6.831508480483271,1.8666716926544245,0.0,1.1506330448606166,0.0,0.21929073964557375,4.30979771881048,0.04915145706303404,50.94861996410669,0.47229517099771606,0.6862745098039215,2.4721542337405746,1.0723811368918097,0.4050721880784386,0.27675042987722104,0.6593506457742406,0.6771516286814445,1.625637109906015,0.7816239724782911,0.23771554991147484,Semiconductor Equipment & Materials,Technology,KLIC
2018Q2,2018,Q2,2018-05-31,2018-03-31,36313000.0,221772000.0,38436000.0,0.51,99447000.0,0.4484199989178075,1204010000.0,879927000.0,995755000.0,187189000.0,324083000.0,118831000.0,539871000.0,1759728610.0,1435834610.0,12.505891047597391,5.319516638264001,0.013502379548342621,0.01847539625446202,0.037210949823052786,12.505891047597391,0.0412681961117229,7.93485476074527,12.115004337289678,1.9998574995425757,0.0,1.0294031018841885,0.0,0.18419448343452297,4.554941796793615,0.03016004850458053,7891.159686098655,0.4484199989178075,1.5204081632653061,4.288009703718804,1.2327486476031637,0.42168452281262164,0.004119589252718626,1.5237174957093615,-0.0035000388893209923,3.998988443500745,0.6672752372397124,0.20053516033020036,Semiconductor Equipment & Materials,Technology,KLIC
2018Q1,2018,Q1,2018-02-01,2017-12-30,-69337000.0,213691000.0,38571000.0,-0.98,99039000.0,0.4634682789635502,1158586000.0,850371000.0,953335000.0,166654000.0,308215000.0,106683000.0,496655000.0,1717491295.0,1342960295.0,12.04884027374357,5.720444753801289,0.013922143026067983,0.01896819153052021,-0.07524151161755749,12.04884027374357,-0.08153735252025293,8.037265467427266,-6.192549775011898,2.0196964560174324,0.0,1.0746979368784155,0.0,0.18444120678136972,4.941003516267236,-0.059846226348324594,38.03967430786268,0.4634682789635502,-2.9215686274509802,-21.40424265956671,0.9873439910599792,0.3846847459720626,-0.054420989316300517,-2.8956966316710413,0.04517125514849339,-10.632379382571578,1.1668242458851923,0.16970671950433974,Semiconductor Equipment & Materials,Technology,KLIC
2017Q4,2017,Q4,2017-11-16,2017-09-30,36576000.0,215892000.0,36904000.0,0.51,104739000.0,0.4851453504530043,1171107000.0,912936000.0,953382000.0,200448000.0,258171000.0,122023000.0,561986000.0,1525904940.0,1149568940.0,12.90514828531848,4.7562559865900385,0.01372547512737948,0.01760692973001393,0.036781570860493586,12.90514828531848,0.040064144693603934,7.067908676560503,10.429687089895012,1.6714259707142671,0.0,0.9109184334100948,0.0,0.1843486547343667,4.025433030012771,0.03123198819578399,23.618625824226854,0.4851453504530043,0.186046511627907,-0.4304498707093824,-0.15966783392709225,0.4859826126159404,-0.062301921251947216,0.18710850021096362,2.2191207257501744,0.354618118732837,0.20137100351444479,0.25345946776266864,Semiconductor Equipment & Materials,Technology,KLIC
2017Q3,2017,Q3,2017-08-03,2017-07-01,30811000.0,243897000.0,11464000.0,0.43,111698000.0,0.4579720127758849,1148916000.0,887771000.0,959485000.0,198593000.0,261145000.0,126382000.0,525410000.0,1351618260.0,912292260.0,12.492731801359357,4.831413997472217,0.013953152362748886,0.01805758466992051,0.029657076575368316,12.492731801359357,0.03470602216112038,5.541758447213373,10.967010645548669,1.5224852580226207,0.0,1.046027124115776,0.0,0.2122844489936601,3.9251333128559414,0.026817452276754784,65.69226051032807,0.4579720127758849,0.07499999999999993,-0.5289486699862156,-0.005157619331488516,0.615210479119521,0.23708896789270248,0.06094831445198168,-0.6483974850483055,0.2477441973629693,0.4563001818473832,0.25995041938106933,Semiconductor Equipment & Materials,Technology,KLIC
2017Q2,2017,Q2,2017-05-04,2017-04-01,29041000.0,199613000.0,32605000.0,0.4,90291000.0,0.45233025905126417,1074074000.0,854645000.0,859308000.0,156426000.0,219429000.0,98685000.0,494599000.0,1441988480.0,1022750480.0,12.043360013527986,5.493383452878677,0.014863966542342521,0.018680270755693885,0.03148371977661202,12.043360013527986,0.03398019060545607,7.223920686528433,12.413385214007782,1.687236782523738,0.0,1.1077874043674316,0.0,0.18584659902390338,4.755929321212586,0.027038174278494777,-786.2532606324972,0.45233025905126417,0.8181818181818182,0.8181274145999666,0.41933893538833167,0.7693623715889488,0.3216282678064346,0.8636334467047424,0.886754238759331,2.447325472791242,0.8818192618357563,0.26028373131283844,Semiconductor Equipment & Materials,Technology,KLIC
2017Q1,2017,Q1,2017-02-03,2016-12-31,15583000.0,149639000.0,17281000.0,0.22,68318000.0,0.45655210205895524,992760000.0,820469000.0,793661000.0,115210000.0,172291000.0,83792000.0,465558000.0,1130121300.0,568274300.0,11.579713213086064,6.88882041489454,0.015692614529191344,0.018987920323619782,0.017382568325592908,11.579713213086064,0.01899279558398916,7.552317911774337,18.130676057241867,1.377408896618885,0.0,0.9705103112468971,0.0,0.15073028727990653,6.036984636750282,0.01569664370039083,41.28598619077193,0.45655210205895524,0.46666666666666673,0.9012266374015743,0.2940049973276108,0.7651248120303314,0.025472448627309706,0.5086649240003872,3.4163046256069514,9.531125005208736,1.0264831847711382,0.22350300076384008,Semiconductor Equipment & Materials,Technology,KLIC
2016Q4,2016,Q4,2016-11-17,2016-10-01,10329000.0,145844000.0,3913000.0,0.15,66621000.0,0.456796302898988,982444000.0,806518000.0,780942000.0,118597000.0,175926000.0,87295000.0,449975000.0,910323720.0,379117720.0,11.455570706209874,6.584837727767145,0.01699944220739299,0.02070753535568952,0.010308592096297088,11.455570706209874,0.012806905735519852,6.241763253887716,22.033200697066512,1.1287084975164845,0.0,0.9075319319548657,0.0,0.14845019156308145,5.719891734192265,0.01051357634633628,28.076480276347038,0.456796302898988,-0.6666666666666667,4.693469002212931,-0.14782571488008214,0.8089911751389677,-0.3340563774490204,-0.675035394053799,-0.8986846874838175,-0.6260128925829659,-0.10175390028007195,0.20330127352776148,Semiconductor Equipment & Materials,Technology,KLIC
2016Q3,2016,Q3,2016-08-04,2016-07-02,31785000.0,216414000.0,38622000.0,0.45,100040000.0,0.4622621457022189,986707000.0,795672000.0,795323000.0,131870000.0,191035000.0,89556000.0,439646000.0,860031380.0,360987380.0,11.305531479560665,6.031113975885342,0.017314157090200028,0.02147115897002785,0.03763794118451571,11.305531479560665,0.039947365245980755,3.9740099069376287,6.764443762781186,1.0808868227108657,0.0,1.2994550895529053,0.0,0.219329547677274,5.216781678926215,0.032213210203231556,25.60379220005954,0.4622621457022189,5.428571428571428,-0.5388896162645109,-0.24598569766973333,0.7541348624901156,0.43638634829928064,5.24582432697976,2.2984883423007942,0.7989246730377113,0.6385618586002894,0.24484650844775663,Semiconductor Equipment & Materials,Technology,KLIC
2016Q2,2016,Q2,2016-05-05,2016-04-02,5089000.0,156400000.0,11709000.0,0.07,69647000.0,0.44531329923273655,934978000.0,762906000.0,740782000.0,115701000.0,172072000.0,79780000.0,407861000.0,791876250.0,327057250.0,10.838426458679622,6.402554861237155,0.018368346634894082,0.02251129234794326,0.0061595865131937625,10.838426458679622,0.006670546567991338,5.063147378516624,38.90136814698369,1.0379735511321186,0.0,1.0874028578591126,0.0,0.1672766631942142,5.570729725758636,0.005442908817105857,-80.87797467061587,0.44531329923273655,55.43234836702955,-0.870372548313612,-0.2313839061205357,0.9987713374261421,0.38130937506197815,56.92307692307692,7.867448680351906,-0.259219106168892,0.5739722763283616,0.232125171193455,Semiconductor Equipment & Materials,Technology,KLIC
2016Q1,2016,Q1,2016-02-04,2016-01-02,-91000.0,108534000.0,-1705000.0,-0.001286,50421000.0,0.46456409972911716,884092000.0,755006000.0,688551000.0,71904000.0,129086000.0,69648000.0,402772000.0,825512460.0,349085460.0,10.673273205349318,9.575976301735647,0.018672264877410947,0.02186472690283256,-0.00014520037695067863,10.673273205349318,-0.00012052884347938957,7.606026314334678,-2267.8913736263735,1.0933852976002838,0.0,0.834381461061337,0.0,0.12276324183456021,8.366196595460615,-0.0001029304642503269,138.3463147310206,0.46456409972911716,-1.0098923076923079,-1.006039072821406,-0.26943964391425473,1.2126261364439366,-0.1339127746190975,-1.0092602014857026,-2.0345873786407767,-1.0267182028167974,0.007077842943826796,0.22660092268346388,Semiconductor Equipment & Materials,Technology,KLIC
2015Q4,2015,Q4,2015-11-18,2015-10-03,9827000.0,119172000.0,1648000.0,0.13,58217000.0,0.48851240224213743,904466000.0,771891000.0,707369000.0,73934000.0,132575000.0,79096000.0,405505000.0,670579820.0,188448820.0,10.612957335936533,9.567573782021803,0.01822401284293716,0.02135405128444301,0.011007361925898634,10.612957335936533,0.01273107213324161,5.626991407377572,17.059627047929176,0.8687493700535439,0.0,0.7706457975118843,0.0,0.13175951334820768,8.212865528714799,0.010864974471124398,18.545308775132057,0.48851240224213743,-0.6060606060606061,-0.8283987091235147,-0.5500433551750108,1.3432230287728888,-0.24950045764525403,-0.6075322496904828,-0.8975506651746861,-0.8511617766911463,-0.5488235309436569,0.2220448553526468,Semiconductor Equipment & Materials,Technology,KLIC
2015Q3,2015,Q3,2015-08-05,2015-06-27,25039000.0,164634000.0,16086000.0,0.33,77571000.0,0.47117241881992783,947474000.0,777570000.0,748603000.0,95974000.0,169904000.0,78312000.0,395678000.0,920878200.0000001,462587200.0000001,10.30986475735879,7.800060433033947,0.018611592508079377,0.022678344071916354,0.030467279752906987,10.30986475735879,0.032201602428077215,5.593487371988775,9.19443867566596,1.1843026351325285,0.0,1.1117453263867607,0.0,0.17376096863871726,6.755329568424782,0.026427110400918653,-416.6869683257919,0.47117241881992783,2.3,-0.5256385539594897,-0.3080863432955909,1.7387298974202454,0.13126731806912645,2.157105030891439,0.6429373914819733,-0.639308066221771,-0.36726135601301924,0.3329831984849747,Semiconductor Equipment & Materials,Technology,KLIC
2015Q2,2015,Q2,2015-05-06,2015-03-28,7931000.0,145227000.0,9791000.0,0.1,68570000.0,0.47215738120321976,977276000.0,800239000.0,773974000.0,96776000.0,177037000.0,76529000.0,370639000.0,1193798340.0,685011340.0,10.416930266463597,7.997582045135157,0.018785890577482717,0.022941896108537575,0.00935458703613248,10.416930266463597,0.009910789151740918,8.220223099010514,37.63076345984113,1.491802249078088,0.0,1.001672568568778,0.0,0.14860387444283907,7.007450194263041,0.008115414683262457,-4994.972133891213,0.47215738120321976,0.0,-0.659383145682359,-0.14217926893351815,2.4501676496747886,0.2527862023605072,0.011349145626115787,0.006683117417232161,-0.5413315904459294,-0.04610012495056206,0.5304138064662448,Semiconductor Equipment & Materials,Technology,KLIC
2015Q1,2015,Q1,2015-01-29,2014-12-27,7842000.0,107438000.0,9726000.0,0.1,54734000.0,0.5094473091457399,927842000.0,792003000.0,822549000.0,62651000.0,135839000.0,51930000.0,362708000.0,1117182640.0,512853640.0,10.30073613567787,13.129064180938851,0.019681152610034898,0.023056730845716494,0.009505081844182077,10.30073613567787,0.009901477645918007,10.398393864368288,35.61536087732721,1.4105787983126326,0.0,1.0149046793760832,0.0,0.11579342172481953,12.054572153676718,0.008451870038217714,25.450670676143613,0.5094473091457399,-0.736842105263158,-0.5513102292827348,-0.2417425833623188,2.8303316837883896,-0.4073841489822434,-0.7319799036193991,-0.7406192495399632,-0.11831091086622142,-0.14384010531851252,0.5701671190539619,Semiconductor Equipment & Materials,Technology,KLIC
2014Q4,2014,Q4,2014-11-12,2014-09-27,29259000.0,194733000.0,37497000.0,0.38,92360000.0,0.4742904387032501,944448000.0,789242000.0,837691000.0,81351000.0,155206000.0,49694000.0,354866000.0,1096975980.0,528096980.0,10.29562472279475,10.297242812012145,0.02022557091549773,0.024202969431429144,0.035357786828385175,10.29562472279475,0.037072279478284224,5.63323103942321,9.372979083358967,1.3899108004895837,0.0,2.060067613796434,0.0,0.2061871061191299,9.44814446042458,0.030980001016466762,-426.3412281383599,0.4742904387032501,0.11764705882352934,3.1143976051977957,0.6112945211733201,3.7029753036140254,0.08458494310508825,0.09930117222723174,0.18721504559270516,13.812146947082574,0.045007151048476274,0.6258198516449421,Semiconductor Equipment & Materials,Technology,KLIC
2014Q3,2014,Q3,2014-07-30,2014-06-28,26616000.0,180517000.0,31584000.0,0.34,85157000.0,0.47173950375864876,939863000.0,759469000.0,831605000.0,111704000.0,180394000.0,53922000.0,325607000.0,1090727040.0,512888040.0,9.91525667136665,7.444719974217575,0.02087325493183581,0.025831205750333458,0.03338736898588316,9.91525667136665,0.03504553839590556,6.042240010636117,10.245031559963932,1.436170587607921,0.0,1.7684803976113646,0.0,0.1920673544974108,6.754162787366612,0.028319020963693646,269.84835230084116,0.47173950375864876,1.8333333333333337,2.5350745290174572,1.7705610465855204,4.670041972622425,0.4765744208628104,1.9345093715545756,2.1237266343586194,-0.6452172664586089,-0.42210446337304003,0.5384236848330658,Semiconductor Equipment & Materials,Technology,KLIC
2014Q2,2014,Q2,2014-04-30,2014-03-29,9070000.0,114206000.0,10111000.0,0.12,57672000.0,0.5049822251020086,872033000.0,730122000.0,760184000.0,72246000.0,141911000.0,43617000.0,298991000.0,940533240.0,373038240.0,9.55607036280823,10.522160396423331,0.022493414813430226,0.02686537318420757,0.011735750229164494,9.55607036280823,0.012422581431596363,8.235410048508834,25.924289966923926,1.2881864126817162,0.0,1.296145998119999,0.0,0.13096522723337306,9.600586883702904,0.010400982531624376,24.09584812850665,0.5049822251020086,5.0,1.2186822313759296,2.616889754466437,3.8929170329911154,0.50324514531474,5.634644864588656,5.5792572463768115,-0.7871564376712413,-0.48292880425802276,0.762285292281755,Semiconductor Equipment & Materials,Technology,KLIC
2014Q1,2014,Q1,2014-01-29,2013-12-28,-1957000.0,79113000.0,-2208000.0,-0.03,38365000.0,0.48493926409060456,840200000.0,718461000.0,727950000.0,52451000.0,121739000.0,36262000.0,289921000.0,1003556640.0,472746640.0,9.464392981346823,13.878667708909267,0.023551535348726494,0.027542204796084966,-0.002783361003486637,9.464392981346823,-0.002723877844448063,12.68510409161579,-128.20089933571796,1.396814357355514,0.0,1.1237107716066406,0.0,0.09415972387526779,12.781376904158167,-0.002329207331587717,31.53854934003771,0.48493926409060456,-1.076923076923077,-1.347550788066825,0.6837730437562795,2.7715198625914432,-0.5245147857125152,-1.0662693440791033,-1.063918480778138,-1.121021363856802,-0.5037728879309211,0.9620188552476169,Semiconductor Equipment & Materials,Technology,KLIC
2013Q4,2013,Q4,2013-11-14,2013-09-28,29531000.0,173608000.0,34544000.0,0.39,80686000.0,0.4647596884936178,862994000.0,716665000.0,754388000.0,77402000.0,146329000.0,38135000.0,291878000.0,868719659.9999999,366331659.9999999,9.52011849254108,9.746363143071239,0.0,0.0,0.04092889128150923,9.52011849254108,0.04120614233986591,5.003914911755218,7.354302766584267,1.2121697864413639,0.0,2.436659236921463,0.0,0.2011694171686014,8.885480995323118,0.034219241385223996,56.30433987944779,0.4647596884936178,0.56,5.562074717402387,1.48540210231989,3.979928671671874,0.22411020420547986,0.5635622385767989,0.830921715164043,-0.5017773520280077,-0.3666964925976652,1.101936357817306,Semiconductor Equipment & Materials,Technology,KLIC
2013Q3,2013,Q3,2013-07-31,2013-06-29,18887000.0,141181000.0,18867000.0,0.25,65914000.0,0.46687585439967133,826548000.0,683238000.0,728995000.0,97729000.0,143310000.0,48087000.0,262347000.0,832054860.0,323561860.0,9.081867847031145,7.459351881222564,0.0,0.0,0.02725762719835972,9.081867847031145,0.027643368782181318,5.893532840821357,11.013592153332981,1.2178111580444881,0.0,1.5652255287291783,0.0,0.17080798695296584,6.707640516121111,0.022850457565682814,94.61619968160109,0.46687585439967133,1.4999999999999998,8.478234601885477,-0.4422996606122524,3.5814176054649245,0.3501433838590742,1.5745637949836424,1.3036630036630037,-0.6412886835125244,-0.4051625274303752,1.4125227228931965,Semiconductor Equipment & Materials,Technology,KLIC
2013Q2,2013,Q2,2013-04-30,2013-03-30,7336000.0,106110000.0,8190000.0,0.1,48820000.0,0.4600885873150504,778398000.0,661200000.0,683423000.0,70082000.0,117198000.0,45594000.0,243460000.0,868918960.0,370299960.0,8.79653034616715,9.751762221397792,0.0,0.0,0.010847305310734367,8.79653034616715,0.011094978826376285,8.188850815191783,29.611469465648856,1.3141545069570477,0.0,1.2565249813571961,0.0,0.1363184386393593,8.78757740932051,0.009424484646671755,-251.93359234560742,0.4600885873150504,1.0,1.8493862440025255,-0.5726387408277528,3.3759281354522486,-0.05249878699660359,1.0355160932297447,0.9476813317479191,-0.6779998877086006,-0.3594338241192781,1.9134786979841911,Semiconductor Equipment & Materials,Technology,KLIC
2013Q1,2013,Q1,2013-01-31,2012-12-29,3604000.0,114039000.0,4205000.0,0.05,51525000.0,0.4518191145134559,769488000.0,651325000.0,669653000.0,69162000.0,118163000.0,54328000.0,236124000.0,869031720.0,374861720.0,8.701504301822263,9.68238338972268,0.0,0.0,0.005313468240873228,8.701504301822263,0.005533335892219706,7.620478257438245,60.282444506104326,1.3342520554254786,0.0,1.1506773671035193,0.0,0.1482011415382696,8.572409704751164,0.004683633792859668,15.27887267484792,0.4518191145134559,-0.9438202247191011,-0.8432603896192419,-0.6413298938044371,3.449022559464949,-0.5810430625121967,-0.9464344103920811,-0.9402121367229711,-0.7881837533136096,-0.1732631278813117,2.2356568680998867,Semiconductor Equipment & Materials,Technology,KLIC
2012Q4,2012,Q4,2012-11-19,2012-09-29,67282000.0,269166000.0,70332000.0,0.89,122984000.0,0.4569076332077603,815609000.0,643667000.0,713316000.0,123369000.0,171942000.0,58994000.0,232520000.0,771176980.0,330932980.0,8.684589022613201,5.781971159691657,0.0,0.0,0.10426088903448769,8.684589022613201,0.10452920531889937,2.8650608917916824,2.865465429089504,1.1980992966860193,0.0,2.4779130081025187,0.0,0.33001842794770536,5.100389887248823,0.08249295924885576,10.65411740325767,0.4569076332077603,-0.01111111111111112,0.9415629014531145,-0.007547613578914111,5.749059032647579,0.004418382431008714,-0.013084166984480887,-0.07792752635167025,8.785683923228532,1.3035682721817534,2.9670645342151123,Semiconductor Equipment & Materials,Technology,KLIC
2012Q3,2012,Q3,2012-08-03,2012-06-30,68174000.0,255525000.0,76276000.0,0.9,122443000.0,0.4791820761177967,748705000.0,572866000.0,648352000.0,135119000.0,175839000.0,65233000.0,165238000.0,660677640.0,279980640.0,7.734429638030432,4.7983777263005205,0.0,0.0,0.12099593786009989,7.734429638030432,0.11900514256388056,2.585569474611095,2.4227624900988647,1.1532847821305507,0.0,2.040102402158417,0.0,0.3412892928456468,4.133844981090742,0.09105588983645094,10.320991673566306,0.4791820761177967,3.0909090909090913,8.41380176154649,0.1550393612627071,6.722938798101274,0.8360849940768066,3.1026659445146536,2.768204722853473,5.066181781176959,3.05568624172454,3.4229354958173577,Semiconductor Equipment & Materials,Technology,KLIC
2012Q2,2012,Q2,2012-05-04,2012-03-31,16617000.0,146308000.0,20242000.0,0.22,66687000.0,0.4557987259753397,750865000.0,502498000.0,648201000.0,206192000.0,248367000.0,63303000.0,97064000.0,917644750.0,600300750.0,6.80661022688791,3.1436767672848607,0.14489289019996937,0.21650832441124143,0.030178558097667924,6.80661022688791,0.03306878833348591,6.2720066571889435,13.80581257146296,1.8261659747899495,0.0,1.2577760927602168,0.0,0.1948526033308251,2.718655427950648,0.022130476184134298,42.32483510908168,0.4557987259753397,1.0,6.853871814708665,-0.20040568112845417,3.4443456014538287,0.20643678992691222,0.9533325496649818,0.635585003232062,1.4146402615214624,3.7954245727988325,2.485133308110586,Semiconductor Equipment & Materials,Technology,KLIC
2012Q1,2012,Q1,2012-02-03,2011-12-31,8507000.0,120024000.0,12376000.0,0.11,55276000.0,0.4605412250883157,701512000.0,482443000.0,595266000.0,176685000.0,219069000.0,59706000.0,80447000.0,680245000.0,383471000.0,6.560280119662768,3.3690805671109603,0.1525091516609837,0.22176091268813103,0.017037171103352504,6.560280119662768,0.017633171172553027,5.667574818369659,19.990742917597274,1.4100007669299794,0.0,1.0844471242421196,0.0,0.17109329562430864,2.907949175085604,0.012126663549590029,38.88892064943975,0.4605412250883157,3.2951971885982037,0.5884246709211951,-0.3859779650511218,3.272342631716007,-0.3319797935851884,3.4492677824267783,-0.45456148082855885,0.5595190811702418,1.6368814395537818,1.6142433882696807,Semiconductor Equipment & Materials,Technology,KLIC
2011Q4,2011,Q4,2011-12-08,2011-10-01,1912000.0,180371000.0,22690000.0,0.02561,82746000.0,0.4587544560932744,728391000.0,469877000.0,619841000.0,214182000.0,258514000.0,73092000.0,71940000.0,553532000.0,280568000.0,6.332574123989218,2.8939920254736626,0.1444608733496158,0.22393945649606173,0.0036326655168654057,6.332574123989218,0.00406915001159878,3.068852531726275,72.3760460251046,1.178035954090113,0.0,1.3356454878782904,0.0,0.2476293638993343,2.4427869755628393,0.002624963790052321,11.536002334160015,0.4587544560932744,-0.9730421052631578,-0.8609839378147973,0.042137471400375694,4.525611295236854,-0.38292541053290974,-0.9729615069151795,-0.7221167623969725,1.2996691694849933,1.5116448041416073,2.3125393838584336,Semiconductor Equipment & Materials,Technology,KLIC
2011Q3,2011,Q3,2011-08-10,2011-07-02,70714000.0,294438000.0,81653000.0,0.95,134094000.0,0.4554235526664357,772210000.0,465328000.0,659230000.0,265236000.0,306882000.0,86290000.0,70028000.0,823790590.0,597992590.0,6.445075416557016,2.4854469227405027,0.13400888359384105,0.22238721933775746,0.12733338178021036,6.445075416557016,0.15196592511088952,2.797840598020636,2.912402742031281,1.7703439079530998,0.0,1.8581990960713872,0.0,0.38129265355279,2.0771840926571055,0.09157353569624843,16.98712423961233,0.4554235526664357,0.7592592592592591,2.76349921443886,0.3615415527188097,4.649635427257116,0.3550734157260224,0.7729472232668924,0.8706728676487434,30.174751232262796,0.21194850260139192,2.251267523300952,Semiconductor Equipment & Materials,Technology,KLIC
2011Q2,2011,Q2,2011-05-10,2011-04-02,39885000.0,206729000.0,43649000.0,0.54,98957000.0,0.4786798175389036,666815000.0,387777000.0,546071000.0,142772000.0,279038000.0,82939000.0,-686000.0,655765040.0,481838040.0,5.422544468061305,3.824776566833833,0.15258954882538636,0.2623904976313706,0.08511343513055661,5.422544468061305,0.10285550716004302,3.17209989890146,4.110348752663908,1.691088022239586,0.0,1.2994128214712017,0.0,0.31002451954440136,3.1199815089793517,0.05981419134242631,8.843882452898892,0.4786798175389036,1.5714285714285718,42.705685126027944,-0.01711544193019965,5.398132987942811,0.37226813845129797,1.641565666600437,0.9780214800380659,5.8539803325171045,-0.12484948042294862,1.6975027618553642,Semiconductor Equipment & Materials,Technology,KLIC
2011Q1,2011,Q1,2011-02-09,2011-01-01,15099000.0,148863000.0,22067000.0,0.21,72112000.0,0.48441855934651323,563831000.0,341916000.0,458000000.0,86252000.0,221915000.0,74661000.0,-40571000.0,510343200.0,412902200.0,4.82380327591315,5.310021796596021,0.17755320299877092,0.2927912118766013,0.037393509236607836,4.82380327591315,0.044159969115221284,3.4282743193406016,8.44995032783628,1.4925981820096166,0.0,1.0279931959121897,0.0,0.26402060191795057,4.227959931363911,0.026779300889805634,23.11232281146687,0.48441855934651323,-0.7334754797441365,-0.5618212312699944,-0.5208159940513445,81.36172141217156,-0.35811436302784305,-0.7306683790870658,-0.6106396118217909,-0.3065490641651271,-0.5055730661171189,1.4663792434676077,Semiconductor Equipment & Materials,Technology,KLIC
2010Q4,2010,Q4,2010-12-09,2010-10-02,56061000.0,259277000.0,56675000.0,0.78792,112344000.0,0.43329720723396214,580169000.0,322480000.0,472690000.0,125130000.0,257689000.0,73893000.0,-55670000.0,446423999.99999994,366786999.99999994,4.5292134831460675,3.7775913050427556,0.1697350254839538,0.3053677747457207,0.1377424615280657,4.5292134831460675,0.173843339121806,1.7218033223155156,1.9907957403542567,1.3843463160506078,0.0,1.988456281379833,0.0,0.4468990931952586,3.013921521617518,0.09662874093583076,27.204387568555756,0.43329720723396214,0.21218461538461528,3.2790009230520005,0.37277314156374713,10.786570648350141,0.13268269075657363,0.1421673491840352,0.1323223847198913,0.6840128137652801,-0.004857093318029189,2.5197899508684234,Semiconductor Equipment & Materials,Technology,KLIC
2010Q3,2010,Q3,2010-08-05,2010-07-03,49083000.0,221254000.0,50052000.0,0.65,99184000.0,0.44828116101855786,506478000.0,264006000.0,399221000.0,119417000.0,242472000.0,68833000.0,-111731000.0,491618310.0,425639310.0,3.7644693502160242,3.3430834805764675,0.1912442396313364,0.36688938887752554,0.1418198383858148,3.7644693502160242,0.18591622917660963,2.221963489925606,2.5040151885581565,1.8621482466307584,0.0,1.7734226315865937,0.0,0.4368481947883225,2.6329835785524676,0.09691042848850295,19.046852504746038,0.44828116101855786,1.3214285714285714,1.3560714487589043,0.182715725614513,5.402700790996859,0.46349524877530546,1.3198317421306363,1.1461281193722666,6.158006600070798,0.05625612692476945,2.758876576508593,Semiconductor Equipment & Materials,Technology,KLIC
2010Q2,2010,Q2,2010-05-06,2010-04-03,21158000.0,153838000.0,23322000.0,0.28,67772000.0,0.44054134869148065,472397000.0,210762000.0,364300000.0,139933000.0,261635000.0,57100000.0,-160814000.0,513074100.0,473244100.0,3.019253359310088,2.6033887646230696,0.3053596868735407,0.6844260350537573,0.06523703655203783,3.019253359310088,0.1003881155046925,3.33515841339591,6.062412562624066,2.4343766902952146,0.0,1.5072854640980735,0.0,0.325654057921621,2.0873989695068356,0.044788599419556006,107.47258064516129,0.44054134869148065,0.33333333333333354,3.0339466322854687,-0.09053273945079027,1.6814315240677582,0.20220673017224558,0.3357323232323232,0.2966751918158568,8.882716433291792,-0.1108481140184807,0.9714079313837373,Semiconductor Equipment & Materials,Technology,KLIC
2010Q1,2010,Q1,2010-02-05,2010-01-02,15840000.0,128415000.0,17986000.0,0.21,56373000.0,0.43899077210606235,440232000.0,187398000.0,324841000.0,133030000.0,252834000.0,49784000.0,-181972000.0,375596760.0,343086760.0,2.6892543482004476,2.4418627377283317,0.3241404532155772,0.761464903574211,0.053942471106802586,2.6892543482004476,0.08452598213428104,2.9248667211774326,5.927979166666667,2.0042730445362276,0.0,1.4470914349991966,0.0,0.2916984680804667,1.95126663158686,0.03598102818513874,11.545100667015031,0.43899077210606235,1.9440628066732086,2.6196325999888357,-0.18827625541250317,1.1597072890085633,0.19431791699328405,1.435798862063663,1.2370646766169153,2.1213029417259244,-0.3066984519517857,0.7513605806111568,Semiconductor Equipment & Materials,Technology,KLIC
2009Q4,2009,Q4,2009-12-16,2009-10-03,6503000.0,110516000.0,8040000.0,0.07133,47201000.0,0.4270965290093742,413076000.0,153461000.0,295461000.0,123060000.0,259615000.0,41489000.0,-185479000.0,382746000.0,397150000.0,2.1891726105563483,2.4009507557289127,0.3848299102344363,1.0358592736916872,0.02475679877456304,2.1891726105563483,0.042375587282762396,3.463263237902204,14.714208826695371,2.49409296172969,0.0,1.5260671503290029,0.0,0.2675439870629134,1.953022915650902,0.015742865719625444,-33.44804684086341,0.4270965290093742,1.3101304347826086,0.8547925059667302,-0.288356053903307,1.1754535342144554,1.3997661294422696,1.4692596334247365,1.5551719375776827,-0.49953151380152,-0.32412039159920536,0.9102053394509786,Semiconductor Equipment & Materials,Technology,KLIC
2009Q3,2009,Q3,2009-07-31,2009-06-27,-13858000.0,52076000.0,-14482000.0,-0.23,19669000.0,0.37769797987556647,343962000.0,107056000.0,221600000.0,51957000.0,236906000.0,42103000.0,-191982000.0,243655600.0,287932600.0,1.7487095720352825,4.265065342494755,0.46215570324628885,1.4848677327753699,-0.05024795592880071,1.7487095720352825,-0.12944627111044688,4.678846301559259,-4.395576562274498,2.275963981467643,0.0,0.7697076217846709,0.0,0.15140044539803815,3.2247050445560754,-0.04028933428692705,-18.822371572035536,0.37769797987556647,0.5740740740740742,-1.5077294820146663,-0.7776555352897749,0.4156472113896904,1.444872591671846,0.5818724919289141,0.594999720342301,-1.869810887836256,-0.7160038082474162,0.5328868805435741,Semiconductor Equipment & Materials,Technology,KLIC
2009Q2,2009,Q2,2009-05-07,2009-03-28,-33143000.0,25232000.0,-35758000.0,-0.54,8045000.0,0.3188411540900444,350444000.0,119241000.0,225045000.0,45929000.0,231203000.0,48303000.0,-178124000.0,156298240.0,187655240.0,1.9530415697579193,4.899845413573123,0.4536074237253313,1.333132060281279,-0.12746960955193376,1.9530415697579193,-0.2779496985097408,6.194445149017121,-1.1789687113417615,1.3107759914794408,0.0,0.3558164089187007,0.0,0.0720000913127347,3.52676957913301,-0.09457431144490988,-4.7082037533512064,0.3188411540900444,-8.714285714285715,-1.943015693007419,-0.9057285235891415,1.6171615832935187,-0.42238655944859277,-8.391391614629795,-0.1415528029625846,-39.59217127854121,-0.8594866506257531,1.3044199578061406,Semiconductor Equipment & Materials,Technology,KLIC
2009Q1,2009,Q1,2009-02-04,2008-12-27,4484000.0,37416000.0,-31324000.0,0.07,13928000.0,0.3722471669873851,420039000.0,151698000.0,287289000.0,66948000.0,268341000.0,52048000.0,-144981000.0,91885520.0,90839520.0,2.5094373955765827,4.291226026169564,0.4094857858436955,1.133831691914198,-0.05860118548591307,2.5094373955765827,0.029558728526414325,2.4557814838571734,5.122966101694915,0.6057134570000923,0.0,0.45127574546572397,0.0,0.08907744280888204,3.2215749536954053,0.01067519920769262,-76.57126666666667,0.3722471669873851,1.815660685154976,4.003836468214368,-0.8055461644212049,20.878126165725806,3.9636493228795437,1.972879149490128,-0.056173713669161775,-0.84742088343473,-0.858779010447199,42.80574898059784,Semiconductor Equipment & Materials,Technology,KLIC
2008Q4,2008,Q4,2008-12-11,2008-09-27,-4609000.0,-254659000.0,-29658000.0,-0.08582,2806000.0,0.011018656320805469,497137000.0,102467000.0,418765000.0,159675000.0,394670000.0,27236000.0,-149465000.0,258352000.00000003,360832000.0,1.9116977611940298,2.62260842335995,0.4976736794887526,2.414552978031952,-0.08047447578712655,1.9116977611940298,-0.04498033513228649,-1.0145017454713952,-14.013451941852898,2.521319058818937,0.0,-9.453113526215303,0.0,-0.5122511500853889,1.300917488648818,-0.009271086239809148,22.573350808213196,-0.011018656320805469,-1.8606666666666665,0.8485632665806959,-2.83739558132117,984.4112171103245,-0.9236233974795177,-1.5648302726766834,-15.476666666666667,-1.4673082539453568,-2.7910553771089814,5.130731586805797,Semiconductor Equipment & Materials,Technology,KLIC
2008Q3,2008,Q3,2008-08-06,2008-06-28,-1797000.0,180119000.0,-1800000.0,-0.03,36739000.0,0.20397070825398764,500479000.0,106110000.0,420191000.0,156249000.0,394369000.0,71326000.0,-144856000.0,378978240.0,462194240.0,1.982327006426543,2.689239611133511,0.4943504123050118,2.3316558288568467,-0.005439740034443682,1.982327006426543,-0.016935255866553575,2.1040436600247614,-52.723739565943234,3.571560079163133,0.0,2.010206656759106,0.0,0.35989322229304327,2.0409346619818365,-0.003590560243286931,33.52306413091552,0.20397070825398764,0.7272727272727273,0.8528272472757732,0.3111190714612911,2.873738006118637,0.03466824377605047,0.7070427127486143,0.8307952622673435,0.9829201857192732,0.2614724849642845,3.318412468601383,Semiconductor Equipment & Materials,Technology,KLIC
2008Q2,2008,Q2,2008-05-06,2008-03-29,-6134000.0,176340000.0,-10638000.0,-0.11,35508000.0,0.2013610071452875,501112000.0,107313000.0,419820000.0,156342000.0,393799000.0,71168000.0,-143059000.0,250904800.0,346569800.0,2.010209051401169,2.685266914840542,0.4937259534794617,2.3055175048689347,-0.017804409019795724,2.010209051401169,-0.057159896750626674,1.422846773278893,-10.225986305836322,2.338065285659706,0.0,1.97886690647482,0.0,0.35189738022637657,2.0418249734556295,-0.01224077651303501,7.608247922857663,0.2013610071452875,-1.4074074074074074,0.7043938649398099,0.30172263611396427,1.878961850690809,-0.3955056179775281,-1.3748930448600416,-1.6091387998167659,0.22893613051180164,0.3631885265105837,0.7852883739525358,Semiconductor Equipment & Materials,Technology,KLIC
2008Q1,2008,Q1,2008-02-05,2007-12-29,16362000.0,226250000.0,17464000.0,0.27,58740000.0,0.2596243093922652,505848000.0,104175000.0,426934000.0,165943000.0,401673000.0,65192000.0,-136925000.0,364325760.0,490742760.0,1.9558238209672574,2.5727749890022475,0.489103446094479,2.3749652027837773,0.04433647334119388,1.9558238209672574,0.15706263498920087,1.6102796022099448,5.5666446644664465,3.497247516198704,0.0,2.569487053626212,0.0,0.44726874476127215,2.038338465617712,0.03234568486976325,-13.169194288812578,0.2596243093922652,-0.4234711308507004,1.8615151140833126,0.8884726660538054,0.8403074887190297,-0.1328737396849766,-0.45912531817130015,-0.4175948776095511,3.1887543136490453,0.8710283852282698,0.5706981992930936,Semiconductor Equipment & Materials,Technology,KLIC
2007Q4,2007,Q4,2007-12-11,2007-09-29,30251000.0,236757000.0,29986000.0,0.46832,67741000.0,0.2861203681411743,512600000.0,83255000.0,434209000.0,142450000.0,429345000.0,68955000.0,-154094000.0,548656000.0,649497000.0,1.2867851622874806,3.048150228150228,0.490464299648849,3.0197825956399016,0.07986783888182872,1.2867851622874806,0.36335355233919886,2.317380267531689,4.534197216620939,6.590066662662903,0.0,2.451105793633529,0.0,0.4618747561451424,2.438904878904879,0.059014826375341396,20.986726848487166,0.2861203681411743,4.854,1.1184449794355926,0.47965655579886585,-0.08302890790932964,0.5829925455097796,4.480253623188406,5.02612540192926,8.34835188341267,0.6517874688479207,0.2787211550036738,Semiconductor Equipment & Materials,Technology,KLIC
2007Q3,2007,Q3,2007-08-07,2007-06-30,5520000.0,168625000.0,4976000.0,0.08,42793000.0,0.2537761304670126,500770000.0,56540000.0,424716000.0,102951000.0,444230000.0,69737000.0,-184345000.0,591094320.0,720746320.0,1.001487884370129,4.125418888597488,0.6090620444515447,5.3944110364343825,0.012473102642777314,1.001487884370129,0.09762999646268129,3.5053777316530765,26.770576086956524,10.454444994694024,0.0,1.8043793108392963,0.0,0.3367314335922679,3.2355198103952367,0.011023024542205004,245.87950083194676,0.2537761304670126,3.0,1.2660867619505716,0.11118325948168405,-0.8148113341876811,0.35074650421388215,3.4932249322493223,2.806170598911071,-0.780692177100265,-0.21928254855050996,-0.18925729382321432,Semiconductor Equipment & Materials,Technology,KLIC
2007Q2,2007,Q2,2007-05-08,2007-03-31,-2214000.0,142714000.0,-2755000.0,-0.04,31681000.0,0.2219894334122791,412173000.0,88185000.0,338126000.0,92134000.0,323988000.0,63733000.0,-189865000.0,532615000.0,623085000.0,1.5315213615838832,3.669937265287516,0.4731023138342395,2.21126041843851,-0.01164279486860132,1.5315213615838832,-0.025106310597040313,3.732044508597615,-60.141711833785,6.039745988546805,0.0,1.742158693298605,0.0,0.3462478134181521,2.798250374454599,-0.005371530886302597,-45.20965962142433,0.2219894334122791,-1.6666666666666667,0.9566212957159443,0.1390867274369286,-0.7320840863826604,-0.18177122343035718,-1.5305535585909418,-1.6499174333569238,-1.0667954963730102,-0.4346236037136205,1.0523059691082484,Semiconductor Equipment & Materials,Technology,KLIC
2007Q1,2007,Q1,2007-02-08,2006-12-30,4173000.0,152308000.0,4239000.0,0.06,38719000.0,0.2542151429997111,410084000.0,87987000.0,335846000.0,90311000.0,322097000.0,58282000.0,-187651000.0,,,,,,,,,,,,,,,,,,,,,,,,,,,,,,,Semiconductor Equipment & Materials,Technology,KLIC
