Quarters,Year,Quarter,FillingDate,Date,NetIncome,Revenue,OperatingIncome,EPSDiluted,GrossProfit,GrossProfitRatio,TotalAssets,CommonStockEquity,CurrentAssets,CurrentLiability,TotalLiability,Inventory,RetainedEarnings,MarketCap,EnterpriseValue,bookValuePerShare,currentRatio,debtToAssets,debtToEquity,roic,shareholdersEquityPerShare,roe,priceToSalesRatio,peRatio,pbRatio,payoutRatio,inventoryTurnover,dividendYield,assetTurnover,quickRatio,returnOnAssets,priceToFreeCashFlowsRatio,grossProfitMargin,epsdilutedGrowth,fiveYNetIncomeGrowthPerShare,fiveYRevenueGrowthPerShare,fiveYShareholdersEquityGrowthPerShare,grossProfitGrowth,netIncomeGrowth,operatingIncomeGrowth,threeYNetIncomeGrowthPerShare,threeYRevenueGrowthPerShare,threeYShareholdersEquityGrowthPerShare,Industry,Sector,Symbol
2023Q2,2023,Q2,2023-05-03,2023-03-31,91000000.0,603000000.0,83000000.0,1.67,197000000.0,0.3266998342,6183000000.0,3267000000.0,1631000000.0,472000000.0,2916000000.0,730000000.0,3734000000.0,5574234700.7699995,6631234700.7699995,60.1972446466325,3.455508474576271,0.23548439268963287,0.44566880930517294,0.017297894848915255,60.1972446466325,0.02785430058157331,9.244170316368159,15.313831595521979,1.7062242732690542,0.1978021978021978,0.5561643835616439,0.003229142826998935,0.0975254730713246,1.6822033898305084,0.014717774543102054,696.7793375962499,0.32669983416252074,1.2876712328767124,0.44706007169723,-0.2813351840598374,0.08015562880599475,0.19393939393939394,1.275,1.2432432432432432,1.174174902347694,0.10117069499754704,0.22000904125020296,Specialty Chemicals,Basic Materials,ASH
2023Q1,2023,Q1,2023-02-01,2022-12-31,40000000.0,525000000.0,37000000.0,0.73,165000000.0,0.3142857143,6259000000.0,3318000000.0,1724000000.0,464000000.0,2941000000.0,724000000.0,3675000000.0,5835823750.11,6732823750.11,61.13696288262217,3.7155172413793105,0.2283112318261703,0.4306811332127788,0.006395061728395062,61.13696288262217,0.012055455093429777,11.115854762114285,36.473898438187504,1.7588377788155516,0.45,0.4972375690607735,0.003084397468251284,0.08387921393193801,1.9030172413793103,0.006390797251957182,-67.85841569895348,0.3142857142857143,-0.29807692307692313,12.466186164779003,-0.2850655894882451,0.11929407751505543,-0.21052631578947367,-0.2982456140350877,-0.5316455696202531,0.3876385031821531,0.09344872671013936,0.01609590147495369,Specialty Chemicals,Basic Materials,ASH
2022Q4,2022,Q4,2022-11-21,2022-09-30,57000000.0,631000000.0,79000000.0,1.04,209000000.0,0.3312202853,6213000000.0,3220000000.0,1768000000.0,553000000.0,2993000000.0,629000000.0,3653000000.0,5128380000.0,5865380000.0,59.629629629629626,3.1971066907775767,0.2225977788507967,0.4295031055900621,0.01647686981187169,59.629629629629626,0.017701863354037266,8.127385103011093,22.492894736842103,1.592664596273292,0.3157894736842105,0.670906200317965,0.003509880313081324,0.10156124255593112,1.895117540687161,0.009174311926605505,176.8406896551724,0.3312202852614897,0.1182795698924731,2.148148148148148,-0.17672558922558923,0.08544833735673421,-0.12916666666666668,0.11764705882352941,0.025974025974025976,-0.845904298459043,0.15124977193942707,0.0018980055384423494,Specialty Chemicals,Basic Materials,ASH
2022Q3,2022,Q3,2022-07-28,2022-06-30,51000000.0,644000000.0,77000000.0,0.93,240000000.0,0.3726708075,6412000000.0,3266000000.0,1817000000.0,550000000.0,3146000000.0,609000000.0,3614000000.0,5579064757.8,6370064757.8,60.32575612775584,3.3036363636363637,0.2214597629444791,0.43478260869565216,0.015720073016076346,60.32575612775584,0.015615431720759338,8.663144033850932,27.348356655882352,1.7082255841396203,0.35294117647058826,0.6633825944170771,0.0032263472071792127,0.10043668122270742,2.0309090909090908,0.007953836556456644,-20.28750821018182,0.37267080745341613,0.3880597014925373,2.7813265391636603,-0.1467939686656275,0.10752188785618018,0.09090909090909091,0.34210526315789475,-0.17204301075268819,-0.13616846425643378,0.1231316140602779,0.13492701468753726,Specialty Chemicals,Basic Materials,ASH
2022Q2,2022,Q2,2022-04-28,2022-03-31,38000000.0,604000000.0,93000000.0,0.67,220000000.0,0.3642384106,6780000000.0,3381000000.0,2025000000.0,810000000.0,3399000000.0,573000000.0,0.0,5366722628.0199995,5861722628.0199995,61.99765351442345,2.5,0.21519174041297934,0.43152913339248744,0.012277057119234056,61.99765351442345,0.011239278320023662,8.885302364271523,35.30738571065789,1.587318139018042,0.4473684210526316,0.6701570680628273,0.003167668832229547,0.08908554572271386,1.6925925925925926,0.005604719764011799,-76.66746611457143,0.36423841059602646,0.21818181818181814,-0.5287683447116669,-0.4779625075545836,0.16887997480659145,0.36645962732919257,0.1875,0.7547169811320755,-0.4223821101140672,0.046120556195212506,0.1617644769210818,Specialty Chemicals,Basic Materials,ASH
2022Q1,2022,Q1,2022-02-03,2021-12-31,32000000.0,512000000.0,53000000.0,0.55,161000000.0,0.314453125,6549000000.0,2763000000.0,1734000000.0,908000000.0,3786000000.0,530000000.0,2861000000.0,6128412755.22,8029412755.22,48.538600757044065,1.9096916299559472,0.31989616735379445,0.7582338038364097,0.009196997961042905,48.538600757044065,0.01158161418747738,11.969556162539064,47.87822465015625,2.2180285035179153,0.53125,0.6622641509433962,0.0027739645939350126,0.07817987479004428,0.5881057268722467,0.004886242174377767,-680.93475058,0.314453125,-0.23611111111111102,35.97554221947398,-0.5309231554806507,-0.048844260310958454,0.5480769230769231,-0.2727272727272727,6.571428571428571,1.7333608590356762,-0.022185521285765283,-0.08035882593846914,Specialty Chemicals,Basic Materials,ASH
2021Q4,2021,Q4,2021-11-22,2021-09-30,44000000.0,325000000.0,7000000.0,0.72,104000000.0,0.32,6612000000.0,2752000000.0,1717000000.0,934000000.0,3860000000.0,473000000.0,2796000000.0,5079840000.0,6972840000.0,48.280701754385966,1.8383297644539613,0.3180580762250454,0.764171511627907,0.0007229471944788704,48.280701754385966,0.015988372093023256,15.630276923076924,28.862727272727277,1.845872093023256,0.4090909090909091,0.46723044397463004,0.003543418690352452,0.04915305505142166,0.619914346895075,0.006654567453115548,38.19428571428571,0.32,-0.44186046511627913,1.1734045258072718,-0.7167397660818713,-0.10564579959010163,-0.47474747474747475,-0.45,-0.8870967741935484,3.785964912280702,-0.6302209498642002,-0.12113813600354381,Specialty Chemicals,Basic Materials,ASH
2021Q3,2021,Q3,2021-07-29,2021-06-30,80000000.0,637000000.0,62000000.0,1.29,198000000.0,0.3108320251177394,6766000000.0,3202000000.0,1235000000.0,602000000.0,3564000000.0,517000000.0,0.0,5314168300.0,6873168300.0,52.72226700084,2.0514950166112955,0.2691398167307124,0.5687070580886946,0.016576775918499053,52.72226700084,0.024984384759525295,8.342493406593407,16.6067759375,1.6596403185509057,0.2375,0.8491295938104448,0.0035753478112463995,0.094147206621342,1.0730897009966778,0.01182382500738989,26.5708415,0.3108320251177394,0.9545454545454545,0.15213097966382894,-0.4950830637862791,0.1975482862963342,0.03664921465968586,0.9512195121951219,-0.1267605633802817,1.2841628910732423,-0.32568970882992276,-0.03170040901811271,Specialty Chemicals,Basic Materials,ASH
2021Q2,2021,Q2,2021-04-29,2021-03-31,41000000.0,598000000.0,71000000.0,0.66,191000000.0,0.3193979933110368,6664000000.0,3114000000.0,1418000000.0,569000000.0,3550000000.0,512000000.0,0.0,5414970000.0,6842970000.0,51.049180327868854,2.492091388400703,0.2702581032412965,0.5783558124598587,0.014039944631204272,51.049180327868854,0.013166345536287732,9.055133779264214,33.01810975609756,1.7389113680154142,0.3902439024390244,0.794921875,0.0029547716792521477,0.0897358943577431,1.4411247803163445,0.006152460984393758,90.2495,0.3193979933110368,-0.2747252747252747,-0.5205408701714717,-0.5121102218307544,0.1634774104501425,0.07303370786516854,-0.26785714285714285,0.7317073170731707,-0.41994161239613753,-0.36590702528023694,-0.08399363125726633,Specialty Chemicals,Basic Materials,ASH
2021Q1,2021,Q1,2021-02-04,2020-12-31,56000000.0,552000000.0,41000000.0,0.91,178000000.0,0.322463768115942,6742000000.0,3122000000.0,1381000000.0,585000000.0,3620000000.0,537000000.0,0.0,4804857129.6,6186857129.6,51.46092658546631,2.3606837606837607,0.25467220409374075,0.5499679692504804,0.008223024468511832,51.46092658546631,0.017937219730941704,8.704451321739132,21.450255042857144,1.5390317519538759,0.30357142857142855,0.6964618249534451,0.00353808646989161,0.08187481459507565,1.2717948717948717,0.00830614061109463,77.49769563870969,0.322463768115942,12.0,-0.34425995585316355,-0.5053556551890771,0.2774315524324954,0.10559006211180125,10.2,1.7333333333333334,15.360324331088725,-0.32754504319978156,-0.05785456727484991,Specialty Chemicals,Basic Materials,ASH
2020Q4,2020,Q4,2020-11-23,2020-09-30,5000000.0,609000000.0,15000000.0,0.07,161000000.0,0.26436781609195403,6877000000.0,3036000000.0,1547000000.0,813000000.0,3841000000.0,529000000.0,2649000000.0,4326120000.0,5748120000.0,49.77049180327869,1.9028290282902829,0.2727933692016868,0.6179183135704874,0.0,49.77049180327869,0.0016469038208168643,7.103645320197044,216.306,1.4249407114624506,3.2,0.8468809073724007,0.003698464212735662,0.08855605641995055,1.137761377613776,0.0007270612185546024,41.597307692307695,0.26436781609195403,-0.8852459016393444,1.1017000607164542,-0.47742059426229505,0.09799899598935534,-0.17857142857142858,-0.8648648648648649,-0.6875,1.089157319528329,-0.2966095380029806,-0.09401923317578434,Specialty Chemicals,Basic Materials,ASH
2020Q3,2020,Q3,2020-07-30,2020-06-30,37000000.0,574000000.0,48000000.0,0.61,196000000.0,0.34146341463414637,6986000000.0,3013000000.0,1670000000.0,937000000.0,3973000000.0,617000000.0,0.0,4178511480.8999996,5778511480.9,49.82594901358429,1.7822838847385272,0.28857715430861725,0.6691005642217059,0.007475797106866518,49.82594901358429,0.01228011948224361,7.279636726306619,28.233185681756755,1.38682757414537,0.4594594594594595,0.6126418152350082,0.004068434435972499,0.08216432865731463,0.9295624332977588,0.0052963068995133126,44.93023097741935,0.34146341463414637,1.0633645758780408,-0.6132963697557496,-0.5304263911437284,0.06392587458566902,-0.005076142131979695,1.063573883161512,1.1025641025641026,2.157030853853366,-0.3191525805004519,-0.0852443026344291,Specialty Chemicals,Basic Materials,ASH
2020Q2,2020,Q2,2020-05-06,2020-03-31,-582000000.0,610000000.0,-468000000.0,-9.62683,197000000.0,0.32295081967213113,6968000000.0,2983000000.0,1645000000.0,972000000.0,3985000000.0,611000000.0,0.0,3027033872.73,4703033872.73,49.34163814470214,1.6923868312757202,0.2911882893226177,0.6801877304726786,-0.08904374758033294,49.34163814470214,-0.19510559839088165,4.962350611032787,-1.3002722821005153,1.0147616066811933,-0.029209621993127148,0.6759410801963993,0.005616058727703684,0.08754305396096441,0.8755144032921811,-0.08352468427095293,-58.21218986019231,0.32295081967213113,-19.12474230103757,-3.9042210363975625,-0.4949309374909471,0.10444690087211678,0.2875816993464052,-19.1875,-28.529411764705884,-7.510346049170934,-0.5244186448512538,-0.06973168366641955,Specialty Chemicals,Basic Materials,ASH
2020Q1,2020,Q1,2020-01-29,2019-12-31,32000000.0,533000000.0,17000000.0,0.531143,153000000.0,0.2870544090056285,7326000000.0,3625000000.0,1344000000.0,688000000.0,3701000000.0,633000000.0,0.0,4610739261.75,6158739261.75,60.168496688035475,1.9534883720930232,0.23273273273273273,0.4703448275862069,0.010514826268873931,60.168496688035475,0.008827586206896552,8.650542704971857,36.021400482421875,1.2719280722068966,0.5,0.6003159557661928,0.003470159358767822,0.07275457275457275,0.8691860465116279,0.004368004368004368,-57.634240771875,0.2870544090056285,-0.9208430700447093,0.14966886164108947,-0.5594726791842555,0.25339838299216527,-0.2714285714285714,-0.9221411192214112,-0.8023255813953488,34.04602584589644,-0.5386229103137362,0.179053579639514,Specialty Chemicals,Basic Materials,ASH
2019Q4,2019,Q4,2019-11-25,2019-09-30,411000000.0,609000000.0,86000000.0,6.71,210000000.0,0.3448275862068966,7251000000.0,3571000000.0,1433000000.0,757000000.0,3680000000.0,597000000.0,3224000000.0,4623000000.0,6058000000.0,59.516666666666666,1.892998678996037,0.22989932423114054,0.46681601792215066,0.009046917736166631,59.516666666666666,0.11509381125735088,7.5911330049261085,2.812043795620438,1.294595351442173,0.038929440389294405,0.6683417085427136,0.0034609560891196195,0.08398841539098055,0.9418758256274768,0.05668183698800165,47.65979381443299,0.3448275862068966,5.39047619047619,6.0514705882352935,-0.5380364109232769,0.16275932644897204,0.014492753623188406,5.2272727272727275,1.0,2.538768115942029,-0.4957532051282051,0.10248979185340103,Specialty Chemicals,Basic Materials,ASH
2019Q3,2019,Q3,2019-07-31,2019-06-30,66000000.0,641000000.0,43000000.0,1.05,207000000.0,0.32293291731669266,7925000000.0,3217000000.0,2037000000.0,1007000000.0,4708000000.0,595000000.0,2830000000.0,4833319742.46,7308319742.46,53.153863946365256,2.022840119165839,0.3289589905362776,0.8103823437985701,0.007718843656343656,53.153863946365256,0.020516008703761267,7.540280409453978,18.308029327499998,1.5024307561268262,0.25757575757575757,0.7294117647058823,0.003517251269486169,0.08088328075709779,0.634558093346574,0.00832807570977918,50.87704992063158,0.32293291731669266,-0.11764705882352934,-0.1408141357752584,-0.4852914589083558,-0.08456582295948552,0.045454545454545456,-0.13157894736842105,-0.022727272727272728,-0.046179100847895165,-0.49014161450186233,0.20735169976632534,Specialty Chemicals,Basic Materials,ASH
2019Q2,2019,Q2,2019-05-01,2019-03-31,76000000.0,667000000.0,44000000.0,1.19,198000000.0,0.29685157421289354,7998000000.0,3362000000.0,2087000000.0,920000000.0,4636000000.0,599000000.0,2780000000.0,4951170000.0,7323170000.0,53.36507936507937,2.268478260869565,0.3170792698174544,0.7543129089827484,0.007297978681056216,53.36507936507937,0.022605591909577633,7.42304347826087,16.286743421052634,1.4726859012492564,0.19736842105263158,0.7829716193656093,0.0030295869461157664,0.08339584896224056,0.7456521739130435,0.009502375593898474,-990.234,0.29685157421289354,2.5524162249672884,3.1366518268398265,-0.46596441991061804,-0.08997284509742622,0.3026315789473684,2.5833333333333335,7.285714285714286,-0.13946088815909508,-0.47309095385751204,0.21625977046791311,Specialty Chemicals,Basic Materials,ASH
2019Q1,2019,Q1,2019-02-06,2018-12-31,-48000000.0,576000000.0,-7000000.0,-0.766547,152000000.0,0.2638888888888889,7943000000.0,3305000000.0,1991000000.0,906000000.0,4638000000.0,619000000.0,0.0,4443408334.24,6798408334.24,52.77993431141924,2.19757174392936,0.3152461286667506,0.7576399394856278,-0.0018203594568955727,52.77993431141924,-0.014523449319213313,7.714250580277778,-23.14275174083333,1.3444503280605142,-0.3333333333333333,0.6849757673667205,0.0036008394449610357,0.07251668135465189,0.6589403973509934,-0.0060430567795543245,-44.4340833424,0.2638888888888889,-6.280667672446455,-1.5421960495045963,-0.6168636052751246,-0.11970626206950698,-0.45907473309608543,-5.8,-1.2592592592592593,-1.544549789561165,-0.4999319215379843,0.31017371622226225,Specialty Chemicals,Basic Materials,ASH
2018Q4,2018,Q4,2018-11-19,2018-09-30,10000000.0,956000000.0,27000000.0,0.145161,281000000.0,0.2939330543933054,8252000000.0,3406000000.0,1712000000.0,1075000000.0,4846000000.0,663000000.0,2750000000.0,5221020000.0,7456020000.0,54.935483870967744,1.5925581395348838,0.3064711585070286,0.7425132119788609,0.005054759898904802,54.935483870967744,0.002935995302407516,5.461317991631799,130.5255,1.5328890193775688,1.6,1.0180995475113122,0.0030645352823777732,0.11585070285991275,0.9069767441860465,0.0012118274357731458,43.874117647058824,0.2939330543933054,-0.7407839285714286,-0.9693349263241736,-0.3787073141911851,-0.07093515087535329,-0.03103448275862069,-0.7222222222222222,-0.5909090909090909,1.2001194743130226,-0.19289314516129022,0.21194514960646657,Specialty Chemicals,Basic Materials,ASH
2018Q3,2018,Q3,2018-08-01,2018-06-30,36000000.0,971000000.0,66000000.0,0.56,290000000.0,0.29866117404737386,8224000000.0,3399000000.0,1672000000.0,742000000.0,4825000000.0,656000000.0,0.0,4880479612.38,7230479612.38,54.44830039366009,2.253369272237197,0.30787937743190663,0.7449249779346867,0.012922805815262619,54.44830039366009,0.01059135039717564,5.026240589474768,33.89221953041667,1.4358574911385702,0.4444444444444444,1.038109756097561,0.0032783663227306235,0.11806906614785992,1.1752021563342319,0.004377431906614786,63.38285210883117,0.29866117404737386,-0.5130434782608695,-0.6402374244159071,-0.41561635704188776,0.027562896823623034,0.05454545454545454,-0.5068493150684932,-0.30526315789473685,-0.6355350733877816,-0.2305370137318205,0.16262623718887087,Specialty Chemicals,Basic Materials,ASH
2018Q2,2018,Q2,2018-05-02,2018-03-31,73000000.0,974000000.0,95000000.0,1.15,275000000.0,0.28234086242299794,8441000000.0,3511000000.0,1713000000.0,712000000.0,4930000000.0,649000000.0,0.0,4396770000.0,6809770000.0,55.73015873015873,2.4058988764044944,0.3125222130079374,0.7513528909142695,0.01521907457346541,55.73015873015873,0.02079179720877243,4.514137577002053,15.057431506849316,1.2522842495015667,0.1917808219178082,1.0770416024653313,0.0031841556415277573,0.11538917189906409,1.3230337078651686,0.008648264423646487,-219.8385,0.28234086242299794,17.428571428571427,0.7276750838574426,-0.3810908718901272,0.05941443094646234,0.20087336244541484,19.25,1.435897435897436,-0.650434404691043,-0.22611036710170485,0.24744543166821759,Specialty Chemicals,Basic Materials,ASH
2018Q1,2018,Q1,2018-01-30,2017-12-31,-4000000.0,842000000.0,39000000.0,-0.07,229000000.0,0.27197149643705465,8655000000.0,3399000000.0,1964000000.0,1003000000.0,5256000000.0,674000000.0,0.0,4430691414.400001,6768691414.400001,54.621000960134026,1.9581256231306081,0.3395725014442519,0.8646660782583113,-0.006153360681603029,54.621000960134026,-0.0011768167107972932,5.262103817577198,-276.9182134,1.303527924213004,-3.5,0.9094955489614244,0.003159777716520541,0.09728480647024841,1.1944167497507479,-0.00046216060080878107,-69.22955335,0.27197149643705465,0.9251724241141484,-1.0502646571653995,-0.4282227160701036,0.03900569245089634,-0.02553191489361702,0.9298245614035088,0.14705882352941177,-1.1391329911617145,-0.3262402383426962,0.137835878396795,Specialty Chemicals,Basic Materials,ASH
2017Q4,2017,Q4,2017-11-20,2017-09-30,-57000000.0,880000000.0,34000000.0,-0.935484,235000000.0,0.26704545454545453,8618000000.0,3406000000.0,1903000000.0,968000000.0,5212000000.0,634000000.0,2696000000.0,4054180000.0,6307180000.0,54.935483870967744,1.9659090909090908,0.327106057089812,0.8276570757486787,-0.07100401606425703,54.935483870967744,-0.01673517322372284,4.607022727272727,-17.781491228070177,1.1903053435114503,-0.2631578947368421,1.0173501577287065,0.003699885056904232,0.10211185889997679,1.2169421487603307,-0.0066140635878394055,73.71236363636363,0.26704545454545453,-0.7323777777777777,0.7349305392041441,-0.45489046058306015,0.07716635041113223,0.0,-0.7272727272727273,-0.08108108108108109,-1.9463946869070208,-0.35399974831159026,0.07325812753774553,Specialty Chemicals,Basic Materials,ASH
2017Q3,2017,Q3,2017-08-04,2017-06-30,-33000000.0,870000000.0,37000000.0,-0.54,235000000.0,0.27011494252873564,8506000000.0,3399000000.0,1839000000.0,895000000.0,5107000000.0,631000000.0,0.0,4112936647.56,6433936647.559999,54.46913220336245,2.0547486033519555,0.3307077357159652,0.8275963518681966,0.004764971023824855,54.46913220336245,-0.009708737864077669,4.727513388,-31.158610966363636,1.2100431443248014,-0.42424242424242425,1.006339144215531,0.003403893908335666,0.1022807430049377,1.2681564245810055,-0.0038796143898424643,28.964342588450705,0.27011494252873564,-1.3673469387755102,-1.2750673735500926,-0.48854824475569825,0.026913792804749953,-0.45727482678983833,-1.358695652173913,-0.7823529411764706,-1.4166512024970355,-0.3224550538833254,-0.0619138194165884,Specialty Chemicals,Basic Materials,ASH
2017Q2,2017,Q2,2017-04-26,2017-03-31,92000000.0,1320000000.0,170000000.0,1.47,433000000.0,0.328030303030303,9186000000.0,3300000000.0,2377000000.0,1037000000.0,6043000000.0,687000000.0,0.0,7703078598.54,10021078598.54,53.040222136307776,2.2921890067502413,0.3182016111473982,0.8857575757575757,0.021109374315223584,53.040222136307776,0.027878787878787878,5.835665604954546,20.932278800380438,2.334266241981818,0.2608695652173913,1.2911208151382825,0.003115637428981814,0.14369693011103854,1.5207328833172613,0.010015240583496626,-385.153929927,0.328030303030303,92.45772413364026,0.31851604537001565,-0.19924491378494563,-0.016558468666648143,0.12176165803108809,93.0,0.24087591240875914,3.6190267690845004,0.07016374524009994,-0.0955125894989308,Specialty Chemicals,Basic Materials,ASH
2017Q1,2017,Q1,2017-01-27,2016-12-31,-1000000.0,1193000000.0,137000000.0,-0.016073,386000000.0,0.3235540653813915,9063000000.0,3175000000.0,2334000000.0,1016000000.0,6062000000.0,666000000.0,0.0,6799680957.27,9027680957.27,51.03118104813481,2.297244094488189,0.3235131854794218,0.9234645669291338,0.05608318323235631,51.03118104813481,-0.00031496062992125983,5.69964874875943,-1699.9202393175,2.1416317975653545,-24.0,1.2117117117117118,0.0035295773655880094,0.13163411673838685,1.5374015748031495,-0.00011033873993158998,-158.13211528534885,0.3235540653813915,0.9963961883408072,-1.0206326775975485,-0.2220197684940997,-0.016965846566991287,0.026595744680851064,0.9963768115942029,1.9383561643835616,-1.0113686689440098,-0.201332748649669,-0.14887296276624762,Specialty Chemicals,Basic Materials,ASH
2016Q4,2016,Q4,2016-09-30,2016-09-30,-276000000.0,1248000000.0,-146000000.0,-4.46,376000000.0,0.30128205128205127,9697000000.0,3347000000.0,2866000000.0,1216000000.0,6532000000.0,671000000.0,2704000000.0,7188900000.0,9244900000.0,53.983870967741936,2.356907894736842,0.33453645457357944,0.969226172691963,-0.02802412027676924,53.983870967741936,-0.08246190618464297,5.760336538461538,-6.511684782608697,2.1478637585897817,-0.09057971014492754,1.299552906110283,0.0034775834967797573,0.12869959781375684,1.712171052631579,-0.028462411054965452,51.718705035971226,0.30128205128205127,-4.946902654867257,-2.084838881530117,-0.14614380009086775,0.022308674817646396,-0.13761467889908258,-4.887323943661972,-1.8342857142857143,-1.8463560334528077,-0.18894009216589858,-0.08702875806805858,Specialty Chemicals,Basic Materials,ASH
2016Q3,2016,Q3,2016-06-30,2016-06-30,71000000.0,1290000000.0,175000000.0,1.13,436000000.0,0.33798449612403103,9912000000.0,2734000000.0,2911000000.0,1671000000.0,7178000000.0,677000000.0,0.0,7127313292.03,9999313292.029999,44.025170094722874,1.742070616397367,0.41232849071832123,1.4948792977322605,0.018033608910249466,44.025170094722874,0.02596927578639356,5.525049063589147,25.096173563485912,2.60691780981346,0.3380281690140845,1.2614475627769572,0.0033673277736840333,0.1301452784503632,1.2704967085577499,0.007163034705407587,74.24284679197916,0.33798449612403103,-0.1811594202898551,0.025299950817311827,-0.027776865920673015,-0.24789350514713906,0.02830188679245283,-0.1839080459770115,0.19047619047619047,-0.2867509517139353,-0.21956290990540395,-0.16914520768119845,Specialty Chemicals,Basic Materials,ASH
2016Q2,2016,Q2,2016-03-31,2016-03-31,87000000.0,1247000000.0,147000000.0,1.38,424000000.0,0.3400160384923817,9901000000.0,2723000000.0,2912000000.0,1702000000.0,7178000000.0,726000000.0,0.0,6824196991.12,9765196991.119999,43.876382875468316,1.7109283196239717,0.4117765882234118,1.4972456849063533,0.01843858131487889,43.876382875468316,0.03195005508630187,5.472491572670409,19.60976146873563,2.5061318366213734,0.27586206896551724,1.1336088154269972,0.003516897303994895,0.12594687405312593,1.2168037602820212,0.008786991213008787,54.59357592896,0.3400160384923817,0.022222222222222077,-0.6857280254346324,0.021266174679451,-0.2278781176729618,0.08163265306122448,-0.02247191011235955,-0.026490066225165563,1.0901727824102994,-0.19562584074416206,-0.16592246899794574,Specialty Chemicals,Basic Materials,ASH
2016Q1,2016,Q1,2015-12-31,2015-12-31,89000000.0,1163000000.0,151000000.0,1.35,392000000.0,0.33705932932072225,9673000000.0,2547000000.0,2932000000.0,1594000000.0,7126000000.0,723000000.0,0.0,6493209656.7,9491209656.7,40.28468412845604,1.8393977415307403,0.4173472552465626,1.585001963093836,0.01880206451895395,40.28468412845604,0.03494307027875933,5.583155336801376,18.239352968258427,2.549355970435807,0.2696629213483146,1.066390041493776,0.003696168962484627,0.12023157241807092,1.1856963613550815,0.009200868396567766,2164.4032189,0.33705932932072225,2.644544497719565,0.2788792428950835,0.014594044672271154,-0.1787187111722587,0.2604501607717042,2.6481481481481484,2.495049504950495,0.10076666162008406,-0.22268500024720342,-0.23370104186480656,Specialty Chemicals,Basic Materials,ASH
2015Q4,2015,Q4,2015-09-30,2015-09-30,-54000000.0,1280000000.0,-101000000.0,-0.820896,311000000.0,0.24296875,10064000000.0,3037000000.0,3248000000.0,1448000000.0,7027000000.0,706000000.0,3281000000.0,6741540000.0,9213540000.0,45.32835820895522,2.2430939226519335,0.3705286168521463,1.2278564372736254,-0.006475935038514372,45.32835820895522,-0.017780704642739547,5.266828125,-31.210833333333333,2.219802436615081,-0.48148148148148145,1.3725212464589236,0.003856685564425932,0.1271860095389507,1.531767955801105,-0.005365659777424483,59.136315789473684,0.24296875,-1.5262153846153845,-1.838210567164179,-0.36607018709976574,-0.05791208973277184,-0.2733644859813084,-1.5046728971962617,-1.5153061224489797,0.7676217452881577,-0.26628403921084903,-0.11120866256950544,Specialty Chemicals,Basic Materials,ASH
2015Q3,2015,Q3,2015-06-30,2015-06-30,107000000.0,1367000000.0,196000000.0,1.56,428000000.0,0.3130943672275055,9955000000.0,3167000000.0,3092000000.0,1374000000.0,6788000000.0,700000000.0,0.0,8243422527.3,10828422527.3,46.83216209304836,2.2503639010189227,0.3714716223003516,1.167666561414588,0.02312198024270899,46.83216209304836,0.03378591727186612,6.030301775640088,19.260333007710283,2.602912070508368,0.24299065420560748,1.3414285714285714,0.003154029762989218,0.13731793068809645,1.5451237263464337,0.010748367654445002,-24.82958592560241,0.3130943672275055,-0.5214723926380368,-0.1767932319685578,-0.34101505740798915,-0.013655229440721126,0.007058823529411765,-0.5223214285714286,0.015544041450777202,-0.17698875005428463,-0.25843232841651975,-0.11706702025903927,Specialty Chemicals,Basic Materials,ASH
2015Q2,2015,Q2,2015-03-31,2015-03-31,224000000.0,1350000000.0,193000000.0,3.26,425000000.0,0.3148148148148148,9796000000.0,3019000000.0,2902000000.0,1250000000.0,6777000000.0,714000000.0,0.0,8603138371.07,10877138371.07,44.67542813125733,2.3216,0.32513270722743975,1.05498509440212,0.02462792821835375,44.67542813125733,0.07419675389201723,6.372695089681481,9.601716931997768,2.8496649125770124,0.09821428571428571,1.2955182072829132,0.0025572063415811117,0.13781135157207022,1.5656,0.022866476112699062,23.63499552491758,0.3148148148148148,6.08695652173913,10.60170111126391,-0.3157200785528841,-0.06572298584823084,0.039119804400977995,6.0,0.14201183431952663,1.9556964222636717,-0.24599581064702267,-0.17165370572041025,Specialty Chemicals,Basic Materials,ASH
2015Q1,2015,Q1,2014-12-31,2014-12-31,32000000.0,1391000000.0,169000000.0,0.46,409000000.0,0.29403306973400434,10349000000.0,3325000000.0,3241000000.0,1374000000.0,7024000000.0,746000000.0,0.0,8295134004.96,10314134004.96,48.00428778629721,2.358806404657933,0.31645569620253167,0.9849624060150376,0.023819591261451726,48.00428778629721,0.00962406015037594,5.963432066829619,64.80573441375,2.4947771443488724,0.75,1.3163538873994638,0.002893262482034578,0.1344091216542661,1.6652110625909753,0.0030920861919025992,-107.72901305142857,0.29403306973400434,-0.5053763440860215,-0.5806550470072389,-0.22393936654220248,-0.0018006683847228897,0.3193548387096774,-0.5294117647058824,1.9602272727272727,-0.4069353185878586,-0.1851986515138987,-0.07527410818405922,Specialty Chemicals,Basic Materials,ASH
2014Q4,2014,Q4,2014-09-30,2014-09-30,68000000.0,1538000000.0,-176000000.0,0.93,310000000.0,0.20156046814044212,10951000000.0,3583000000.0,3561000000.0,1687000000.0,7368000000.0,765000000.0,3475000000.0,7287000000.0,9174000000.0,51.18571428571428,2.110847658565501,0.2995160259337047,0.915433993859894,-0.0030726442668929975,51.18571428571428,0.018978509628802678,4.7379713914174255,26.790441176470587,2.0337705833100754,0.35294117647058826,1.6052287581699347,0.0032935364347468094,0.14044379508720664,1.5382335506816835,0.006209478586430463,76.70526315789473,0.20156046814044212,-0.25599999999999995,-0.18462116067588324,-0.18830978463930773,0.11483932453364147,-0.30180180180180183,-0.31313131313131315,-2.230769230769231,1.6731718801517068,-0.06799093637207858,-0.03068085331836244,Specialty Chemicals,Basic Materials,ASH
2014Q3,2014,Q3,2014-06-30,2014-06-30,99000000.0,1605000000.0,143000000.0,1.25,444000000.0,0.2766355140186916,12126000000.0,4529000000.0,3203000000.0,1751000000.0,7597000000.0,781000000.0,0.0,8481720000.0,11226720000.0,58.06410256410256,1.8292404340376927,0.27337951509153885,0.7319496577610952,0.013074395149866847,58.06410256410256,0.021859130050783836,5.284560747663551,21.418484848484848,1.872757783175094,0.26262626262626265,1.4865556978233034,0.0030654159769480716,0.13236021771400297,0.9988577955454027,0.008164275111331025,46.60285714285714,0.2766355140186916,3.192982456140351,0.8023076923076924,-0.2827876590763189,0.11209907797444892,0.17771883289124668,3.25,3.234375,0.13823162334217504,-0.03693823219971384,-0.008058604604941833,Specialty Chemicals,Basic Materials,ASH
2014Q2,2014,Q2,2014-03-31,2014-03-31,-44000000.0,1545000000.0,-64000000.0,-0.57,377000000.0,0.24401294498381876,12188000000.0,4570000000.0,3142000000.0,1754000000.0,7618000000.0,773000000.0,0.0,7752631986.72,10611631986.720001,58.64119447160075,1.7913340935005702,0.274860518542829,0.7330415754923414,-0.00473970473970474,58.64119447160075,-0.00962800875273523,5.017884781048544,-44.049045379090906,1.6964183778380746,-0.6136363636363636,1.5109961190168175,0.00348268820785639,0.12676403019363308,0.93557582668187,-0.0036101083032490976,53.46642749462069,0.24401294498381876,-1.407142857142857,-1.8686122074148714,-0.2643183953644715,0.22224856835839052,-0.2953271028037383,-1.4,-1.3575418994413408,-1.1265734185007406,0.0076377043414829855,0.031948088925846725,Specialty Chemicals,Basic Materials,ASH
2014Q1,2014,Q1,2013-12-31,2013-12-31,110000000.0,1868000000.0,179000000.0,1.4,535000000.0,0.28640256959314775,11983000000.0,4665000000.0,2776000000.0,1545000000.0,7318000000.0,934000000.0,0.0,7550247757.84,10517247757.84,59.95718478641124,1.7967637540453074,0.2722189768839189,0.6992497320471597,0.01765138579680429,59.95718478641124,0.023579849946409433,4.041888521327623,17.15965399509091,1.6184882653461952,0.23636363636363636,1.4271948608137044,0.003443595605588202,0.15588750730201117,1.0731391585760517,0.009179671200867896,-279.63880584592596,0.28640256959314775,-0.7281553398058253,1.817214691923335,-0.15999126839442337,0.14561736868904213,-0.2454160789844852,-0.7283950617283951,-0.7246153846153847,0.2844310157349386,0.3242440585750128,0.2223433064250791,Specialty Chemicals,Basic Materials,ASH
2013Q4,2013,Q4,2013-09-30,2013-09-30,405000000.0,1911000000.0,650000000.0,5.15,709000000.0,0.3710099424385139,12088000000.0,4553000000.0,2873000000.0,1727000000.0,7535000000.0,899000000.0,3758000000.0,7120960000.0,10041960000.0,59.12987012987013,1.6635784597568037,0.27026803441429514,0.7175488688776631,0.05648809857545189,59.12987012987013,0.08895233911706567,3.726300366300366,4.395654320987655,1.5640149352075556,0.06419753086419754,1.3370411568409344,0.0036511930975598795,0.15809066843150232,1.0521134916039374,0.0335043017868961,45.35643312101911,0.3710099424385139,2.3225806451612905,37.17971614935065,-0.22927918444490047,0.2702419601020466,0.22241379310344828,2.2661290322580645,2.0952380952380953,4.47014038961039,-0.17647654774444707,0.22893345327509723,Specialty Chemicals,Basic Materials,ASH
2013Q3,2013,Q3,2013-06-30,2013-06-30,124000000.0,2059000000.0,210000000.0,1.55,580000000.0,0.28169014084507044,12159000000.0,4099000000.0,2976000000.0,1818000000.0,8060000000.0,864000000.0,0.0,6534381689.75,9579381689.75,52.987803045409024,1.636963696369637,0.281437618225183,0.8348377653086119,0.020676283621050926,52.987803045409024,0.03025128080019517,3.173570514691598,13.174156632560482,1.5941404463893631,0.20967741935483872,1.7118055555555556,0.0039789533630678895,0.16933958384735587,1.039053905390539,0.0101982070893988,38.21275841959064,0.28169014084507044,1.3484848484848484,0.4025802952980921,-0.23814056800665553,-0.005886958945572265,0.02112676056338028,1.3396226415094339,0.024390243902439025,-0.1660333379308642,-0.132308838649409,0.11599038142683113,Specialty Chemicals,Basic Materials,ASH
2013Q2,2013,Q2,2013-03-31,2013-03-31,53000000.0,1974000000.0,205000000.0,0.66,568000000.0,0.2877406281661601,12251000000.0,4157000000.0,3045000000.0,1770000000.0,8094000000.0,930000000.0,0.0,5861954699.3,8902954699.3,52.60468151294709,1.7203389830508475,0.28642559791037464,0.8441183545826317,0.021951941310925156,52.60468151294709,0.012749579023334135,2.969581914539007,27.65072971367925,1.410140654149627,0.33962264150943394,1.5118279569892472,0.003070648089817114,0.16112970369765733,1.0836158192090395,0.00432617745490164,76.12928180909091,0.2877406281661601,-0.47619047619047616,-0.41167759057791703,-0.23376352867446362,0.008009997422073237,0.05772811918063315,-0.4752475247524752,0.16477272727272727,1.347406403813251,-0.14437012938291596,0.10009790236201131,Specialty Chemicals,Basic Materials,ASH
2013Q1,2013,Q1,2012-12-31,2012-12-31,101000000.0,1869000000.0,176000000.0,1.26,537000000.0,0.28731942215088285,12376000000.0,4152000000.0,3077000000.0,1770000000.0,8224000000.0,1008000000.0,0.0,6350759687.25,9415759687.25,52.57045399942833,1.7384180790960453,0.28708791208791207,0.8557321772639692,0.01765087605451006,52.57045399942833,0.02432562620423892,3.397945258025682,15.719702196163366,1.5295663986632948,0.1782178217821782,1.3214285714285714,0.00283430658479133,0.1510180995475113,1.0553672316384182,0.008160956690368456,453.62569194642856,0.28731942215088285,1.3610315186246418,1.4592484693784615,-0.2116677433234304,0.040611935172168774,0.17248908296943233,1.3686131386861313,1.5945945945945945,0.1607503349015972,-0.08552081006728111,0.09314801791352077,Specialty Chemicals,Basic Materials,ASH
2012Q4,2012,Q4,2012-09-30,2012-09-30,-274000000.0,2057000000.0,-296000000.0,-3.49,458000000.0,0.22265435099659697,12524000000.0,4029000000.0,3209000000.0,1913000000.0,8495000000.0,1008000000.0,3163000000.0,5677730000.0,8744730000.0,51.0,1.6774699424986932,0.286649632705206,0.8910399602879127,-0.024236848728010976,51.0,-0.06800694961528915,2.7601993193971803,-5.180410583941606,1.40921568627451,-0.06569343065693431,1.5863095238095237,0.003170281080643144,0.16424465027147875,1.047569262937794,-0.021877994251038008,62.392637362637366,0.22265435099659697,-2.8368421052631585,-7.878347077531645,-0.21426061824879464,0.02616944768547882,-0.26953748006379585,-2.814569536423841,-2.193548387096774,-3.911199951272628,-0.038079421657371305,0.11079441489955351,Specialty Chemicals,Basic Materials,ASH
2012Q3,2012,Q3,2012-06-30,2012-06-30,151000000.0,2141000000.0,248000000.0,1.9,627000000.0,0.2928538066324148,12598000000.0,4166000000.0,3353000000.0,1622000000.0,8432000000.0,1034000000.0,3455000000.0,5443756555.12,8567756555.12,53.041582053926916,2.067200986436498,0.2953643435465947,0.8931829092654825,0.023400296631784417,53.041582053926916,0.036245799327892465,2.5426233326109293,9.012841978675498,1.306710646932309,0.11920529801324503,1.4642166344294003,0.0033065402204789105,0.1699476107318622,1.276818742293465,0.011986029528496587,126.59898965395348,0.2928538066324148,0.7272727272727271,0.2015840869753606,-0.14515654784652007,0.0912109540389837,0.09043478260869565,0.7159090909090909,0.3854748603351955,1.7299990456080196,-0.049874026430445785,0.015902974326628336,Specialty Chemicals,Basic Materials,ASH
2012Q2,2012,Q2,2012-03-31,2012-03-31,88000000.0,2079000000.0,179000000.0,1.1,575000000.0,0.2765752765752766,12706000000.0,4232000000.0,3283000000.0,1578000000.0,8474000000.0,949000000.0,3322000000.0,4791215108.74,7944215108.74,53.93327457342151,2.0804816223067175,0.29529356209664726,0.8865784499054821,0.01627246428340552,53.93327457342151,0.020793950850661626,2.3045767718807117,13.611406558920455,1.132139675978261,0.14772727272727273,1.5848261327713382,0.0027132991746260282,0.16362348496773177,1.3231939163498099,0.006925861797575948,31.941434058266665,0.2765752765752766,0.42857142857142866,0.43780238961437234,-0.13535792660917512,0.15991645890865971,0.10153256704980843,0.4426229508196721,0.3769230769230769,0.7253628662021446,-0.016803271219481296,0.12412218455353345,Specialty Chemicals,Basic Materials,ASH
2012Q1,2012,Q1,2011-12-31,2011-12-31,61000000.0,1930000000.0,130000000.0,0.77,522000000.0,0.2704663212435233,12513000000.0,4065000000.0,3063000000.0,1464000000.0,8448000000.0,981000000.0,3247000000.0,4475955469.639999,7813955469.639999,51.91191055765537,2.0922131147540983,0.30400383601054903,0.9357933579335793,0.01194254716157807,51.91191055765537,0.015006150061500615,2.3191479117305698,18.344079793606557,1.101096056492005,0.22950819672131148,1.435270132517839,0.0031278237897943203,0.15423959082554145,1.2534153005464481,0.004874930072724367,-19.631383638771926,0.2704663212435233,1.5383184887931878,0.024997259557510313,-0.1235069955932677,0.16294375160894234,0.4223433242506812,1.5398230088495575,1.5963302752293578,1.4502878138202173,-0.13765486883503708,-0.008105757657910226,Specialty Chemicals,Basic Materials,ASH
2011Q4,2011,Q4,2011-09-30,2011-09-30,-113000000.0,1846000000.0,-218000000.0,-1.43038,367000000.0,0.19880823401950162,12966000000.0,4135000000.0,3387000000.0,1739000000.0,8831000000.0,925000000.0,3200000000.0,3456414878.06,6551414878.059999,52.80584259677858,1.9476710753306499,0.295542187258985,0.9267230955259976,-0.017329818836031963,52.80584259677858,-0.027327690447400244,1.8723807573456122,-7.6469355709292035,0.8358923526142684,-0.12389380530973451,1.598918918918919,0.004050439687916705,0.1423723584760142,1.2760207015526164,-0.008715101033472158,78.55488359227273,0.19880823401950162,-2.312275229357798,-1.4651975267352406,10.559243439118985,0.09967287110414787,-0.14849187935034802,-2.2988505747126435,-3.0761904761904764,-8.926262676131907,-0.26790863180888536,0.1343876936926988,Specialty Chemicals,Basic Materials,ASH
2011Q3,2011,Q3,2011-06-30,2011-06-30,87000000.0,1667000000.0,105000000.0,1.09,431000000.0,0.2585482903419316,9482000000.0,4567000000.0,3016000000.0,1329000000.0,4915000000.0,557000000.0,3972000000.0,5041691430.4800005,4917691430.4800005,58.53581958939974,2.269375470278405,0.09713140687618646,0.20166411210860521,0.01360982537344835,58.53581958939974,0.019049704401138602,3.0244099762927417,14.48761905310345,1.103939441751697,0.14942528735632185,2.2190305206463194,0.0025784997315399607,0.17580679181607256,1.724604966139955,0.009175279476903607,-168.05638101600002,0.2585482903419316,-0.7517084282460137,-0.14878621863990307,-0.439869421645371,0.0932902731914328,0.02132701421800948,-0.7535410764872521,-0.027777777777777776,-0.024296197450611873,-0.38842911948493763,0.09820030796074558,Specialty Chemicals,Basic Materials,ASH
2011Q2,2011,Q2,2011-03-31,2011-03-31,353000000.0,1557000000.0,108000000.0,4.39,422000000.0,0.271034039820167,9412000000.0,4497000000.0,2974000000.0,1310000000.0,4915000000.0,534000000.0,3898000000.0,4570935734.24,4348935734.24,56.82572127503069,2.2702290076335876,0.09636634084147896,0.20169001556593286,0.02311540759633649,56.82572127503069,0.07849677562819657,2.935732648837508,3.237206610651558,1.0164411239137203,0.0339943342776204,2.1254681647940075,0.0026252830268669734,0.16542711432214194,1.733587786259542,0.03750531236719082,50.23006301362637,0.271034039820167,3.027522935779816,5.559758708775301,-0.38332139584202274,0.10849882188156258,0.0737913486005089,3.057471264367816,0.2413793103448276,2.9128385187916703,-0.39649345812604464,0.0888934883457689,Specialty Chemicals,Basic Materials,ASH
2011Q1,2011,Q1,2010-12-31,2010-12-31,87000000.0,1433000000.0,87000000.0,1.09,393000000.0,0.27424982554082344,9349000000.0,3877000000.0,2705000000.0,1434000000.0,5472000000.0,497000000.0,3557000000.0,4019982130.72,4875982130.719999,49.051019031441136,1.8863319386331938,0.13156487324847577,0.31725561000773794,0.011356961033875075,49.051019031441136,0.02244003095176683,2.805291089127704,11.551672789425288,1.0368795797575445,0.13793103448275862,2.0925553319919517,0.0029850878958635413,0.1532784255000535,0.9616457461645747,0.009305808107819018,-65.9013464052459,0.27424982554082344,0.1473684210526317,0.1964199767503208,-0.46454002374993814,-0.045339817979102096,-0.18125,0.14473684210526316,-0.40816326530612246,1.11674303322328,-0.39603185025434773,-0.029053927572512496,Specialty Chemicals,Basic Materials,ASH
2010Q4,2010,Q4,2010-09-30,2010-09-30,76000000.0,2382000000.0,147000000.0,0.95,480000000.0,0.20151133501259447,9531000000.0,3803000000.0,2833000000.0,1687000000.0,5728000000.0,644000000.0,3482000000.0,3854788213.0400004,4661788213.040001,48.11478601407548,1.6793123888559573,0.12842304060434373,0.3218511701288456,0.025064650885219815,48.11478601407548,0.01998422298185643,1.6182989979177165,12.680224385,1.0136177262792534,0.15789473684210525,2.953416149068323,0.003113011490334626,0.2499213094113944,1.2003556609365738,0.007973979645367748,34.11317002690266,0.20151133501259447,-0.4864864864864865,-0.3785603600103957,-0.1521677828042758,-0.07683527981119485,-0.08396946564885496,-0.4864864864864865,-0.02,0.9068935083778684,-0.09057830428589064,-0.03188385510649346,Specialty Chemicals,Basic Materials,ASH
2010Q3,2010,Q3,2010-06-30,2010-06-30,148000000.0,2362000000.0,150000000.0,1.85,524000000.0,0.2218458933107536,9145000000.0,3656000000.0,2818000000.0,1813000000.0,5489000000.0,611000000.0,3418000000.0,3574340000.0,4511340000.0,47.48051948051948,1.5543298400441257,0.15538545653362493,0.3886761487964989,0.024743943273586765,47.48051948051948,0.04048140043763676,1.513268416596105,6.037736486486486,0.977664113785558,0.07432432432432433,3.0081833060556464,0.0030774912291499966,0.2582832148715145,1.1323772752344181,0.016183706943685074,127.655,0.2218458933107536,5.851851851851852,-0.9203448856157991,-0.20372091847323193,-0.07207902087557481,0.027450980392156862,5.7272727272727275,0.2396694214876033,0.20129870129870123,-0.038029206117515285,-0.02319536947581703,Specialty Chemicals,Basic Materials,ASH
2010Q2,2010,Q2,2010-03-31,2010-03-31,22000000.0,2248000000.0,121000000.0,0.27,510000000.0,0.22686832740213522,9239000000.0,3682000000.0,2735000000.0,1858000000.0,5557000000.0,581000000.0,3281000000.0,4063290000.0000005,5027290000.0,47.81818181818182,1.4720129171151777,0.15835047083017642,0.3973384030418251,0.010938594706985785,47.81818181818182,0.005975013579576317,1.8075133451957297,46.173750000000005,1.1035551330798479,0.2727272727272727,2.991394148020654,0.0014766359280287647,0.24331637623119384,1.0726587728740582,0.002381210087671826,28.414615384615388,0.22686832740213522,-0.7545454545454545,-0.365079367965368,-0.003744824932164173,0.20961250456270195,0.04938271604938271,-0.7441860465116279,-0.08333333333333333,-0.6336996326530613,-0.04725577180637547,0.028402161090535605,Specialty Chemicals,Basic Materials,ASH
2010Q1,2010,Q1,2009-12-31,2009-12-31,86000000.0,2020000000.0,132000000.0,1.1,486000000.0,0.24059405940594059,9230000000.0,3754000000.0,2467000000.0,1357000000.0,5476000000.0,593000000.0,3265000000.0,3092758317.46,4280758317.46,48.09088351984479,1.8179808400884303,0.17269772481040085,0.4246137453383058,0.017865156533817712,48.09088351984479,0.02290889717634523,1.531068473990099,8.990576504244187,0.8238567707671816,0.06976744186046512,2.5868465430016863,0.0019400157995299293,0.218851570964247,1.2490788504053059,0.009317443120260022,114.54660435037037,0.24059405940594059,-0.07563025210084022,-0.15253146077877258,-0.2003710682402769,0.22269366862194542,-0.05078125,-0.07526881720430108,0.06451612903225806,0.4496172395767132,-0.07975272660434912,0.0773441373659766,Specialty Chemicals,Basic Materials,ASH
2009Q4,2009,Q4,2009-09-30,2009-09-30,93000000.0,2113000000.0,124000000.0,1.19,512000000.0,0.2423095125414103,9447000000.0,3584000000.0,2473000000.0,1566000000.0,5863000000.0,554000000.0,3185000000.0,3373776236.2599998,4634776236.26,45.91308645048581,1.579182630906769,0.17074203450830952,0.45005580357142855,0.01812614015539675,45.91308645048581,0.025948660714285716,1.5966759281874112,9.069290957688173,0.9413438159207589,0.053763440860215055,2.8898916967509027,0.0014820188565744213,0.22366888959458028,1.1213282247765006,0.009844395046046363,10.918369696634304,0.2423095125414103,0.8030303030303029,-0.5671047113549158,-0.23002444423362545,0.22685488316005212,0.038539553752535496,0.86,-0.11428571428571428,-0.6159357115842394,11.976233738046965,-0.04386762684970814,Specialty Chemicals,Basic Materials,ASH
2009Q3,2009,Q3,2009-06-30,2009-06-30,50000000.0,2037000000.0,140000000.0,0.66,493000000.0,0.2420225822287678,9165000000.0,3707000000.0,2426000000.0,1370000000.0,5458000000.0,546000000.0,3099000000.0,1991550000.0,3728550000.0,52.2112676056338,1.7708029197080293,0.21745771958537916,0.5376315079579175,0.013765182186234818,52.2112676056338,0.013487995683841382,0.9776877761413844,9.95775,0.5372403560830861,0.12,2.827838827838828,0.003012728779091662,0.22225859247135843,1.2233576642335766,0.005455537370430988,6.1278461538461535,0.2420225822287678,0.015384615384615398,-0.6924780115475462,-0.16821452563380287,0.46829940641690143,0.07407407407407407,0.041666666666666664,0.308411214953271,-0.4624233984552477,-0.247865221763372,-0.02483519621596996,Specialty Chemicals,Basic Materials,ASH
2009Q2,2009,Q2,2009-03-31,2009-03-31,48000000.0,1990000000.0,107000000.0,0.65,459000000.0,0.23065326633165828,9237000000.0,3543000000.0,2424000000.0,1389000000.0,5694000000.0,628000000.0,3054000000.0,762830770.82,2821830770.82,47.97812490004557,1.7451403887688985,0.24488470282559271,0.6384419983065199,0.015522009157260075,47.97812490004557,0.013547840812870448,0.38333204563819095,3.9730769313541665,0.21530645521309624,0.10416666666666667,2.4378980891719744,0.006554533706899739,0.21543791274223234,1.1540676745860332,0.005196492367651835,4.334265743295455,0.23065326633165828,1.375722543352601,3.8260869347373188,0.019378829096839623,0.4324500729290873,0.4123076923076923,1.403361344537815,16.285714285714285,-0.044117642807748034,-0.15535659843214003,-0.06409115917097953,Specialty Chemicals,Basic Materials,ASH
2009Q1,2009,Q1,2008-12-31,2008-12-31,-119000000.0,1966000000.0,-7000000.0,-1.73,325000000.0,0.16531027466937945,9742000000.0,3600000000.0,2733000000.0,1739000000.0,6142000000.0,736000000.0,3013000000.0,722942194.77,2968942194.77,52.33613458132335,1.57159286946521,0.2533360706220489,0.6855555555555556,-0.0011439793451988574,52.33613458132335,-0.03305555555555555,0.3677223778077314,-1.5187861234663864,0.20081727632500002,-0.05042016806722689,2.229619565217391,0.008299418741091557,0.201806610552248,1.0126509488211617,-0.012215150893040443,17.632736457804878,0.16531027466937945,-10.899848672444627,-4.530612248309896,0.004658225528622704,0.5666466281172958,0.025236593059936908,-10.9,-1.875,-2.8804347757946935,-0.15586628391523916,0.01859705980115336,Specialty Chemicals,Basic Materials,ASH
2008Q4,2008,Q4,2008-09-30,2008-09-30,-10000000.0,2215000000.0,8000000.0,-0.14538,317000000.0,0.14311512415349886,5771000000.0,3202000000.0,3032000000.0,1230000000.0,2569000000.0,494000000.0,3138000000.0,2011306353.4799998,1191306353.4799998,46.550084147054825,2.465040650406504,0.011436492808871946,0.02061211742660837,-9.06659413391358e-05,46.550084147054825,-0.003123048094940662,0.9080389857697516,-50.282658837,0.6281406475577764,-1.7,3.8421052631578947,0.008452218117138786,0.3838156298735055,1.9146341463414633,-0.0017328019407381737,39.43737948,0.14311512415349886,-1.1286548672566372,-1.0741725262249977,-0.013521774833627626,0.43364661962948264,-0.11204481792717087,-1.1388888888888888,-0.9080459770114943,-1.0939576767374137,-0.09408218858650132,-0.10685676968801681,Specialty Chemicals,Basic Materials,ASH
2008Q3,2008,Q3,2008-06-30,2008-06-30,72000000.0,2201000000.0,87000000.0,1.13,357000000.0,0.16219900045433894,5844000000.0,3358000000.0,3100000000.0,1204000000.0,2486000000.0,538000000.0,0.0,3036600000.0,2248600000.0,53.301587301587304,2.574750830564784,0.011122518822724161,0.019356759976176294,0.018037375250911765,53.301587301587304,0.02144133412745682,1.3796456156292594,10.543750000000001,0.9042882668254913,0.2361111111111111,3.4275092936802976,0.005598366594217216,0.3766255989048597,1.994186046511628,0.012320328542094456,38.93076923076923,0.16219900045433894,0.0,0.12044817959183675,0.1282839936582633,0.709323397552292,0.0688622754491018,0.0,0.6730769230769231,-0.9526374995553399,-0.09310787266701559,0.04168323385904502,Specialty Chemicals,Basic Materials,ASH
2008Q2,2008,Q2,2008-03-31,2008-03-31,72000000.0,2059000000.0,52000000.0,1.13,334000000.0,0.1622146673142302,5778000000.0,3296000000.0,3115000000.0,1136000000.0,2482000000.0,545000000.0,3110000000.0,2987368433.5,2207368433.5,52.18666644922222,2.7420774647887325,0.0115957078573901,0.020327669902912623,0.013576728095559279,52.18666644922222,0.021844660194174758,1.450883163428849,10.372807060763888,0.906361782008495,0.25,3.165137614678899,0.006025369953752643,0.3563516787815853,2.129401408450704,0.012461059190031152,26.672932441964285,0.1622146673142302,1.173076923076923,3.0000000024358977,0.28489823505188333,0.7367055792877216,0.056962025316455694,1.1818181818181819,0.13043478260869565,1.5333333112626264,0.11248383292204168,0.32011803686814105,Specialty Chemicals,Basic Materials,ASH
2008Q1,2008,Q1,2007-12-31,2007-12-31,33000000.0,1905000000.0,46000000.0,0.52,316000000.0,0.16587926509186351,5646000000.0,3206000000.0,3236000000.0,1044000000.0,2440000000.0,633000000.0,3055000000.0,3009980747.34,2397980747.34,50.518788246197246,3.099616858237548,0.012221041445270989,0.021522145976294448,0.009202421689918399,50.518788246197246,0.010293200249532126,1.5800423870551181,22.802884449545456,0.9388586236244542,0.5151515151515151,2.5102685624012637,0.005647876656694017,0.3374070138150903,2.3869731800766285,0.005844845908607864,125.4158644725,0.16587926509186351,0.040000000000000036,1.385185187149173,0.10817091663817,0.6591623412927762,-0.12947658402203857,0.03125,0.5862068965517241,-0.5999999987930368,-0.07241646961757439,0.28442228576626255,Specialty Chemicals,Basic Materials,ASH
2007Q4,2007,Q4,2007-09-30,2007-09-30,32000000.0,2103000000.0,29000000.0,0.5,363000000.0,0.17261055634807418,5686000000.0,3154000000.0,3276000000.0,1152000000.0,2532000000.0,610000000.0,3040000000.0,3894634587.06,3066634587.06,49.69939430084408,2.84375,0.012135068589518115,0.02187698161065314,0.007577118408805134,49.69939430084408,0.010145846544071021,1.8519422667902996,30.42683271140625,1.2348239020481928,0.53125,2.8524590163934427,0.004364979465976817,0.3698557861413999,2.1866319444444446,0.005627857896588111,27.818818479,0.17261055634807418,-0.6835443037974683,-0.26886834882839133,0.05331424226698003,0.5586386002412695,0.037142857142857144,-0.68,-0.6813186813186813,-0.8167808735144593,-0.057377867122107296,0.3280297471145561,Specialty Chemicals,Basic Materials,ASH
2007Q3,2007,Q3,2007-06-30,2007-06-30,100000000.0,1993000000.0,91000000.0,1.58,350000000.0,0.17561465127947817,5612000000.0,3038000000.0,3192000000.0,1147000000.0,2574000000.0,587000000.0,3025000000.0,3996875000.0,3218875000.0,48.608,2.782911944202267,0.012473271560940842,0.02304147465437788,0.024930871465524928,48.608,0.032916392363396975,2.0054565980933265,9.9921875,1.3156270572745228,0.17,2.798977853492334,0.004253322908522283,0.3551318602993585,2.1403661726242373,0.01781895937277263,76.86298076923077,0.17561465127947817,1.051948051948052,0.7021276553846154,0.03086548441701741,0.485937878465075,0.0,1.0408163265306123,1.2195121951219512,-0.3013100422360248,-0.07550209147381448,0.3669673390464,Specialty Chemicals,Basic Materials,ASH
2007Q2,2007,Q2,2007-03-31,2007-03-31,49000000.0,1925000000.0,41000000.0,0.77,350000000.0,0.18181818181818182,5557000000.0,2921000000.0,3144000000.0,1175000000.0,2636000000.0,576000000.0,2942000000.0,4121025652.7999997,3614025652.7999997,46.49755088755802,2.675744680851064,0.01385639733669246,0.026360835330366313,0.009216289120283086,46.49755088755802,0.016775077028414926,2.1407925469090907,21.025641085714284,1.410826995138651,0.3469387755102041,2.734375,0.004125186648243619,0.3464099334173115,2.0451063829787235,0.00881770739607702,412.10256527999996,0.18181818181818182,0.02666666666666669,3.516129007096774,0.2774193420645162,0.422046984146342,0.08024691358024691,0.0,-0.29310344827586204,4.391304319060559,0.15915008186642274,0.38824558689335464,Specialty Chemicals,Basic Materials,ASH
2007Q1,2007,Q1,2006-12-31,2006-12-31,49000000.0,1813000000.0,58000000.0,0.75,324000000.0,0.17870932156646444,5426000000.0,2878000000.0,3014000000.0,1076000000.0,2548000000.0,580000000.0,2910000000.0,,,,,,,,,,,,,,,,,,,,,,,,,,,,,,,Specialty Chemicals,Basic Materials,ASH
