Quarters,Year,Quarter,FillingDate,Date,NetIncome,Revenue,OperatingIncome,EPSDiluted,GrossProfit,GrossProfitRatio,TotalAssets,CommonStockEquity,CurrentAssets,CurrentLiability,TotalLiability,Inventory,RetainedEarnings,MarketCap,EnterpriseValue,bookValuePerShare,currentRatio,debtToAssets,debtToEquity,roic,shareholdersEquityPerShare,roe,priceToSalesRatio,peRatio,pbRatio,payoutRatio,inventoryTurnover,dividendYield,assetTurnover,quickRatio,returnOnAssets,priceToFreeCashFlowsRatio,grossProfitMargin,epsdilutedGrowth,fiveYNetIncomeGrowthPerShare,fiveYRevenueGrowthPerShare,fiveYShareholdersEquityGrowthPerShare,grossProfitGrowth,netIncomeGrowth,operatingIncomeGrowth,threeYNetIncomeGrowthPerShare,threeYRevenueGrowthPerShare,threeYShareholdersEquityGrowthPerShare,Industry,Sector,Symbol
2023Q1,2023,Q1,2023-05-05,2023-03-31,677000000.0,1777000000.0,877000000.0,0.88,1038000000.0,0.5841305571,20139000000.0,12643000000.0,2005000000.0,1209000000.0,7496000000.0,56000000.0,4875000000.0,18748560000.0,19951560000.0,16.548429319371728,1.6583953680727874,0.11410695665127364,0.1817606580716602,0.044377363014661074,16.548429319371728,0.053547417543304596,10.550680922903771,6.923397341211225,1.4829201929921696,0.6440177252584933,13.196428571428571,0.023255119326497608,0.08823675455583693,1.445822994210091,0.03361636625453101,18.56293069306931,0.5841305571187394,-0.33333333333333337,2.474893630828041,1.2595045926012924,2.1612344088113167,-0.30148048452220727,-0.3439922480620155,-0.3227799227799228,5.547615499363396,1.3974528833812805,2.0400139182974004,Oil & Gas E&P,Energy,CTRA
2022Q4,2022,Q4,2023-02-27,2022-12-31,1032000000.0,2280000000.0,1295000000.0,1.32,1486000000.0,0.651754386,20154000000.0,12659000000.0,2211000000.0,1193000000.0,7495000000.0,63000000.0,4636000000.0,19189170000.0,20817170000.0,16.208706786171575,1.8533109807208719,0.11417088419172372,0.1817679121573584,0.06747357885629952,16.208706786171575,0.08152302709534719,8.416302631578947,4.648539244186047,1.5158519630302552,0.5164728682170543,12.603174603174603,0.027776084114112285,0.11312890741292052,1.6621961441743505,0.051205715986900865,19.600786516853933,0.6517543859649123,-0.11999999999999995,14.747870351117383,2.3703005154756687,1.9693811634863188,-0.3078714485328365,-0.13712374581939799,-0.14010624169986718,2.6382631809267574,1.5600109775413542,2.0480011267816547,Oil & Gas E&P,Energy,CTRA
2022Q3,2022,Q3,2022-11-04,2022-09-30,1196000000.0,2520000000.0,1506000000.0,1.5,2147000000.0,0.851984127,20305000000.0,12659000000.0,2350000000.0,1415000000.0,7646000000.0,57000000.0,4137000000.0,20687040000.0,22595040000.0,15.983585858585858,1.6607773851590106,0.13228268899285892,0.21218105695552572,0.07525128486011459,15.983585858585858,0.09447823682755352,8.209142857142858,4.324214046822743,1.6341764752350108,0.43394648829431437,6.543859649122807,0.025088171144832704,0.12410736271854222,1.6021201413427562,0.05890174833784782,15.7795881006865,0.851984126984127,-0.013157894736842117,38.71221339453556,2.8181719115307753,1.7952784028188231,0.1901330376940133,-0.026851098454027666,-0.06401491609695463,5.893138650946483,2.0583229047961944,1.9782243252045058,Oil & Gas E&P,Energy,CTRA
2022Q2,2022,Q2,2022-08-03,2022-06-30,1229000000.0,2572000000.0,1609000000.0,1.52,1804000000.0,0.701399689,20647000000.0,12191000000.0,2832000000.0,1570000000.0,8456000000.0,46000000.0,3460000000.0,20709370000.0,23070370000.0,15.181818181818182,1.8038216560509555,0.16564149755412408,0.28053482076942005,0.07818991076803262,15.181818181818182,0.10081207448117464,8.051854587869363,4.212646460537022,1.69874251497006,0.3938161106590724,16.695652173913043,0.023371063436502415,0.12457015547052841,1.754140127388535,0.059524386109362136,51.13424691358025,0.7013996889580093,1.0266666666666666,32.04372851354501,2.2329765752158117,1.6706814843305293,0.8296146044624746,1.0213815789473684,1.0137672090112642,2.5693875386930074,1.5314919608555593,1.733221160101616,Oil & Gas E&P,Energy,CTRA
2022Q1,2022,Q1,2022-05-03,2022-03-31,608000000.0,1679000000.0,799000000.0,0.75,986000000.0,0.587254318,20327000000.0,11718000000.0,2597000000.0,1659000000.0,8609000000.0,41000000.0,2715000000.0,21845700000.0,23842700000.0,14.466666666666667,1.5654008438818565,0.16942982240369953,0.2939068100358423,0.040308005361434675,14.466666666666667,0.05188598736985834,13.011137581893985,8.982606907894736,1.864285714285714,0.75,16.902439024390244,0.02087367307982807,0.08259949820435873,1.5316455696202531,0.029910955871500958,20.785632730732637,0.5872543180464562,-0.3534482758620689,2.3039940583792275,0.8627107415153212,1.4867341243412426,-0.32861731254906845,-0.35213560824663176,-0.3550282770456259,0.20868684980780927,0.36680306958415015,1.6373283112280559,Oil & Gas E&P,Energy,CTRA
2021Q4,2021,Q4,2022-03-01,2021-12-31,938468000.0,2224257000.0,1238814000.0,1.16,1468611000.0,0.6602703734,19900000000.0,11738000000.0,2136000000.0,1220000000.0,8162000000.0,39000000.0,2563000000.0,15390000000.0,17817000000.0,14.491358024691358,1.7508196721311475,0.17402010050251257,0.29502470608280795,0.0616052186557593,14.491358024691358,0.07995126938149599,6.91916446705574,4.099766854064283,1.3111262566024877,0.6949485757639046,19.37553846153846,0.042377322936972064,0.11177170854271357,1.6991803278688524,0.047159195979899496,22.52051210386068,0.6602703734325664,6.249999999999999,2.840838702413303,3.035818324129982,1.6252061444047008,7.4910932648778035,13.964250406607775,11.925855592654424,0.8154562887644202,0.652188104979869,1.9908912581682874,Oil & Gas E&P,Energy,CTRA
2021Q3,2021,Q3,2021-11-03,2021-09-30,62714000.0,440396000.0,95840000.0,0.16,172959000.0,0.3927351747,4730697000.0,2326112000.0,442723000.0,466010000.0,2404585000.0,12781000.0,2276071000.0,8696688640.0,9597776640.0,5.820168941911206,0.950028969335422,0.20659915441635768,0.420168074452133,0.02166193872930148,5.820168941911206,0.02696086860821835,19.747428768653666,34.66805115285264,3.73872308814021,0.701007749465829,20.924575541819888,0.0050551424593717545,0.09309325877349575,0.8942018411622068,0.013256820295191174,142.35163832190267,0.3927351747064006,1.0,8.114005585842206,0.6511181096568832,-0.05448502116089923,1.071960803105084,1.0586265756302522,0.7778437337686429,-0.434639265059356,-0.10910197889594334,0.22501787356097072,Oil & Gas E&P,Energy,CTRA
2021Q2,2021,Q2,2021-07-30,2021-06-30,30464000.0,324667000.0,53908000.0,0.08,83476000.0,0.2571126724,4610567000.0,2299895000.0,396066000.0,378684000.0,2310672000.0,17395000.0,2257320000.0,6976771160.414,7896826160.414,5.755694643956495,1.0459010679088634,0.23385453459411826,0.46880488022279276,0.011659926706291436,5.755694643956495,0.013245822091878107,21.48900615219286,57.25422761631762,3.03351725205455,1.4431131827731092,13.865536073584364,0.006301338970302595,0.07041802016975353,0.9592985180255833,0.0066074302791825825,252.5985213763215,0.25711267236891955,-0.7419354838709676,1.5636031811443363,0.5309853416180861,-0.06978373405204849,-0.6061598271323023,-0.7588995995378065,-0.6927233552594079,-0.18955621318777854,-0.19177765600032134,0.20516487880263945,Oil & Gas E&P,Energy,CTRA
2021Q1,2021,Q1,2021-04-30,2021-03-31,126354000.0,459680000.0,175438000.0,0.31,211954000.0,0.4610903237,4550852000.0,2305970000.0,411915000.0,315092000.0,2244882000.0,15870000.0,2270819000.0,7495492779.120999,8400563779.120999,5.777621322856978,1.3072848564863595,0.2370391302551698,0.46779880050477674,0.039792488386023755,5.777621322856978,0.05479429480869222,16.30589274956709,14.830343279834828,3.250472807157508,0.3156765911645061,15.609703843730308,0.00532146466888833,0.10100965709278174,1.1871485153542458,0.027764910834278945,44.907391882577436,0.4610903237034459,-0.060606060606060656,3.6704793539829876,0.764073462134215,-0.1525261816390018,0.08027909868860313,-0.03698001615779766,0.07702035704638656,0.2414539677301645,0.11884567848962199,0.10369479631018286,Oil & Gas E&P,Energy,CTRA
2020Q4,2020,Q4,2021-02-26,2020-12-31,131206000.0,456778000.0,162892000.0,0.33,196203000.0,0.4295368866,4523532000.0,2215707000.0,415715000.0,390226000.0,2307825000.0,15270000.0,2184352000.0,4531888710.0,5559318710.0,5.55896011621168,1.0653185589888936,0.25810428665034313,0.5269392568602257,0.04119094412401602,5.55896011621168,0.05921631334829019,9.921425090525375,8.635063773760347,2.045346568837847,0.30378183924515645,17.064505566470203,0.008795008560569882,0.10097817369259243,0.925125440129566,0.029005210972311016,21.537654799754772,0.42953688662763967,9.8,2.226016321858736,0.6891663344076019,0.1450967346495744,7.103209019947962,9.769868324309872,22.37409788741635,4.424851050744746,0.32303465689271693,0.018383000902534283,Oil & Gas E&P,Energy,CTRA
2020Q3,2020,Q3,2020-10-30,2020-09-30,-14961000.0,291041000.0,-7621000.0,-0.0375,24213000.0,0.083194464,4419305000.0,2118488000.0,322552000.0,385928000.0,2300817000.0,14929000.0,2093004000.0,2917605600.0,4113768600.0,5.3150885644036325,0.8357828403225472,0.2707061404451605,0.5647107748545189,-0.00154878877982381,5.3150885644036325,-0.007062112223434827,10.02472366436344,-48.753519149789454,1.377211294092768,-2.66405988904485,17.87313282872262,0.013660859438986544,0.06585673539165095,0.7610823780601563,-0.003385373944545579,-160.49318444358875,0.08319446401022536,-1.4687499999999998,-0.001290498182302483,-0.010179785666530853,0.03671102593025702,-0.715322030709902,-1.4925594258247186,-1.1418757911981532,-1.9871046904633354,-0.12376864409065659,-0.07047439763549666,Oil & Gas E&P,Energy,CTRA
2020Q2,2020,Q2,2020-07-31,2020-06-30,30374000.0,332348000.0,53716000.0,0.08,85054000.0,0.2559184951,4527870000.0,2165979000.0,463934000.0,381388000.0,2361891000.0,17948000.0,2147822000.0,1211671040.0,2349849040.0,5.434293585163181,1.2164357557133418,0.2772478008423387,0.5795725627995469,0.012065809337912837,5.434293585163181,0.01402321998505064,3.645790075463069,9.972929479159808,0.5594103359266179,1.3122407322051755,13.778359705816804,0.03289506696471016,0.07340051724099853,1.0236950297334997,0.006708231464242569,-26.314931914431533,0.25591849507143116,-0.38461538461538464,2.14612238906701,0.12625919562948276,0.04768215624405396,-0.3236047269893277,-0.4365794843257281,-0.37829423270564,0.6452941440730471,-0.1583547743416025,-0.04403628837469299,Oil & Gas E&P,Energy,CTRA
2020Q1,2020,Q1,2020-05-01,2020-03-31,53910000.0,386457000.0,86401000.0,0.13,125746000.0,0.3253816078,4522175000.0,2168395000.0,541789000.0,387177000.0,2353780000.0,18249000.0,2157306000.0,936106050.0,1989046050.0,5.443537353486819,1.3993315718650643,0.2776942511070447,0.5791297249809191,0.01866680454353934,5.443537353486819,0.024861706469531612,2.4222773814421785,4.341059404563161,0.4317045787321959,0.7385828232238917,14.286317058468958,0.042534710677278494,0.08545821424425194,1.2787174858010677,0.01192125470597666,16.658173325028915,0.325381607785601,-0.6388888888888888,0.38964525532735406,-0.13717601139288302,0.03425485724618769,-0.31512758367146865,-0.6331155573703553,-0.6111723647557029,-0.40429281362744374,-0.1281862182623873,-0.06428824234733477,Oil & Gas E&P,Energy,CTRA
2019Q4,2019,Q4,2020-02-25,2019-12-31,146940000.0,461368000.0,222209000.0,0.36,183605000.0,0.3979578124,4487245000.0,2151487000.0,568248000.0,328034000.0,2335758000.0,13932000.0,2143213000.0,3661458050.0000005,4717057050.0,5.317815221179442,1.7322838486254473,0.2798657082463739,0.5837014120931244,0.04572041011215484,5.317815221179442,0.06829694996995102,7.936090170969813,6.229512130801688,1.7018267133382634,0.27761671430515855,19.93705139247775,0.01114119005132395,0.10281765314797832,1.6432595401696166,0.032746150477631596,38.4171113652579,0.39795781241871997,0.6363636363636362,1.6764203299582576,-0.2378550888562059,0.02506649679631158,0.19721570161711008,0.626198012350871,0.7122371452568637,1.5770531801999008,0.6759985796210142,-0.03664230987444336,Oil & Gas E&P,Energy,CTRA
2019Q3,2019,Q3,2019-10-25,2019-09-30,90358000.0,429111000.0,129777000.0,0.22,153360000.0,0.3573900459,4442665000.0,2213576000.0,421679000.0,294785000.0,2229089000.0,18195000.0,2037066000.0,11532269760.0,12707349760.0,5.366817308997808,1.430462879725902,0.28302741710212226,0.5680383235091092,0.028792263275596617,5.366817308997808,0.040819922153113336,26.874794074260507,31.907163062484784,5.209791649349289,0.4097589588082959,15.155317394888705,0.0032105561845615378,0.09658864667941428,1.270698984005292,0.020338693104251616,160.88994893830744,0.3573900459321714,-0.4883720930232558,-0.09540526072821091,-0.15436774032737735,-0.056179239070521116,-0.44871813306109537,-0.5008093520211703,-0.4825581627160543,10.931931481634608,0.5589128166298674,-0.1281342165500668,Oil & Gas E&P,Energy,CTRA
2019Q2,2019,Q2,2019-07-26,2019-06-30,181009000.0,534117000.0,250805000.0,0.43,278188000.0,0.5208371948,4563729000.0,2344804000.0,631330000.0,234026000.0,2218925000.0,19381000.0,1983733000.0,21622062020.0,22639802020.0,5.554551678230733,2.6976917094681787,0.275900256128267,0.5369890191248394,0.05277506409293888,5.554551678230733,0.0771957912047233,40.48188322034311,29.86324163439387,9.221266263619476,0.21044257467860714,13.205149373097363,0.0017617191165563036,0.11703521396647347,2.335761838428209,0.03966252159144419,214.50458353174602,0.520837194846822,-0.3064516129032258,0.5109726240820431,-0.009764863196570092,-0.03500279384256607,-0.293501559341318,-0.3111320848064606,-0.28942171753659773,4.1698550782619845,1.384086533935287,-0.10229179260508137,Oil & Gas E&P,Energy,CTRA
2019Q1,2019,Q1,2019-04-26,2019-03-31,262763000.0,641681000.0,352959000.0,0.62,393756000.0,0.6136320072,4481547000.0,2320939000.0,680191000.0,240315000.0,2160608000.0,18277000.0,1840816000.0,24874989640.0,25821457640.0,5.485349171385625,2.830414247966211,0.28145571161029886,0.5434683979199798,0.07512327989951217,5.485349171385625,0.11321409136560677,38.76535169344269,23.666754489787373,10.717640420536688,0.11266806970539993,13.564862942496033,0.0011901512494459075,0.14318292321825477,2.6919834384037618,0.058632208922499304,63.84144637187947,0.6136320071811383,-0.03125000000000003,1.4189510235429221,0.2401928982683548,0.007956250509926668,-0.07023157079473623,-0.04465451108000509,0.036048702880726084,6.238531648713359,1.3228724807827474,-0.19539728418566887,Oil & Gas E&P,Energy,CTRA
2018Q4,2018,Q4,2019-02-26,2018-12-31,275045000.0,716301000.0,340678000.0,0.64,423499000.0,0.5912305023,4198829000.0,2088159000.0,544545000.0,287264000.0,2110670000.0,11076000.0,1607658000.0,28332493719.999996,29556310719.999996,4.845163790263076,1.8956256266013145,0.2920109392404406,0.5871698467405978,0.0870082376010499,4.845163790263076,0.13171650243108882,39.55389385188628,25.75259841116908,13.568168764926426,0.10974204221127452,26.43571686529433,0.0010653492169908439,0.17059542077088635,1.6498447421187479,0.0655051682266651,410.1165786578657,0.591230502260921,1.2857142857142856,2.4287398109504656,0.4278365973917147,-0.07963948998339422,1.3012247869935663,1.2482568642356768,0.9351097125264838,3.376894911579794,1.449776511197761,-0.001939010338937692,Oil & Gas E&P,Energy,CTRA
2018Q3,2018,Q3,2018-10-26,2018-09-30,122337000.0,545173000.0,176051000.0,0.28,184032000.0,0.3375662404,4179043000.0,2094147000.0,619864000.0,366098000.0,2084896000.0,12476000.0,1362797000.0,9829215159.228,10798986159.228,4.751088998393727,1.6931641254527476,0.30768958347640835,0.6140199326981344,0.03939575251373647,4.751088998393727,0.05841853508851098,18.029534036403124,20.086349917089677,4.693660549726452,0.21634501418213622,28.94685796729721,0.002692687012263831,0.13045402978624532,1.6517325961900913,0.02927392706894856,-544.856716143459,0.33756624044110767,2.1111111111111116,0.6718705786014575,0.19467821389950832,-0.14110329772409316,0.16028724725583038,1.883198604793665,1.2562252495866921,8.403870311978702,0.6766329178034126,-0.07329740791188995,Oil & Gas E&P,Energy,CTRA
2018Q2,2018,Q2,2018-07-27,2018-06-30,42431000.0,453447000.0,78029000.0,0.09,158609000.0,0.3497850907,4396710000.0,2154174000.0,987413000.0,590744000.0,2242536000.0,20470000.0,1266928000.0,10735108548.945,11516686548.945,4.7758566028533105,1.6714735993933074,0.34629802738866106,0.7068008433859103,0.016497505353689417,4.7758566028533105,0.019697108961485934,23.674450484720374,63.25038620905117,4.983398996062992,0.6380005184888407,14.40341963849536,0.0025217257819587138,0.10313325190881363,1.630234077705402,0.009650625126515053,250.31731914715758,0.34978509065006497,-0.6538461538461539,-0.5559025543625249,-0.05948894079160291,-0.12118043499911779,-0.3754420091827654,-0.638056486765446,-0.559267752649059,2.414796308485549,0.3578551888948272,-0.07925847855356327,Oil & Gas E&P,Energy,CTRA
2018Q1,2018,Q1,2018-04-27,2018-03-31,117231000.0,473227000.0,177044000.0,0.26,253954000.0,0.5366430909,4538401000.0,2406516000.0,1236118000.0,510491000.0,2131885000.0,12448000.0,1251568000.0,11023965700.0,11581268700.0,5.234799821628617,2.4214295648698996,0.3354113045541811,0.6325455554835289,0.03367628582082112,5.234799821628617,0.04871399151304209,23.295301620575326,23.509066927689776,4.580881947180073,0.23583352526208937,17.615118894601544,0.0025078996753409707,0.10427174681126679,2.3827021436225126,0.025830903880022942,94.62387835506382,0.5366430909478961,3.705515088449532,1.5027988957875746,0.15904338362630752,0.03625275880363812,1.3356387381587418,3.6379019374001484,7.68065356024301,1.6184579383024151,-0.08449849311650103,-0.005404612726153173,Oil & Gas E&P,Energy,CTRA
2017Q4,2017,Q4,2018-03-01,2017-12-31,-44441000.0,400503000.0,-26501000.0,-0.0961,108730000.0,0.2714836094,4727344000.0,2523905000.0,764957000.0,630050000.0,2203439000.0,8006000.0,1162430000.0,13223810600.0,14265654600.0,5.458614402719894,1.214121101499881,0.3219336270007006,0.6029906038460243,-0.0006338814898876765,5.458614402719894,-0.01760803199803479,33.018006357006065,-74.38969982673657,5.239424859493523,-0.52048783780743,36.444291781164125,0.00174919323179054,0.08472051113690901,1.1946940718990555,-0.009400839033503803,9666.528216374269,0.27148360936122823,-3.4025,-1.9871202792406961,-0.01713361793565611,0.07484749319196735,0.17955282656570368,-3.52692329561608,-1.4654115663581602,0.8209908066875655,-0.42109039533822595,0.05220706444872575,Oil & Gas E&P,Energy,CTRA
2017Q3,2017,Q3,2017-10-30,2017-09-30,17587000.0,385416000.0,56941000.0,0.04,92179000.0,0.2391675488,5128766000.0,2644594000.0,718029000.0,438234000.0,2484172000.0,12997000.0,1230002000.0,12371821500.0,13383116500.0,5.718065807852142,1.638460274647791,0.2966699982022966,0.5753438902152844,0.009716679705597225,5.718065807852142,0.0066501701206309926,32.09991671336945,175.86600187638595,4.678155323652705,1.3148916813555467,22.561898899746094,0.00186916696138883,0.07514790107405953,1.594830615607187,0.003429089960431028,-2825.2618177666136,0.23916754883035474,-0.20000000000000004,-0.5644448099597905,0.17702315895338683,0.14158379784386474,-0.44103450366866775,-0.18302596738978957,-0.5541487554125265,-0.8429828904581975,-0.3226558235942594,0.005592124919869931,Oil & Gas E&P,Energy,CTRA
2017Q2,2017,Q2,2017-07-28,2017-06-30,21527000.0,460457000.0,127713000.0,0.05,164910000.0,0.3581441915,5219459000.0,2642031000.0,735824000.0,234422000.0,2577428000.0,11080000.0,1235540000.0,11656381440.0,12661058440.0,5.684623295923988,3.1388862820042487,0.2914499376276354,0.575773334983579,0.01778245990636567,5.684623295923988,0.008147898340329845,25.31480993882165,135.3693203883495,4.411901843695248,1.0812468063362288,26.673916967509026,0.0019968461155643173,0.0882192962910524,3.0301763486362203,0.004124373809622798,154.14619923564183,0.35814419153145677,-0.7826086956521738,-0.45993706668514506,0.5626815888290889,0.11760900092958539,-0.2848097423042562,-0.7963772228528188,-0.3282505785819482,-0.8367845549422801,-0.22462404850327358,-0.012405335947575398,Oil & Gas E&P,Energy,CTRA
2017Q1,2017,Q1,2017-04-28,2017-03-31,105720000.0,517843000.0,190120000.0,0.23,230582000.0,0.4452739537,5244388000.0,2707179000.0,748313000.0,224395000.0,2537209000.0,12095000.0,1237289000.0,11126470680.0,12109855680.0,5.817536553289151,3.3348024688607145,0.2899995194863538,0.5617914441564448,0.02814174481886624,5.817536553289151,0.03905172136751947,21.486185349613685,26.311177355278094,4.109987067718833,0.0880249716231555,23.750392724266227,0.000836383815465193,0.09874231273506079,3.261520978631431,0.02015869153845978,182.41910155097221,0.44527395368866624,1.3650793650793651,4.18732463261451,0.7103163247607095,0.1450682125335805,5.626300362089776,1.3611149064079793,29.08686659772492,-0.11508488186576314,-0.08998245275018807,0.06899709539849505,Oil & Gas E&P,Energy,CTRA
2016Q4,2016,Q4,2017-02-27,2016-12-31,-292760000.0,316491000.0,-6769000.0,-0.63,34798000.0,0.109949414,5122569000.0,2567667000.0,715881000.0,257812000.0,2554902000.0,13304000.0,1098703000.0,10865904465.15,11887892465.15,5.520083843921316,2.7767559306781684,0.2968295790647232,0.5921834879678712,-0.0010447056530287348,5.520083843921316,-0.11401790029626116,34.33242798420808,-9.278849966824362,4.231819961525385,-0.03177346632053559,21.173556825015034,0.0008560723159157271,0.06178364800942652,2.7147107194389712,-0.057151011533470804,1130.9226129423396,0.10994941404336932,-27.50678733031674,-10.960250596166263,0.05910597049776583,0.09417761000341154,-0.07704957165212317,-27.53411306042885,-2.524206259851385,-4.381462614930063,-0.41547055575796454,0.048564589732888214,Oil & Gas E&P,Energy,CTRA
2016Q3,2016,Q3,2016-10-28,2016-09-30,-10260000.0,310429000.0,4441000.0,-0.0221,37703000.0,0.1214545033,5531921000.0,2863250000.0,655645000.0,196763000.0,2668671000.0,13487000.0,1400765000.0,12000843734.851,13019840734.851,6.155554456743968,3.3321559439528774,0.2748032735825403,0.5309316336331092,0.0005684216392060384,6.155554456743968,-0.0035833406094473064,38.65890021502823,-292.41821966011213,4.1913363258014495,-0.9067251461988304,20.221398383628678,0.0007751954950453743,0.05611594959508641,3.24274380854124,-0.0018546902603995973,606.9922479819433,0.12145450328416482,0.8421428571428571,-1.3230476780618268,0.062079050251032705,0.25673731803333977,2.0252345343303877,0.8369098712446352,1.0636191731369797,-1.1328660720937374,-0.35538442077872956,0.11279444046714496,Oil & Gas E&P,Energy,CTRA
2016Q2,2016,Q2,2016-07-29,2016-06-30,-62910000.0,246816000.0,-69806000.0,-0.14,-36775000.0,-0.1489976339,5570470000.0,2877599000.0,659238000.0,228490000.0,2692871000.0,14985000.0,1420328000.0,11970850320.0,12993209320.0,6.187480110435463,2.885194100398267,0.27643071410491393,0.5351159073936292,-0.010211234978117666,6.187480110435463,-0.02186197590421737,48.50111143523921,-47.571333333333335,4.160013372259304,-0.14783023366714354,18.92499165832499,0.0007768871676945335,0.044307930928629,2.7997943017199876,-0.011293481519512717,665.3429479768786,-0.14899763386490342,-0.16666666666666682,-2.031793821562323,-0.0804351710074242,0.31244380906397196,-1.0207154239243914,-0.2288549439387428,-0.22589255922589255,-1.6385982684222946,-0.5034948851779056,0.1385766012856818,Oil & Gas E&P,Energy,CTRA
2016Q1,2016,Q1,2016-05-03,2016-03-31,-51194000.0,281941000.0,-56943000.0,-0.12,-18199000.0,-0.0645489659,5702708000.0,2944060000.0,720687000.0,199382000.0,2758648000.0,15948000.0,1492538000.0,9807108678.159,10830984678.159,6.817462908802082,3.6146041267516624,0.2811281938335261,0.5445514018056697,-0.008017073678662135,6.817462908802082,-0.017388911910762687,34.78425868589173,-47.891885172866935,3.3311510900453793,-0.1617767707153182,18.81991472284926,0.0008444894689955354,0.04943984507009652,3.432476351927456,-0.008977138580477906,-325.309605538163,-0.06454896591840137,0.5555555555555556,-4.832404220156416,0.3011527938959613,0.505811936616333,-0.5374672636647799,0.5393074403369209,-0.3289845263379,-2.1635025805280774,-0.26488850448246226,0.3495482134959147,Oil & Gas E&P,Energy,CTRA
2015Q4,2015,Q4,2016-02-22,2015-12-31,-111124000.0,280791000.0,-42847000.0,-0.27,-11837000.0,-0.0421559096,5261899000.0,2009188000.0,144786000.0,235552000.0,3252711000.0,17049000.0,1552014000.0,7321449163.874999,9345935163.875,4.85457686499547,0.614666825159625,0.384842050370028,1.0078698459278077,-0.006472876889404958,4.85457686499547,-0.05530791543648479,26.07437262545808,-16.471349942125464,3.6439841188952946,-0.07449335877038264,17.163939233972666,0.0011306504784387153,0.05336305390886446,0.53094858035593,-0.021118611360651355,365.7067514423076,-0.042155909555505695,-6.2,-3.2734371651731466,0.30079803357074536,0.07792500240423791,-1.563371567274285,-6.162820678097202,-7.963807531380753,-3.757499933152178,-0.2301727425665694,-0.044092623349959684,Oil & Gas E&P,Energy,CTRA
2015Q3,2015,Q3,2015-10-23,2015-09-30,-15514000.0,305296000.0,-4780000.0,-0.0375,21011000.0,0.0688217337,5484672000.0,2121737000.0,215421000.0,265585000.0,3362935000.0,18283000.0,1671416000.0,9046673973.846,11074900973.846,5.126875697723308,0.8111188508387145,0.3713986907512427,0.9600624394069576,-0.0006983471633065689,5.126875697723308,-0.007311933571408709,29.632468076378338,-145.78242190676164,4.263805539445276,-0.5333891968544541,15.549144013564513,0.0009147008087086022,0.055663492730285424,0.5449630061938739,-0.002828610352633667,-318.724421288261,0.06882173366175777,0.4360902255639098,-4.998973852571433,0.3690506574674322,0.1565201024594002,0.2740116420082464,0.436018612767195,0.7468622570566118,-1.42938445119057,0.04195144084920266,0.02355559148047646,Oil & Gas E&P,Energy,CTRA
2015Q2,2015,Q2,2015-07-24,2015-06-30,-27508000.0,306297000.0,-18883000.0,-0.0665,16492000.0,0.0538431653,5504920000.0,2145916000.0,254993000.0,278852000.0,3359004000.0,20423000.0,1695205000.0,13048508433.713,15028277433.713,5.186967777178865,0.9144384834966218,0.36240308669335797,0.9296729228916696,-0.002908399959285748,5.186967777178865,-0.012818768302207541,42.60083655312654,-118.58830552669224,6.080624047592264,-0.300785226116039,14.190128776379572,0.0006340954632502471,0.05564059059895512,0.5507760389023568,-0.004996984515669619,-165.92711640021616,0.05384316529381613,-1.665,-2.2746728658672,0.5743192598828248,0.16799954183000163,-0.8714344738339687,-1.683343684014408,-1.2163125035798155,-1.7752770472769221,0.16778047501506432,0.019768870078588036,Oil & Gas E&P,Energy,CTRA
2015Q1,2015,Q1,2015-04-24,2015-03-31,40255000.0,464765000.0,87295000.0,0.1,128277000.0,0.276004002,5512323000.0,2175531000.0,349403000.0,402746000.0,3336792000.0,14087000.0,1730987000.0,12206048733.344,14069100733.344,5.263245625919331,0.8675517571869118,0.3405097995890299,0.8627778689432603,0.013606478845234441,5.263245625919331,0.018503528563831084,26.262839786438306,75.80455057349397,5.610606667220095,0.20526642653086574,23.886420103641655,0.0006769594469525149,0.08431381833031192,0.49467654551503926,0.0073027288132426205,-95.46342304020773,0.2760040020225275,1.1851851851851851,0.4090262037951168,1.1962443086081287,0.17854371914951173,-0.5736563446192298,1.181516068376839,-0.6666717578821562,1.223680144158743,0.728136170001834,0.03596689179188446,Oil & Gas E&P,Energy,CTRA
2014Q4,2014,Q4,2015-02-27,2014-12-31,-221771000.0,618004000.0,261889000.0,-0.54,300877000.0,0.4868528359,5437716000.0,2142733000.0,413447000.0,499018000.0,3294983000.0,14026000.0,1698995000.0,12229966763.035,13961012763.035,5.187775854346484,0.8285212156675711,0.3221940976689478,0.8176473690375796,0.029082055646006227,5.187775854346484,-0.10349912938289559,19.789462144314598,-13.786706515995101,5.707648485851948,-0.03724562724612325,22.60993868529873,0.0006753902246869385,0.11365139334235183,0.5209491441190498,-0.040783851161038935,-55.162994068879506,0.4868528359039747,-3.2500000000000004,-7.121572234396895,1.6567406064597043,0.18663338098453308,0.31642573373702726,-3.2003710759217365,0.375893790617891,-9.49707501023866,1.3290322827957455,0.02830832756154668,Oil & Gas E&P,Energy,CTRA
2014Q3,2014,Q3,2014-10-24,2014-09-30,100788000.0,512017000.0,190341000.0,0.24,228556000.0,0.4463836162,5807264000.0,2366471000.0,587946000.0,432791000.0,3440793000.0,13731000.0,1929026000.0,13604694953.827,14906707953.827,5.686267489721822,1.358498674880023,0.27758338522236975,0.6811830780939213,0.02788574565725636,5.686267489721822,0.042590000046482716,26.570787598511377,33.74582032044241,5.748937956064959,0.08273802436798032,20.6438715315709,0.0006129501637707973,0.08816836982096905,1.158196450480717,0.01735550510533015,1217.53131858126,0.4463836161689944,-0.14285714285714296,1.5812825580313976,1.463841721104062,0.2925979655978026,-0.08214865147061186,-0.14889376794460396,-0.09642397687191732,2.546878247815254,0.9579298504427843,0.16092621791753048,Oil & Gas E&P,Energy,CTRA
2014Q2,2014,Q2,2014-07-25,2014-06-30,118420000.0,533187000.0,210653000.0,0.28,249012000.0,0.4670256402,5208922000.0,2401939000.0,306096000.0,362147000.0,2806983000.0,11914000.0,1836577000.0,14246314322.709002,15393704322.709002,5.756028766496282,0.8452258337084112,0.22903011410038393,0.4966820556225616,0.03570967625125107,5.756028766496282,0.049301834892559716,26.719170427465414,30.075819799672775,5.931172408087383,0.07048640432359399,23.852190700016788,0.0005859059270294677,0.10236033482551668,0.7116171057609203,0.02273407050441531,281.22536070727233,0.4670256401600189,0.07692307692307698,3.6131671723057237,1.5861105523880938,0.29934966906040433,0.051011708297105426,0.10640842372770505,0.08312123689501098,1.164590431931664,1.2139409564466905,0.22092745100565786,Oil & Gas E&P,Energy,CTRA
2014Q1,2014,Q1,2014-04-25,2014-03-31,107031000.0,509803000.0,194487000.0,0.26,236926000.0,0.4647403016,5145775000.0,2268791000.0,373830000.0,432628000.0,2876984000.0,10392000.0,1726504000.0,14124572416.9,15321141416.9,5.442050851523147,0.8640910898046359,0.23747637625041904,0.5386128559219425,0.033514067038473504,5.442050851523147,0.04717534581193243,27.705942132353083,32.9917790567686,6.225594343815715,0.0778466051891508,26.25837182448037,0.0005898939630930557,0.09907215142519835,0.625257727192877,0.020799782345710803,-169.51588897303265,0.4647403016459299,0.368421052631579,1.2343011043197898,1.1644936320081907,0.20577527928395667,0.2654410665071464,0.37314294511584944,0.16321367480472254,7.299535874251564,1.437049931873195,0.2020168267166343,Oil & Gas E&P,Energy,CTRA
2013Q4,2013,Q4,2014-02-28,2013-12-31,77946000.0,487463000.0,167198000.0,0.19,187228000.0,0.3840865871,4981080000.0,2204602000.0,378899000.0,407905000.0,2776478000.0,17468000.0,1627805000.0,16231679402.452002,17355279402.452003,5.264419472078019,0.9288903053407044,0.23027134677620115,0.5202753150001679,0.025749720226682284,5.264419472078019,0.03535604158936624,33.29827987447663,52.06065546164012,7.362634798685659,0.10779257434634235,17.187714678268833,0.0005176297406866458,0.09786291326379018,0.6027776075311654,0.01564841359705124,-173.85931387251637,0.38408658708455823,0.11764705882352934,0.7607891782265719,1.0700325679792404,0.2154463612178418,0.11957711189910962,0.11528280559172402,0.2711583492990299,0.5760079585037113,1.2318131320313919,0.16892770058177065,Oil & Gas E&P,Energy,CTRA
2013Q3,2013,Q3,2013-10-25,2013-09-30,69889000.0,435850000.0,131532000.0,0.17,167231000.0,0.3836893427,5031392000.0,2328734000.0,289756000.0,399273000.0,2702658000.0,20839000.0,1558260000.0,15711197520.0,16845265520.0,5.531618628647983,0.7257089760639963,0.23095000349803793,0.49898356789568926,0.022753857070683794,5.531618628647983,0.030011585694201228,36.04725827693014,56.20053770979696,6.746669014151037,0.12051968120877392,12.89020586400499,0.0005361144489003917,0.08662612652721155,0.5219060642718141,0.013890589323988272,-367.40166779692726,0.3836893426637605,-0.19047619047619038,0.024485626425243778,0.7482244010789079,0.36850307271231714,-0.1719638940191423,-0.21573490136229997,-0.20155885780885782,16.709435266335106,0.9213503450087867,0.24782197196846403,Oil & Gas E&P,Energy,CTRA
2013Q2,2013,Q2,2013-07-26,2013-06-30,89114000.0,449680000.0,164736000.0,0.21,201961000.0,0.4491215976,5017936000.0,2286241000.0,403193000.0,494391000.0,2731695000.0,18276000.0,1496795000.0,14854846800.698,15949569800.698,5.4343994979771715,0.8155346679045533,0.227583612066794,0.49950989418875785,0.028926687373787882,5.4343994979771715,0.03897839291658228,33.03426169875912,41.67371793628947,6.497498208062054,0.04719797113809278,13.554333552199607,0.00028313991092808634,0.08961453474097716,0.5249286495911131,0.017759094575937197,1108.984456939007,0.4491215975805017,1.0999999999999999,0.5273365275381453,0.691761731697741,0.6473699873927004,0.45793900018047284,1.0809359237810574,0.8932125864803365,3.0608260256190722,1.272910621389397,0.2237161278859525,Oil & Gas E&P,Energy,CTRA
2013Q1,2013,Q1,2013-04-26,2013-03-31,42824000.0,373285000.0,87014000.0,0.1,138525000.0,0.371097151,4687836000.0,2123214000.0,238880000.0,447264000.0,2564622000.0,11278000.0,1411887000.0,14031714659.400002,15138257659.400002,5.051663097787295,0.5340917221149031,0.24040943411842905,0.5307990621764928,0.01620252575840938,5.051663097787295,0.020169422394539598,37.58981651928152,81.91501645922848,6.60871426968737,0.09809919671212404,20.815747472956197,0.00029939320332356557,0.07962842556778864,0.43177631108249265,0.009135131860414912,-295.50405735405616,0.37109715097043816,0.05263157894736847,-0.13377288389129335,0.5804240723176158,0.8553165762930124,1.822214176331628,0.0479126902559585,-0.17613641743279965,0.47413995379858315,0.7347624794891352,0.1311662495547443,Oil & Gas E&P,Energy,CTRA
2012Q4,2012,Q4,2013-02-28,2012-12-31,40866000.0,369879000.0,105617000.0,0.095,-168478000.0,-0.4554949051,4616313000.0,2131447000.0,270310000.0,444139000.0,2484866000.0,14173000.0,1373264000.0,10437939419.699999,11494203419.699999,5.078501310459853,0.6086157711887494,0.23546930201656605,0.50998218581086,0.015075760599288364,5.078501310459853,0.0191728905292977,28.219875742337354,63.85466781493172,4.897114223201421,0.10267704203983752,37.98468919777041,0.00040199505201962547,0.08012433299041898,0.45741310715789424,0.008852519315739639,-168.9041622657691,-0.45549490509058366,0.11764705882352934,-0.10086641632675153,0.7645781393182287,0.8423984714090801,-1.732777480569075,0.11631337412587413,0.3938238205212801,0.11011568754934319,0.5648237463816139,0.1616383108218361,Oil & Gas E&P,Energy,CTRA
2012Q3,2012,Q3,2012-10-26,2012-09-30,36608000.0,296874000.0,75775000.0,0.085,229917000.0,0.7744598719,4482937000.0,2100287000.0,224674000.0,412790000.0,2382650000.0,17696000.0,1336594000.0,9581279200.0,10605778200.0,5.008888369519594,0.5442815959688946,0.2368982655790166,0.5056451808728998,0.014729063817857251,5.008888369519594,0.01742999885253777,32.273891280475894,65.43159418706294,4.561890446400897,0.11453780594405595,3.78373643761302,0.0004376242370642951,0.06622310329143595,0.34477094890864607,0.008166075053028852,-102.03596553817319,0.7744598718648316,0.0,-0.04385932562183842,0.6090185327031626,0.8490594123984697,0.15558247303505193,0.01867156412610958,6.302910562837317,-0.06945081716201541,0.41787256153846397,0.13861666340009973,Oil & Gas E&P,Energy,CTRA
2012Q2,2012,Q2,2012-07-27,2012-06-30,35937000.0,265657000.0,10376000.0,0.085,198962000.0,0.7489431861,4410192000.0,2131330000.0,295867000.0,340859000.0,2278862000.0,11985000.0,1304178000.0,8254773219.024,9178132219.024,5.086415097941884,0.8680040720649888,0.22039856768140706,0.4560532625168322,0.0020165740209012787,5.086415097941884,0.01686130256694177,31.073049906548672,57.42530831054346,3.8730619936959556,0.11662075298438934,5.564872757613684,0.0005077062553749382,0.06023705997380613,0.4042962045889943,0.008148624821776466,-130.16451510649972,0.748943186138517,0.8888888888888891,-0.19634779307393282,0.39797103487816,0.9355737877552088,0.0013941666456954475,0.961840812315755,-0.7776301408028118,0.3941710987867046,0.2831839477523616,0.14819297163408285,Oil & Gas E&P,Energy,CTRA
2012Q1,2012,Q1,2012-04-27,2012-03-31,18318000.0,272136000.0,46661000.0,0.045,198685000.0,0.7300945116,4402794000.0,2124956000.0,339727000.0,322154000.0,2277838000.0,11393000.0,1272432000.0,6518519760.0,7498191760.0,5.080515282506408,1.0545484457743812,0.22985404268289636,0.4762451551938017,0.009160607954185475,5.080515282506408,0.008620413787391363,23.95316959167475,88.96331149688832,3.067602227999074,0.22802707719183318,6.4470288773808475,0.000640789650685971,0.06180984165963704,0.3956120364794477,0.004160539875360964,-114.82938608698716,0.7300945115677455,-0.30769230769230776,-0.30214132400263494,1.6272628309700867,3.0688600103072043,-0.018403240946593548,-0.30516253840609947,-0.348628463739792,-0.6188465219150795,0.151674200568433,0.12567116714023555,Oil & Gas E&P,Energy,CTRA
2011Q4,2011,Q4,2012-02-28,2011-12-31,26363000.0,268025000.0,71635000.0,0.065,202410000.0,0.7551907471,4331493000.0,2104768000.0,345800000.0,343344000.0,2226725000.0,21278000.0,1258291000.0,7916407950.000001,8836496950.0,5.044961433550175,1.0071531758236638,0.21932391441011218,0.45135615896858944,0.007644215795330894,5.044961433550175,0.012525370967251497,29.53608040294749,75.07119779615371,3.7611784054109525,0.1186890718051815,3.0837014757026036,0.00039525502219728325,0.061878202273442436,0.42429749755347407,0.006086354058519776,-82.6200773349197,0.7551907471317975,-0.03703703703703707,-0.24107468102060234,0.4438145296186445,1.0594075733560582,-0.021479021333990805,-0.07439786531844673,0.0981405117041988,-0.40221958057578244,0.1424682895094408,0.16477800627701059,Oil & Gas E&P,Energy,CTRA
2011Q3,2011,Q3,2011-10-28,2011-09-30,28482000.0,262117000.0,65233000.0,0.0675,206853000.0,0.7891628548,4472397000.0,2043170000.0,310037000.0,288977000.0,2429227000.0,28296000.0,1235059000.0,6456284350.0,7598356350.0,4.898043822217961,1.0728777722794547,0.2694304642454594,0.5897698184683604,0.012244285096598813,4.898043822217961,0.013940102879349247,24.631307202508804,56.66986473913349,3.159934978489308,0.10985885822624816,1.953067571388182,0.00048464408170002614,0.05860772198890215,0.6045394616180526,0.006368397081028362,-58.635924274348824,0.7891628547557007,-0.4807692307692307,-0.8606239553957489,0.3123517607005413,1.0772636453977844,0.07597517776610298,-0.4790862702781791,0.6954205218837717,-0.5786399644898157,0.06106290736445399,0.21175888487149372,Oil & Gas E&P,Energy,CTRA
2011Q2,2011,Q2,2011-07-29,2011-06-30,54677000.0,240696000.0,38476000.0,0.13,192247000.0,0.7987128993,4250160000.0,1966199000.0,235838000.0,286724000.0,2283961000.0,24044000.0,1209705000.0,6913745422.944,7969431422.944,4.71447239699225,0.8225261924359314,0.25763735953469985,0.5569120928247853,0.0077588395917606405,4.71447239699225,0.027808477168384277,28.72397307368631,31.611762820491247,3.5162999385840394,0.0572086983557986,2.015014140741973,0.00045243204784766865,0.05663222090462477,0.573795705975084,0.012864692152766014,-96.6187154707995,0.7987128992588161,3.3333333333333335,0.09082572677343961,0.17948985157472916,1.5815841850320949,0.30353740481824776,3.243132081328574,0.015010420239005989,-0.05470023041316867,-0.086558852225313,0.4291331242922513,Oil & Gas E&P,Energy,CTRA
2011Q1,2011,Q1,2011-04-29,2011-03-31,12886000.0,209026000.0,37907000.0,0.03,147481000.0,0.7055629443,4048407000.0,1886020000.0,161538000.0,241702000.0,2162387000.0,20806000.0,1158156000.0,5516507680.0,6546611680.0,4.527433169457674,0.6683353882053107,0.2605963283829911,0.5593790097665985,0.00873093100921155,4.527433169457674,0.006832377175215534,26.391490436596403,107.02521496197423,2.924946543514915,0.2422784417196958,2.9580409497260405,0.0005659377601011515,0.05163166648017356,0.4915350307403331,0.0031829803673395487,-49.27389045696523,0.7055629443227158,-0.75,-0.7734111058808285,-0.09013481405072778,1.6092452736990819,-0.2848677925994889,-0.7376041051538414,0.060662021880858445,-0.7370169149655252,-0.10710878168685309,0.6627834526480759,Oil & Gas E&P,Energy,CTRA
2010Q4,2010,Q4,2011-02-28,2010-12-31,49109000.0,216875000.0,35739000.0,0.12,206229000.0,0.9509118156,4005031000.0,1872700000.0,203008000.0,303835000.0,2132331000.0,29667000.0,1148391000.0,3934696750.0,4853747750.0,4.503631378962051,0.668152122039923,0.2434438085497965,0.5206386500774283,0.005552170553645748,4.503631378962051,0.02622363432477172,18.1426939481268,20.030425940255352,2.1010822609067126,0.06351177991814128,0.35884990056291505,0.0007926913300243532,0.05415064202998678,0.49512728948277845,0.012261827686227647,-48.154998225409685,0.9509118155619597,11.0,-0.2094774038704952,-0.0925662918776815,1.9383967922156886,0.13074683495720543,11.598512057465367,-0.3816461061992837,0.09057810563461552,0.044297665325813106,0.6338449202129518,Oil & Gas E&P,Energy,CTRA
2010Q3,2010,Q3,2010-10-29,2010-09-30,3898000.0,224062000.0,57797000.0,0.01,182383000.0,0.8139845221,3946710000.0,1843338000.0,220985000.0,304539000.0,2103372000.0,0.0,0.0,3130085050.0,4150085050.0,4.433019094800635,0.7256377672482014,0.2584431083104662,0.5533439879175712,0.014266879648882715,4.433019094800635,0.002114642024414405,13.969727352250716,200.74942598768598,1.6980526902825201,0.8004104669061057,0.0,0.0009967780268462672,0.056771842876725175,0.0,0.0009876580747001933,-39.290099289533806,0.8139845221411931,-0.8095238095238095,-0.891248053798607,0.30452169363981363,2.456409251989892,0.22321781879397187,-0.8202195369430865,0.11002919259429976,-0.8973356781353161,0.22458520388462128,0.6364740193579976,Oil & Gas E&P,Energy,CTRA
2010Q2,2010,Q2,2010-07-30,2010-06-30,21682000.0,195474000.0,52068000.0,0.0525,149101000.0,0.7627664037,3870200000.0,1845904000.0,248257000.0,226833000.0,2024296000.0,23534000.0,1101622000.0,3254617800.0,4221932800.0,4.440898811528653,1.0944483386456114,0.2622603483024133,0.549866081876414,0.010871069956584444,4.440898811528653,0.011746006292851633,16.649875686792104,37.52672493312425,1.763156588858359,0.14371367954985703,1.9704682586895554,0.000957408885307516,0.05050746731435068,0.5758156881935168,0.0056022944550669215,-35.50789120544627,0.7627664037160953,-0.2500000000000001,-0.4237143177881626,0.2116816816772294,2.3691667196083457,-0.06741348144534304,-0.24442431000836354,-0.14063608905907013,-0.5112054812594281,0.0369709122969289,0.6899303670961093,Oil & Gas E&P,Energy,CTRA
2010Q1,2010,Q1,2010-04-30,2010-03-31,28696000.0,212556000.0,60589000.0,0.07,159879000.0,0.7521735449,3811917000.0,1854130000.0,293897000.0,265302000.0,1957787000.0,17671000.0,1083056000.0,3819619199.9999995,4706114200.0,4.465889165076979,1.107782828625491,0.24003670594086912,0.4934929050282343,0.013745933271560326,4.465889165076979,0.01547680044009859,17.969942979732398,33.27658210203513,2.0600600820870163,0.10844717033732924,2.9809857959368458,0.0008147409040147248,0.05576092029286052,0.5129060466939563,0.007527970834622055,-32.01531523980353,0.752173544854062,-0.20182440136830096,0.9464538768731883,1.0776849550829808,4.639100828756077,-0.28471532494027324,-0.2108678913210868,-0.0917962016398603,0.10133826969615116,1.0672872815220722,2.576621036219279,Oil & Gas E&P,Energy,CTRA
2009Q4,2009,Q4,2010-02-26,2009-12-31,36364000.0,233492000.0,66713000.0,0.0877,223518000.0,0.957283333,3683401000.0,1812514000.0,281502000.0,308741000.0,1870887000.0,27990000.0,1057472000.0,4517972730.0,5282814730.0,4.371843854621938,0.9117739464470219,0.2185480212444966,0.44413450047834113,0.019085978425755764,4.371843854621938,0.020062741584340866,19.349582555290972,31.060751911230888,2.492655356041388,0.08549664503354966,0.3563415505537692,0.0006881404970321722,0.06339032866636024,0.4192154589121626,0.00987239781929798,72.08457352096497,0.9572833330478132,-0.0768421052631579,0.06301794463838176,0.42246568489785163,2.747376971006619,0.3812072076525694,-0.0651207033961488,-0.10719591022844371,0.053429595472636184,0.26572034984341253,0.7846337305700269,Oil & Gas E&P,Energy,CTRA
2009Q3,2009,Q3,2009-10-29,2009-09-30,38897000.0,207021000.0,74723000.0,0.095,161828000.0,0.781698475,3589054000.0,1823814000.0,335007000.0,247172000.0,1765240000.0,36769000.0,1024217000.0,3705380250.0,4479710250.0,4.399099829228053,1.3553598304015018,0.22568621146407938,0.44412423635304915,0.018433383709878834,4.399099829228053,0.02132728447089451,17.898571884011766,23.815334408823304,2.0316656468258274,0.07995475229452143,1.2291060404144796,0.0008393200670835336,0.05768121627593232,0.4910993154564433,0.010837674774467032,9240.349750623442,0.7816984750339337,0.52,1.0561201698118545,0.6331092967269777,3.2597919293231814,0.00720731935022095,0.5252529213395027,0.3776618300484891,-0.8084867310108195,0.04288058138951018,0.8656611658474449,Oil & Gas E&P,Energy,CTRA
2009Q2,2009,Q2,2009-07-30,2009-06-30,25502000.0,204824000.0,54239000.0,0.0625,160670000.0,0.784429559,3623684000.0,1836472000.0,370822000.0,265127000.0,1787212000.0,29514000.0,988430000.0,3175529600.0,3960681600.0,4.429930528753377,1.3986580016369514,0.2249092360150609,0.4437856934382882,0.013310377184621134,4.429930528753377,0.013886408287194141,15.503698785298598,31.130201552819386,1.7291467553003805,0.12195121951219512,1.4960357796300061,0.0009793641980222762,0.056523692463250105,0.3182210789546142,0.007037589370375562,204.7011925481854,0.7844295590360505,-0.47916666666666663,0.24290114398479462,0.6104930076700801,3.410640924390879,-0.06720078957299196,-0.46401849516603616,-0.3966539484076221,-0.488162721426257,0.009748360410635556,1.4257727335760202,Oil & Gas E&P,Energy,CTRA
2009Q1,2009,Q1,2009-04-30,2009-03-31,47580000.0,233939000.0,89897000.0,0.12,172245000.0,0.7362816803,3748771000.0,1868894000.0,457074000.0,312314000.0,1879877000.0,27618000.0,966038000.0,2439989970.0,3291740970.0,4.513320968692343,1.4635078798901107,0.23394333769654108,0.46926149904702996,0.020585261827792547,4.513320968692343,0.025458907781821763,10.430026502635302,12.820460119798234,1.3055796476418673,0.06521647751155948,2.2338330074589035,0.0012717265391054046,0.062404185264984174,0.3216858674282933,0.012692159643787258,-97.75209206361924,0.7362816802670782,0.09090909090909087,1.349797692979292,0.6078673262782058,3.6696212051860724,0.024261885648024263,0.08878718535469107,-0.5690026320962321,-0.15831279328773495,0.02443678125964343,1.6011121457720177,Oil & Gas E&P,Energy,CTRA
2008Q4,2008,Q4,2009-02-27,2008-12-31,43700000.0,232466000.0,208579000.0,0.11,168165000.0,0.7233961095,3701664000.0,1790562000.0,460551000.0,378913000.0,1911102000.0,45677000.0,921561000.0,2687126000.0,3526025000.0,4.331264332227071,1.2154531515149916,0.23421898908166705,0.4842055175972683,0.04670713792633827,4.331264332227071,0.02440574523529484,11.559221563583492,15.372574370709382,1.5007165348086244,0.07093821510297482,1.4077325568666943,0.0011536489170958118,0.06280040543928352,0.36344490687835995,0.011805501525800288,-55.07534330805493,0.7233961095385992,-0.3125,1.0633286158056292,0.7908696422739402,3.5797447935246427,-0.1266061430752771,-0.34766383042245114,0.8182047996373685,-0.2924366424537391,-0.021647051566754928,1.8259358169290112,Oil & Gas E&P,Energy,CTRA
2008Q3,2008,Q3,2008-11-03,2008-09-30,66990000.0,244820000.0,114717000.0,0.16,192542000.0,0.7864635242,3538106000.0,1671018000.0,430494000.0,318034000.0,1867088000.0,52152000.0,880961000.0,3735105140.0,4507731140.0,4.042094416115955,1.353609991384569,0.2317624175194299,0.4907188312753064,0.029598110601502265,4.042094416115955,0.04008933476479607,15.25653598562209,13.939039931333035,2.23522735242828,0.04627556351694283,1.002416014726185,0.000829963249709217,0.06919521348427661,0.6161322374337335,0.01893385896295928,-38.047704876284776,0.7864635242218773,0.14285714285714277,1.7604246009498568,0.8225634207901169,3.3838343208302963,-0.011530484424091833,0.22636155606407324,0.21927810726356736,0.8799049021914809,0.43370794081095293,2.15160666771461,Oil & Gas E&P,Energy,CTRA
2008Q2,2008,Q2,2008-07-30,2008-06-30,54625000.0,248854000.0,94086000.0,0.14,194788000.0,0.7827400805,2718432000.0,1299305000.0,436758000.0,475254000.0,1419127000.0,19702000.0,817072000.0,6669170303.867999,6797839303.867999,3.298833619385175,0.9189991036372129,0.0974826664783228,0.2039551914292641,0.03738607866231914,3.298833619385175,0.04204170691254171,26.799530262193894,30.522518553171626,5.132875116980231,0.053876430205949656,2.7441884072682976,0.0004412842776399206,0.09154321314640204,0.630483909656731,0.02009430436369201,-187.4626237876096,0.7827400805291456,0.16666666666666682,1.9726952451864561,0.9128684655680701,3.009324948457517,0.16773075793272546,0.1881457313757477,0.2368019770743506,0.532207116325269,0.6279149199475997,1.5027186872857135,Oil & Gas E&P,Energy,CTRA
2008Q1,2008,Q1,2008-05-05,2008-03-31,45975000.0,219651000.0,76072000.0,0.12,166809000.0,0.7594274554,2329990000.0,1064246000.0,272004000.0,321626000.0,1265744000.0,12504000.0,765389000.0,4967881440.0,5295889440.0,2.722803839698719,0.8457152095912643,0.15879896480242406,0.3476639799444865,0.0347954642002723,2.722803839698719,0.04319959858904802,22.6171583102285,27.014037194127244,4.6679822522236405,0.06373028820010876,4.226007677543186,0.0005897886323148646,0.09427122004815472,0.5626193156025944,0.01973184434267958,-10846.90270742358,0.7594274553723862,0.09090909090909087,2.387989746408413,0.5796115890156701,2.4785909153146335,0.2684805669832627,0.09341926891335886,0.09076309827650483,2.3124631805740288,1.2805840327346485,2.4380981751750688,Oil & Gas E&P,Energy,CTRA
2007Q4,2007,Q4,2008-02-27,2007-12-31,42047000.0,193917000.0,69742000.0,0.11,131503000.0,0.6781406478,2208594000.0,1070257000.0,221413000.0,252266000.0,1138337000.0,27353000.0,722344000.0,3918635159.9999995,4250137159.9999995,2.756461964808176,0.8776965583947104,0.15847186037814104,0.3270242567906587,0.03223867944260363,2.756461964808176,0.039286825500790934,20.20779591268429,23.29913644255238,3.6613964309506963,0.0,2.281797243446788,0.0,0.08780110785413707,0.5218142754077045,0.01903790375234199,-587.5015232383807,0.678140647802926,0.22222222222222227,3.7741362286497093,0.8401221705463435,1.9990399249573116,0.028467969623737908,0.18599272275971004,-0.19776844769080348,0.3124555882659296,0.2614392259223825,1.3627335357500037,Oil & Gas E&P,Energy,CTRA
2007Q3,2007,Q3,2007-10-29,2007-09-30,35453000.0,170848000.0,86935000.0,0.09,127863000.0,0.7484020884,2077246000.0,1051784000.0,197835000.0,223665000.0,1025462000.0,36202000.0,683214000.0,3482799840.0000005,3783348840.0000005,2.7088844933448715,0.8845147877405942,0.1516430889745365,0.2994911502742008,0.04370167282461784,2.7088844933448715,0.033707491271972194,20.38537085596554,24.55927453247962,3.3113261277981034,0.08216512001805207,1.1873653389315508,0.0008363960416398778,0.08224736020673526,0.5139203719848882,0.017067309312426164,-59.759777625257385,0.7484020884060686,-0.18181818181818185,4.687528434936838,0.9623282005699662,1.916090191116321,-0.04545658146201625,-0.14315061871616397,0.23759698199160081,1.0010872825585757,0.43910142410381936,1.6231012593874448,Oil & Gas E&P,Energy,CTRA
2007Q2,2007,Q2,2007-07-30,2007-06-30,41376000.0,175832000.0,70245000.0,0.11,133952000.0,0.7618180991,1969261000.0,1018863000.0,213662000.0,236111000.0,950398000.0,23119000.0,650673000.0,3574741520.0000005,3806150520.0000005,2.627859051470664,0.9049218376102766,0.12949019962310734,0.2502789874595505,0.034245022514148,2.627859051470664,0.040609974059319064,20.330437690522775,21.599124613302397,3.5085595610008413,0.07025812064965198,1.8114970370690773,0.0008132056496213465,0.08928831678482436,0.5582586156511132,0.021010927449434075,-76.74083379846293,0.7618180990945903,0.76,18.16201734911377,0.9279726120542463,1.8843203305030927,-0.043821516014590514,-0.1477125260057264,-0.11290017048683462,1.1561775587234162,0.478255789176475,1.6164163525176531,Oil & Gas E&P,Energy,CTRA
2007Q1,2007,Q1,2007-05-02,2007-03-31,48547000.0,191573000.0,79185000.0,0.0625,140091000.0,0.7312669322,1843357000.0,965893000.0,219519000.0,217110000.0,877464000.0,15410000.0,612205000.0,6509507399.999999,6682065399.999999,1.24863359015461,1.0110957579107365,0.1247723582572448,0.23812161388476777,0.042711321636993295,1.24863359015461,0.05026126082288618,33.97925281746383,33.52167693163326,6.739366989925384,0.03981708447483882,3.3408176508760543,0.00029695027307289034,0.10392615212354417,0.7136889134540095,0.026336189897019406,395.5223842508202,0.73126693218773,-0.24969987995198079,30.825573318476398,0.25106485378138743,0.4106436608526731,0.17236848712069225,0.5111436219884206,0.44783514956483583,0.2834024914786054,-0.29518307198529387,0.2918748590093986,Oil & Gas E&P,Energy,CTRA
