Quarters,Year,Quarter,FillingDate,Date,NetIncome,Revenue,OperatingIncome,EPSDiluted,GrossProfit,GrossProfitRatio,TotalAssets,CommonStockEquity,CurrentAssets,CurrentLiability,TotalLiability,Inventory,RetainedEarnings,MarketCap,EnterpriseValue,bookValuePerShare,currentRatio,debtToAssets,debtToEquity,roic,shareholdersEquityPerShare,roe,priceToSalesRatio,peRatio,pbRatio,payoutRatio,inventoryTurnover,dividendYield,assetTurnover,quickRatio,returnOnAssets,priceToFreeCashFlowsRatio,grossProfitMargin,epsdilutedGrowth,fiveYNetIncomeGrowthPerShare,fiveYRevenueGrowthPerShare,fiveYShareholdersEquityGrowthPerShare,grossProfitGrowth,netIncomeGrowth,operatingIncomeGrowth,threeYNetIncomeGrowthPerShare,threeYRevenueGrowthPerShare,threeYShareholdersEquityGrowthPerShare,Industry,Sector,Symbol
2023Q1,2023,Q1,2023-05-15,2023-03-31,2456000.0,0.0,-322000.0,0.19,0.0,0.0,132593000.0,127908000.0,311000.0,257000.0,4685000.0,0.0,-4374000.0,632500.0,514500.0,10.111304347826087,1.2101167315175096,0.0,0.0,-0.005794581912919545,10.111304347826087,0.019201300935047065,0.0,0.06438314332247558,0.004944960440316478,0.0,0.0,0.0,0.0,0.4591439688715953,0.01852284811415384,0.5003955696202531,0.0,0.2666666666666667,0.0,0.0,0.0,0.0,0.3126670229823624,-6.8545454545454545,0.0,0.0,0.0,Shell Companies,Financial Services,CCTSW
2022Q4,2022,Q4,2023-03-30,2022-12-31,1871000.0,0.0,55000.0,0.15,0.0,0.0,131411000.0,126841000.0,518000.0,142000.0,4570000.0,0.0,-4052000.0,126500.0,-116500.0,10.02695652173913,3.647887323943662,0.0,0.0,0.0010401170534723567,10.02695652173913,0.01475075094015342,0.0,0.016902725815072156,0.0009973115948313242,0.0,0.0,0.0,0.0,1.7112676056338028,0.014237773093576642,0.1454022988505747,0.0,0.9157088122605365,0.0,0.0,0.0,0.0,0.8898989898989899,1.298913043478261,0.0,0.0,0.0,Shell Companies,Financial Services,CCTSW
2022Q3,2022,Q3,2022-11-14,2022-09-30,990000.0,0.0,-184000.0,0.0783,0.0,0.0,130625000.0,126061000.0,797000.0,136000.0,4564000.0,0.0,-3741000.0,886765.0,422765.0,9.965296442687746,5.860294117647059,0.0,0.0,-0.0035856444543380796,9.965296442687746,0.00785334084292525,0.0,0.22393055555555552,0.007034411911693545,0.0,0.0,0.0,0.0,3.411764705882353,0.007578947368421052,1.7252237354085602,0.0,2.2090163934426226,0.0,0.0,0.0,0.0,2.203883495145631,0.663003663003663,0.0,0.0,0.0,Shell Companies,Financial Services,CCTSW
2022Q2,2022,Q2,2022-08-15,2022-06-30,309000.0,0.0,-546000.0,0.0244,0.0,0.0,130195000.0,125658000.0,870000.0,109000.0,4537000.0,0.0,-3557000.0,1391500.0,854500.0,9.933438735177866,7.981651376146789,0.0,0.0,0.04068619152418035,9.933438735177866,0.00245905553168123,0.0,1.1258090614886733,0.011073708001082302,0.0,0.0,0.0,0.0,4.926605504587156,0.0023733630323745153,-46.38333333333333,0.0,0.0,0.0,0.0,0.0,0.0,2.331896551724138,-0.8698630136986302,0.0,0.0,0.0,Shell Companies,Financial Services,CCTSW
2022Q1,2022,Q1,2022-05-16,2022-03-31,-232000.0,0.0,-292000.0,0.0,0.0,0.0,130308000.0,125691000.0,1071000.0,189000.0,4617000.0,0.0,-3339000.0,0.0,-738000.0,0.0,5.666666666666667,0.0,0.0,-0.0021053615612891935,0.0,-0.0018457964372946352,0.0,0.0,0.0,0.0,0.0,,0.0,3.9047619047619047,-0.001780397212757467,0.0,0.0,0.0,0.0,0.0,0.0,0.0,0.38565341849448015,0.23487502522030096,0.0,0.0,0.0,Shell Companies,Financial Services,CCTSW
2021Q4,2021,Q4,2022-03-31,2021-12-31,-377637.0,0.0,-381637.0,0.0,0.0,0.0,130615000.0,125947000.0,1308000.0,240000.0,4668000.0,0.0,-3083000.0,0.0,-975000.0,0.0,5.45,0.0,0.0,-0.00301417630923479,0.0,-0.002998380271066401,0.0,0.0,0.0,0.0,0.0,,0.0,4.0625,-0.002891222294529725,0.0,0.0,0.0,0.0,0.0,0.0,0.0,-17.88185,-18.08185,0.0,0.0,0.0,Shell Companies,Financial Services,CCTSW
2021Q3,2021,Q3,2021-12-16,2021-09-30,-20000.0,0.0,-20000.0,0.0,0.0,0.0,155637.0,-259363.0,39084.0,415000.0,415000.0,0.0,-284363.0,0.0,260916.0,0.0,0.09417831325301204,1.9275622120703946,-1.1566800198948963,-0.49216231513153036,0.0,0.07711200132632642,0.0,0.0,0.0,0.0,0.0,,0.0,0.09417831325301204,-0.12850414747135963,0.0,0.0,0.0,0.0,0.0,0.0,0.0,0.0,0.0,0.0,0.0,0.0,Shell Companies,Financial Services,CCTSW
2021Q2,2021,Q2,2021-06-30,2021-06-30,,,,,,,255735.0,-239363.0,170638.0,495098.0,495098.0,0.0,-264363.0,0.0,129362.0,0.0,0.3446549975964355,1.1730893307525367,-1.25332653751833,,0.0,,0.0,0.0,0.0,0.0,0.0,,,0.3446549975964355,,0.0,0.0,0.0,0.0,0.0,0.0,0.0,0.0,0.0,0.0,0.0,0.0,Shell Companies,Financial Services,CCTSW
2021Q1,2021,Q1,2021-04-30,2021-04-30,,,,,,,0.0,-175000.0,0.0,175000.0,175000.0,0.0,-200000.0,0.0,0.0,0.0,0.0,0.0,0.0,,0.0,,0.0,0.0,0.0,0.0,0.0,,0.0,0.0,0.0,0.0,0.0,0.0,0.0,0.0,0.0,0.0,0.0,0.0,0.0,0.0,0.0,Shell Companies,Financial Services,CCTSW
