Quarters,Year,Quarter,FillingDate,Date,NetIncome,Revenue,OperatingIncome,EPSDiluted,GrossProfit,GrossProfitRatio,TotalAssets,CommonStockEquity,CurrentAssets,CurrentLiability,TotalLiability,Inventory,RetainedEarnings,MarketCap,EnterpriseValue,bookValuePerShare,currentRatio,debtToAssets,debtToEquity,roic,shareholdersEquityPerShare,roe,priceToSalesRatio,peRatio,pbRatio,payoutRatio,inventoryTurnover,dividendYield,assetTurnover,quickRatio,returnOnAssets,priceToFreeCashFlowsRatio,grossProfitMargin,epsdilutedGrowth,fiveYNetIncomeGrowthPerShare,fiveYRevenueGrowthPerShare,fiveYShareholdersEquityGrowthPerShare,grossProfitGrowth,netIncomeGrowth,operatingIncomeGrowth,threeYNetIncomeGrowthPerShare,threeYRevenueGrowthPerShare,threeYShareholdersEquityGrowthPerShare,Industry,Sector,Symbol
2023Q4,2023,Q4,2023-05-26,2023-03-26,-5638700.0,104200900.0,-4516600.0,-0.61,20835200.0,0.1999522077,232600400.0,73116200.0,164427000.0,83192000.0,159484200.0,73353700.0,2433300.0,41980811.6,119551711.6,7.924542125812546,1.9764761034714877,0.3368356202310916,1.0715559616063197,-0.02858935939423497,7.924542125812546,-0.07711970808110925,0.40288338776344546,-1.8612805965914128,0.5741656650646505,0.0,1.136489365907923,0.0,0.44798246262689145,1.0513270506779497,-0.02424200474289812,-8.24818979507633,0.19995220770645936,-13.2,-5.657438274826415,-0.32472943703066676,-0.34695655124697,-0.12054737855143915,-14.276901342123852,-10.952842661965624,0.6286139265957386,-0.24629912105854637,-0.19011822695253197,Communication Equipment,Technology,TESS
2023Q3,2023,Q3,2023-02-08,2022-12-25,424700.0,114879700.0,453800.0,0.05,23691100.0,0.2062252948,229737400.0,78253300.0,162027200.0,78441400.0,151484100.0,70855700.0,8070800.0,44939528.19,116704428.19,8.506261322633614,2.0655827152498554,0.3266194359298921,0.9588950242353996,0.002616139247542187,8.506261322633614,0.0054272471576278574,0.3911877223739268,26.45368977513539,0.5742828505634906,0.0,1.286962093381337,0.0,0.5000478807542873,1.1028742475274536,0.0018486323950736797,-5.671103843872644,0.20622529480839522,-0.5833333333333333,-0.757023235624207,-0.2944069581965481,-0.34982410053030255,-0.02041769864667623,-0.6277500219125252,-0.5284704904405653,1.0785241494747928,-0.23586252716328043,-0.2547442809152459,Communication Equipment,Technology,TESS
2023Q2,2023,Q2,2022-10-28,2022-09-25,1140900.0,120512900.0,962400.0,0.12,24184900.0,0.2006830804,230489700.0,77387100.0,166723700.0,87488600.0,153102600.0,70573500.0,7646100.0,37799725.88,102157325.88,8.455318538939627,1.9056619948198965,0.29363221002934187,0.8745540277384732,0.006646598242053572,8.455318538939627,0.014742767205386944,0.3136570929751089,8.282874458760627,0.48844995974781324,0.0,1.3649315961373603,0.0,0.5228559020207845,1.0500408053163497,0.0049498958087931914,-3.3145152161903844,0.20068308040052144,3.1015761821366024,-0.40640573821367904,-0.23336832163298635,-0.33779893814449363,0.08145004784603414,3.205063780440665,4.880645161290323,47.34282851189916,-0.20780685159045742,-0.305533478223737,Communication Equipment,Technology,TESS
2023Q1,2023,Q1,2022-07-28,2022-06-26,-517400.0,112161200.0,-248000.0,-0.0571,22363400.0,0.1993862405,212017700.0,75828900.0,147801200.0,81672500.0,136188800.0,59785800.0,6505200.0,52392700.18,105953500.18,8.365498256325983,1.8096813492913773,0.2668017811720437,0.7459781165228561,-0.001794675059212366,8.365498256325983,-0.006823256040902611,0.46711964725769695,-25.315375038654814,0.6909331426408665,0.0,1.5019921118392663,0.0,0.5290180961306532,1.0231779362698583,-0.0024403622905068774,-16.12480000615536,0.19938624051811144,0.5241666666666667,-1.7134992064079566,-0.24559372389458947,-0.3344444460857694,0.18111142799801416,0.5020211742059673,0.5653697861899755,0.8055012154333807,-0.1960156135378152,-0.3225143434230703,Communication Equipment,Technology,TESS
2022Q4,2022,Q4,2022-05-26,2022-03-27,-1039000.0,101590100.0,-570600.0,-0.12,18934200.0,0.1863783971,202513300.0,75923100.0,143619300.0,76035600.0,126590200.0,55945300.0,6780300.0,54680751.93,105489151.93,8.455839809809287,1.888842857819232,0.25955036039608265,0.6923110357717216,-0.004562374843524753,8.455839809809287,-0.013684899589189588,0.5382488247378435,-13.157062543310875,0.7202123191755868,0.0,1.4774413578978038,0.0,0.5016465585223292,1.114113652026156,-0.0051305272295696135,-12.699029687173413,0.1863783971075922,-1.857142857142857,-0.1571731873951207,-0.2088364268501571,-0.32887985711883283,-0.03499347631085379,-1.8551440329218107,-2.23828125,-2.928621978991868,-0.35998745026487566,-0.362628264718311,Communication Equipment,Technology,TESS
2022Q3,2022,Q3,2022-02-04,2021-12-26,1215000.0,102462400.0,460800.0,0.14,19620800.0,0.1914926841,188321900.0,76742000.0,131935400.0,65334500.0,111579900.0,51521600.0,8395900.0,57955037.94,104838237.94,8.56734388672199,2.0193833273385424,0.2549114043560521,0.625542727580725,0.04840925492900292,8.56734388672199,0.015832269161606422,0.5656224911772514,11.924904925925926,0.7551932180553023,0.0,1.6079003757647279,0.0,0.5440811716534296,1.176698375284115,0.006451719104363327,9.05858856794523,0.19149268414559878,2.555555555555556,-0.09573000040802108,-0.3639730245520014,-0.3637003585511456,-0.00883525210020358,2.4696988024676423,1.3864799127736307,-0.5761234549542942,-0.36518605786167,-0.338490199671407,Communication Equipment,Technology,TESS
2022Q2,2022,Q2,2021-10-29,2021-09-26,-826700.0,108536200.0,-1192300.0,-0.09,19795700.0,0.18238799589445734,201206100.0,74987100.0,147400300.0,72055800.0,126219000.0,57410300.0,6937100.0,49363422.1,103176122.1,8.415715854513255,2.045641017100636,0.2776625559563055,0.7450268112782065,-0.007980002485947798,8.415715854513255,-0.011024562891484001,0.4548106723839604,-14.927852334583283,0.6582921875895987,0.0,1.5457243735009223,0.0,0.5394279795692078,1.185865676323072,-0.004108722349869114,-8.115913733291682,0.18238799589445734,0.5263157894736842,-1.77316323929117,-0.250420800456796,-0.36873349743604356,0.005562272048440024,0.5186047865835905,0.39186983576456186,-1.6627113257028137,-0.346887690839142,-0.33743066312074754,Communication Equipment,Technology,TESS
2022Q1,2022,Q1,2021-08-05,2021-06-27,-1717300.0,104956100.0,-1960600.0,-0.19,19686200.0,0.18756603951556888,210281100.0,75359300.0,159393100.0,86050900.0,134921800.0,69017500.0,7763800.0,57975164.160000004,106366164.16,8.501050909314062,1.8523118293939982,0.24062314682584407,0.6714300690160339,-0.014582744122102297,8.501050909314062,-0.02278816284121535,0.5523753660816284,-8.439871332906305,0.7693166491726967,0.0,1.2354823052124462,0.0,0.49912284080690084,0.9752611535730596,-0.008166687353261896,-7.241283525267918,0.18756603951556888,0.42424242424242425,-20.372333244291067,-0.2603586215887751,-0.38287856569600354,0.16998692499702842,0.4139307897071872,0.2880900508351489,-2.3837381366589447,-0.3508741501924924,-0.34788920510836563,Communication Equipment,Technology,TESS
2021Q4,2021,Q4,2021-06-11,2021-03-28,-2930200.0,88733100.0,-2754000.0,-0.33,16826000.0,0.18962484123737366,189077900.0,76750200.0,139826000.0,71985100.0,112327700.0,53060000.0,9481100.0,62761796.08,103731996.08,8.706911817874795,1.9424297528238483,0.22255483057512274,0.5482747927692696,-0.006420939265265785,8.706911817874795,-0.038178402140971616,0.707309854834329,-5.354736543580643,0.8177411404791127,0.0,1.3552035431586882,0.0,0.4692938730544395,1.1334039961047495,-0.015497316185551035,-20.253580766748417,0.18962484123737366,-2.0000000000000004,-0.38506653093334364,-0.26889974138348305,-0.3584885460885817,-0.028280693243703692,-2.2045056867891515,0.5622387181891879,-3.533316470313249,-0.3981114713803679,-0.2824832487150853,Communication Equipment,Technology,TESS
2021Q3,2021,Q3,2021-02-05,2020-12-27,-914400.0,99237600.0,-6291100.0,-0.11,17315700.0,0.17448729110740283,195346900.0,79217400.0,148291400.0,79713000.0,116129500.0,52461700.0,12411300.0,59594568.449999996,97486368.44999999,9.105514212344296,1.8603163850312998,0.19517074496703044,0.4812831524387319,-0.04300736165107448,9.105514212344296,-0.011542918601216399,0.6005240800865801,-16.293353141404197,0.7522913962084087,0.0,1.561556335383718,0.0,0.5080070377364575,0.9796482380540188,-0.004680903561817464,-20.638096845130903,0.17448729110740283,-2.666666666666667,-1.3002977306695083,-0.3256486676783763,-0.35278036712979677,-0.23625850160107972,-2.426002248032971,-43.93642857142857,-1.5531800810506522,-0.35548195373388297,-0.30402021891891234,Communication Equipment,Technology,TESS
2021Q2,2021,Q2,2020-11-06,2020-09-27,-266900.0,119655400.0,-140000.0,-0.03,22672200.0,0.18947912087544733,199698100.0,79717700.0,151454800.0,108922400.0,119980400.0,62364300.0,13325700.0,51768124.46,96579624.46000001,9.208597973611038,1.3904835001799447,0.22449337274616032,0.5623707156628954,-0.0011065233089308263,9.208597973611038,-0.0033480644825427727,0.43264344492601253,-48.490187766953916,0.6493931016574739,0.0,1.5551076497290919,0.0,0.5991814644205428,0.6858855478762862,-0.0013365174731256831,-7.6351913601368695,0.18947912087544733,0.9444444444444444,-1.0934272135834984,-0.19136278569312815,-0.3308897006787529,0.20432175164801308,0.9423716370859784,0.9714792103815674,-1.1468141920517743,-0.19524649229602623,-0.2788038288276682,Communication Equipment,Technology,TESS
2021Q1,2021,Q1,2020-08-06,2020-06-28,-4631400.0,119813500.0,-4908700.0,-0.54,18825700.0,0.15712503182028736,204954700.0,79457100.0,157904200.0,113766000.0,125497600.0,69664400.0,72147600.0,44812575.6,83590275.6,9.220110972599397,1.3879735597630223,0.18920571228666627,0.4880444919333829,-0.03439917730998881,9.220110972599397,-0.05828805732904926,0.37401941851293885,-2.418954074361964,0.5639845350509898,0.0,1.4496328110196888,0.0,0.5845852766489376,0.6491825325668478,-0.022597188549469713,197.84801589403975,0.15712503182028736,0.6727272727272727,-3.5591540354326328,-0.16653965372754273,-0.34174157346820083,0.09669169691073581,0.6709882287752101,0.7474506858195363,-7.717779461888371,-0.15235348350757316,-0.2664518146449133,Communication Equipment,Technology,TESS
2020Q4,2020,Q4,2020-06-05,2020-03-29,-14076700.0,128179900.0,-19436600.0,-1.65,17165900.0,0.1339203728509696,208708700.0,83702700.0,163773900.0,112609200.0,125006000.0,69148000.0,76779000.0,44739240.04000001,84313440.04,9.784813524069865,1.4543563048134611,0.18985408849750873,0.47339213669332053,-0.10139274053270421,9.784813524069865,-0.1681749812132703,0.34903475537116196,-0.7945619363913418,0.5345017549015744,-0.012140629550960097,1.6054549661595419,0.0038199128963121295,0.6141569565619449,0.736337705977842,-0.06744663734669422,11.492227084510661,0.1339203728509696,-1.7966101694915255,-53.85202768619342,0.02536707183805152,-0.3314901478666204,-0.2560597721274318,-1.8033416975345522,-2.253586434322637,-15.455608305858025,0.04776791533231359,-0.22340233518597702,Communication Equipment,Technology,TESS
2020Q3,2020,Q3,2020-02-07,2019-12-29,-5021400.0,139578200.0,-5973900.0,-0.59,23074300.0,0.16531449753614819,211616500.0,97486200.0,160199700.0,101228400.0,114130300.0,70773100.0,91026600.0,94122040.39999999,138126940.39999998,11.413882651018262,1.5825568713918228,0.20795023072397473,0.4514044039053733,-0.03029380495273455,11.413882651018262,-0.05150882894194255,0.6743319544169505,-4.686045744214761,0.9654909146115039,-0.3404429043692994,1.6461607588193818,0.0181625896839355,0.6595808927942765,0.8154421091314296,-0.023728773512462404,12.488660722341638,0.16531449753614819,-229.77084141139974,-3.939578645173527,0.016147723178848248,-0.16692630403351988,-0.12329355264007781,-229.24545454545455,-11.405678453231145,-4.919438353189944,-0.09133085847775727,-0.15228692411446637,Communication Equipment,Technology,TESS
2020Q2,2020,Q2,2019-11-08,2019-09-29,22000.0,141810900.0,574100.0,0.002579,26319300.0,0.185594337247701,233947000.0,103878200.0,184958500.0,117853200.0,130068800.0,84144200.0,97757500.0,122603403.0,171654603.0,12.175271627656208,1.5693973519598958,0.21013049964308156,0.4732407762167615,0.00031659966812708386,12.175271627656208,0.0002117864961079418,0.8645555666031314,1393.2204886363636,1.1802611423763598,77.46363636363637,1.3725437998103256,0.013900103572165938,0.60616678136501,0.7783641004232384,9.403839331130556e-05,-9.074406812277495,0.185594337247701,1.0088931034482758,-0.993860576121147,-0.06378269159942725,-0.14538116362520445,0.04179151740653512,1.0088254172015405,1.1728696175850648,-0.9785120156901355,0.022827192888344425,-0.0867275855048181,Communication Equipment,Technology,TESS
2020Q1,2020,Q1,2019-08-02,2019-06-30,-2492800.0,130729300.0,-3321000.0,-0.29,25263500.0,0.1932504801907453,229554200.0,104884800.0,190234900.0,122153600.0,124669400.0,101407700.0,99439700.0,154254090.88,178772890.88,12.3478603201632,1.5573417402352447,0.10688543272133552,0.23393284822967675,-0.017523764048667775,12.3478603201632,-0.02376702820618431,1.1799504080569543,-15.469962580231066,1.47070014797187,-0.6830070603337612,1.0400176712419273,0.011037632715520756,0.5694920850936293,0.6653230031697797,-0.010859309043354467,-40.001579503137805,0.1932504801907453,-5.833333333333333,-1.6669816993471076,-0.16036188299766826,-0.12031073226791986,-0.1062609667742118,-6.066666666666666,-4.365082581821866,-30.347194451534275,-0.03854305085019759,-0.10362502793441371,Communication Equipment,Technology,TESS
2019Q4,2019,Q4,2019-06-11,2019-03-31,492000.0,144963800.0,986900.0,0.06,28267200.0,0.1949948883790298,206495800.0,108787200.0,171404700.0,96768700.0,97708600.0,71845400.0,103635100.0,125214000.0,139561800.0,13.266731707317073,1.7712824498004003,0.0696290190890081,0.13216720349452876,0.004926645752086729,13.266731707317073,0.004522590893046241,0.8637604698552328,63.625,1.1509993822802682,3.4402439024390246,1.6242737878834275,0.013517657769897934,0.7020181524273132,0.9713523070992996,0.0023826150459234524,30.436811784438124,0.1949948883790298,-0.8125,-0.8333333265658309,0.16532697151915726,-0.051549088336731455,-0.08811659843799902,-0.8180877024328921,-0.718342418448015,1.2499999899487386,0.2839625760110193,-0.022528248334664384,Communication Equipment,Technology,TESS
2019Q3,2019,Q3,2019-02-08,2018-12-30,2704600.0,152294500.0,3503900.0,0.32,30998700.0,0.20354444842065866,206193200.0,109461900.0,170986800.0,95725400.0,96731300.0,74644800.0,104835700.0,101422500.0,118335600.0,12.951197219551874,1.7862218387178326,0.08203325812878408,0.15452591266915702,0.02303051679734151,12.951197219551874,0.02470814045800411,0.665962986187945,9.375,0.9265552671751541,0.6250831915994971,1.6249732064390285,0.016668885109319926,0.7386009819916467,0.9441193246515553,0.01311682441516015,22.365374437681925,0.20354444842065866,1.2857142857142856,-0.4074074154507409,0.017875925474549668,-0.06307220921248347,-0.012613594014276294,1.2712462210278803,0.8274225513716491,-0.0857143173866352,0.06526394728437308,-0.07942935300631741,Communication Equipment,Technology,TESS
2019Q2,2019,Q2,2018-11-09,2018-09-30,1190800.0,158636100.0,1917400.0,0.14,31394700.0,0.19790388190329944,227028600.0,108036500.0,192482600.0,117522000.0,118992100.0,89669300.0,103821700.0,122907567.3,142664967.3,12.701637981244138,1.6378431272442606,0.08702603989100932,0.1828770832079899,0.010681920279940254,12.701637981244138,0.011022200830274954,0.7747767834685799,25.803570561807184,1.137648547481638,1.4166946590527376,1.4190073971805288,0.01372576186364727,0.6987494086648114,0.8329955242422695,0.0052451541347653995,-50.72118161934632,0.19790388190329944,0.07692307692307698,-0.7499999828707563,0.041257913043252714,-0.05241495029775559,0.022691958134216775,0.02796961325966851,0.10398433901427913,-0.5757575522449817,0.0911235185137692,-0.07708026608879229,Communication Equipment,Technology,TESS
2019Q1,2019,Q1,2018-07-27,2018-07-01,1158400.0,150919400.0,1736800.0,0.13,30698100.0,0.20340724916743638,219768400.0,107865300.0,184777400.0,110427300.0,111903100.0,86367200.0,104317900.0,143972576.39999998,159756976.39999998,13.036206386871326,1.6732945566902386,0.07186383483703754,0.14641780071997204,0.0104133736637373,13.036206386871326,0.010739320244786785,0.9539699760269387,31.071429644337016,1.334744133655587,1.4539019337016574,1.3919786678276012,0.011698061131592002,0.6867202018124535,0.8405964829349264,0.005271003474566862,-45.80008792746937,0.20340724916743638,0.857142857142857,-0.7358490515703281,0.025010097850275515,-0.00313674890119376,-0.026652969209257197,-0.008558712769599451,0.470493607653882,-0.33333336815091197,0.09342825186857469,-0.06929615818426084,Communication Equipment,Technology,TESS
2018Q4,2018,Q4,2018-06-01,2018-04-01,1168400.0,148920100.0,1181100.0,0.07,31538700.0,0.2117826942098481,199423700.0,108051600.0,164693800.0,89904400.0,91372100.0,72323000.0,104843700.0,205243792.3,216089392.3,12.134785428051165,1.8318769715386567,0.05448198985376362,0.10055380947621322,0.010630953222838985,12.134785428051165,0.010813352139163141,1.3782141718948617,43.91556665097569,1.899497946351558,1.436836699760356,1.6230161912531282,0.008179540931236242,0.7467522666563703,0.9775016573159935,0.0058588823695478525,-61.7571740687248,0.2117826942098481,-0.631578947368421,-0.6353191240403526,-0.14348264131443167,-0.042140857543620396,0.06550382097176333,-0.2558909693032735,-0.45984633677856035,5.3739235988900935,0.14445987380773911,-0.17093733138384826,Communication Equipment,Technology,TESS
2018Q3,2018,Q3,2018-02-02,2017-12-24,1570200.0,146260300.0,2186600.0,0.19,29599800.0,0.20237754195772878,187969100.0,108120800.0,156123400.0,77952600.0,79848300.0,66500600.0,105354100.0,143797271.39999998,149728271.39999998,13.083015426397028,2.0027991369114053,0.03177862744461723,0.055247463947732535,0.014522789365785434,13.083015426397028,0.014522645041472132,0.9831599648024787,22.89473815437524,1.3299686221337612,1.0672525792892624,1.7542774050158947,0.011653906807024434,0.7781082103388269,1.0914158090942445,0.008353500655160875,16.34087756041296,0.20237754195772878,-0.09523809523809519,-0.7164179335306076,-0.3025166424198691,0.048239918952875244,-0.01080436184753585,-0.11483172670387282,-0.3269307723089236,-0.0500000544516592,0.10045948190481849,-0.045100046242134095,Communication Equipment,Technology,TESS
2018Q2,2018,Q2,2017-11-03,2017-09-24,1773900.0,145083500.0,3248700.0,0.21,29923100.0,0.20624743682086522,203037900.0,107857400.0,170849800.0,93041200.0,95180500.0,73229000.0,105459700.0,108123430.4,121199330.4,12.768506464256614,1.8362811313697587,0.06561139570493982,0.1235112287149514,0.015379556151222362,12.768506464256614,0.016446715756174356,0.7452496693283523,15.238095495800215,1.0024665011394676,0.9437961553638875,1.5726064810389326,0.01548415541207246,0.7145636356562002,1.0016164881794303,0.008736792490466065,-33.04455323115478,0.20624743682086522,1.625,-0.6818181799525981,-0.3048269019402277,-0.00025293502652485217,0.02593016717637862,1.5975984770830283,1.5275811094686065,-0.5000000255324468,-0.0325668008956235,-0.10374023098261761,Communication Equipment,Technology,TESS
2018Q1,2018,Q1,2017-08-03,2017-06-25,682900.0,140010800.0,1285300.0,0.08,29166800.0,0.20831821545195084,189369000.0,107293800.0,156742800.0,79935200.0,82075200.0,72105700.0,105360000.0,125055208.875,133284308.875,12.56919607556011,1.960873307378977,0.044293416557092236,0.0781759989859619,0.006236110836660361,12.56919607556011,0.006364766650076705,0.8931825893073962,45.7809375,1.165539936836984,2.4489676380143504,1.5372432415190478,0.013373293404128904,0.7393543821850461,1.000202664157968,0.0036061868626860783,-8.342074783702113,0.20831821545195084,1.7999999999999998,-0.8490566123855937,-0.3234603372612446,0.026800337798729354,0.12449879711307137,1.7965706287180683,1.7305331362964647,-0.8181818162009042,-0.10518250214813878,-0.10454227655660175,Communication Equipment,Technology,TESS
2017Q4,2017,Q4,2017-06-07,2017-03-26,-857300.0,122602900.0,-1759400.0,-0.1,25937600.0,0.21155780165069504,173980500.0,108016300.0,141167400.0,63972900.0,65964200.0,63984300.0,106349500.0,135453400.0,126969600.0,12.599591741514056,2.20667501395122,0.0003235994838502016,0.0005212176310427222,-0.007964772044329736,12.599591741514056,-0.007936765099341488,1.1048139970587971,-39.5,1.2540088856959553,-1.9444768459115829,1.5107659222653058,0.012306815480453056,0.7046933420699446,1.1460946744637182,-0.004927563721221631,75.4837918716947,0.21155780165069504,-1.6666666666666667,-1.2236409028149566,-0.41729055522047326,0.06778761495831724,-0.134507451132185,-1.6982976297140995,-1.8346695763556147,-1.2777777890569486,-0.05730760157756818,-0.09924354110265943,Communication Equipment,Technology,TESS
2017Q3,2017,Q3,2017-02-03,2016-12-25,1227700.0,147198400.0,2107900.0,0.15,29968600.0,0.2035932455787563,180543200.0,110201000.0,147458200.0,68199900.0,70342200.0,63129700.0,108873800.0,110493004.5,102201204.5,13.464322983451861,2.1621468653179843,0.0003483930715751133,0.0005707752198255915,0.011333674981129697,13.464322983451861,0.011140552263591074,0.750639983179165,22.50000091634764,1.0026497445576719,1.3570090412967337,1.8569674812330805,0.015077877622560258,0.8153084691087784,1.1632934945652413,0.006800034562365129,-177.4417929982335,0.2035932455787563,0.25,-0.759395434635598,-0.391343951484999,0.13149420825823693,0.042183087815938464,0.2348622007644337,0.03020380235570109,-0.722222237305468,0.015934628249159668,-0.02595117860681975,Communication Equipment,Technology,TESS
2017Q2,2017,Q2,2016-11-04,2016-09-25,994200.0,134633800.0,2046100.0,0.12,28755600.0,0.21358381030617868,192660900.0,110451300.0,159196400.0,79811000.0,82209600.0,72251900.0,109312100.0,102651150.0,91965850.0,13.331478575739288,1.9946674017366026,0.00036073744075730985,0.0006292365956761034,0.009071851910432287,13.331478575739288,0.009001252135556576,0.7624470972370979,25.812500000000004,0.9293792829962164,1.671595252464293,1.4654036779655621,0.016189784527499203,0.6988122654882231,1.019280550300084,0.005160362066200251,-473.2648686030429,0.21358381030617868,11.0,-0.7410315801367154,-0.1658524572548583,0.17446448521027597,0.06085737475097764,11.35031055900621,12.613439787092481,-0.7857142782301194,-0.09274648971833205,-0.0054267168179097285,Communication Equipment,Technology,TESS
2017Q1,2017,Q1,2016-08-04,2016-06-26,80500.0,128860000.0,150300.0,0.01,27106000.0,0.21035232034766413,172108800.0,110891400.0,138138100.0,58636500.0,61217400.0,58295500.0,109979800.0,102718000.0,90222200.0,13.775329192546584,2.3558380871982467,0.00044158113937230403,0.0006853552214148257,0.000784977492913092,13.775329192546584,0.0007259354647880719,0.7971286667701382,319.0,0.9262936530695798,20.643478260869564,1.7454863582952371,0.01617827449911408,0.7487124423620407,1.2601059067304494,0.00046772739104566414,-220.14144877839692,0.21035232034766413,1.0416666666666667,-0.9830508482357571,-0.24102448430757292,0.2795892791621657,0.17755409685084866,1.0404563272690723,1.047216637346067,-0.9811320744606495,-0.10042816661021059,0.05338309599545805,Communication Equipment,Technology,TESS
2016Q4,2016,Q4,2016-06-06,2016-03-27,-1989800.0,114154100.0,-3183200.0,-0.24,23018900.0,0.20164759741437233,169416000.0,112527300.0,135019500.0,52495900.0,56888700.0,53903900.0,111561100.0,139203086.07,124277886.07,13.572496273896725,2.5720008610196223,0.011554988903055202,0.017396667297624666,-0.017313016026560588,13.572496273896725,-0.017682820080105004,1.219431330718739,-17.489582630163834,1.237060571701267,-0.831591114684893,1.6906977046187752,0.011886949109504035,0.6738094394862351,1.4324642495890154,-0.011745053595882324,12.32692967695659,0.20164759741437233,-1.6857142857142857,-2.133324104525026,-0.18075955899356255,0.3339986699365838,-0.21846374272579736,-1.6892991997782936,-1.6756951814901295,-1.6670091644292995,-0.294860086998219,0.07134483085746648,Communication Equipment,Technology,TESS
2016Q3,2016,Q3,2016-02-05,2015-12-27,2886700.0,139510700.0,4711000.0,0.35,29453400.0,0.21111929049169706,184177200.0,116034300.0,149970300.0,60569500.0,68142900.0,65931500.0,115205600.0,159758220.18,154304020.18,14.068661934688812,2.4760035991712,0.010969327365167893,0.01741123098945743,0.02474374956334747,14.068661934688812,0.024877988663696855,1.1451323818173087,13.83571380642256,1.376818924921338,0.5732843731596633,1.6692673456542018,0.010358778397352072,0.7574808391049489,1.233054590181527,0.015673492701593898,49.53436071561454,0.21111929049169706,0.06060606060606049,-0.12417260237637562,-0.2536578245105434,0.36121852918844444,-0.13018543073738176,0.050358403376632825,0.013925058648817339,-0.4776119347811693,-0.3333732886935641,0.12721208112607993,Communication Equipment,Technology,TESS
2016Q2,2016,Q2,2015-11-06,2015-09-27,2748300.0,142353300.0,4646300.0,0.33,33861700.0,0.2378708466891881,192806000.0,114616200.0,157974600.0,70233000.0,78189800.0,75099700.0,113973800.0,172393367.4,168509467.4,13.762451396955543,2.2492930673614966,0.010802568384801302,0.018171951259944058,0.023791507184923493,13.762451396955543,0.023978285792060808,1.2110247349376517,15.681818524178583,1.504092505247949,0.6013535640213951,1.4446342661821552,0.009586795738871333,0.7383240148128171,1.0270300286190253,0.014254224453595843,140.8902969924812,0.2378708466891881,0.65,-0.27050245188873423,-0.23394348829040704,0.36274482689584386,0.050434453513008785,0.6211290037161564,0.6248644867983913,-0.4999999995282628,-0.3081656653601206,0.0775708521166855,Communication Equipment,Technology,TESS
2016Q1,2016,Q1,2015-08-06,2015-06-28,1695300.0,134664000.0,2859500.0,0.2,32235900.0,0.23938023525218322,195308700.0,113075100.0,160117500.0,74072400.0,82233600.0,78019600.0,112878200.0,157582168.64,153350368.64,14.006825588512221,2.1616351029533267,0.010985173727540043,0.018974115433017524,0.014955671650466275,14.006825588512221,0.01499269069848269,1.1701877906493197,23.2380948268743,1.393606272645348,0.9752846103934407,1.3128508733702813,0.010492303883551886,0.689493094777652,0.943043562784519,0.008680104880120547,177.87805467885764,0.23938023525218322,7.666666666666667,-0.23011837245978298,-0.10843916267622423,0.4937091167468395,0.1641375474886966,8.310478654592497,12.685737637923989,-0.603773600500568,-0.31194508418520284,0.1442428902622821,Communication Equipment,Technology,TESS
2015Q4,2015,Q4,2015-06-02,2015-03-29,-231900.0,112962200.0,-244700.0,-0.03,27690800.0,0.2451333277857549,189600700.0,113142100.0,154184600.0,68107700.0,76458600.0,72363600.0,112836300.0,200980000.0,195664200.0,14.636752910737387,2.263835072980001,0.011646581473591607,0.01951704979843931,-0.001802654321194317,14.636752910737387,-0.002049634928112524,1.7791792298662739,-216.66666666666669,1.776350271030854,-7.059508408796895,1.1783742102382966,0.008145586625534879,0.595789994446223,0.9851470538573466,-0.0012230967501702262,1386.0689655172414,0.2451333277857549,-1.15,-1.1317950202663578,-0.15076237910372273,0.5944967396714281,-0.1483134386658834,-1.1379371877230549,-1.0911664990127043,-1.067092270844487,-0.4045603014083085,0.2404325316188696,Communication Equipment,Technology,TESS
2015Q3,2015,Q3,2015-02-06,2014-12-28,1681200.0,135188700.0,2684100.0,0.2,32512900.0,0.24050013055824931,190999600.0,115170000.0,155770700.0,66424700.0,75829600.0,65114800.0,114705300.0,245287080.0,238021680.0,13.700927908636688,2.3450719386011527,0.011888506572788634,0.019716071893722324,0.014649886743649013,13.700927908636688,0.01459755144568898,1.81440519806759,36.474999999999994,2.1297827559260223,0.9870925529383774,1.5768427454280747,0.0067655418295982,0.7077957231324045,1.1052078518984654,0.008802112674581518,18.896436220205537,0.24050013055824931,-0.5238095238095237,-0.5034397358282884,-0.22467357758647152,0.45816447034431534,-0.08248955864093013,-0.5215163934426229,-0.542477755429039,-0.6791938997821351,-0.45572188327473795,0.15137765154915014,Communication Equipment,Technology,TESS
2015Q2,2015,Q2,2014-11-05,2014-09-28,3513600.0,148521800.0,5866600.0,0.42,35436000.0,0.2385912371113197,211347300.0,119181600.0,175571200.0,82435800.0,92165700.0,81838400.0,114683600.0,247625134.4,247301534.4,14.246434912788077,2.129793123861235,0.011040122111803653,0.01957768648851836,0.0291605201922649,14.246434912788077,0.029481060834893977,1.667264565875178,17.61904701730419,2.0777127878800083,0.47418602003642984,1.3818183151185752,0.00672831537895775,0.7027380998006598,1.010755036040167,0.016624768804711487,-143.5840974138931,0.2385912371113197,-0.0454545454545455,0.16814275927842112,-0.037164390038390074,0.5782652487402694,0.00531081909171376,-0.04298087922863213,-0.033891048020552005,-0.09361049952257848,-0.08868509271815808,0.2550694771679888,Communication Equipment,Technology,TESS
2015Q1,2015,Q1,2014-08-08,2014-06-29,3671400.0,152946300.0,6072400.0,0.44,35248800.0,0.23046520249263958,207702400.0,117122800.0,171589200.0,80683000.0,90579600.0,73015800.0,112836100.0,264758007.43,260917707.43,14.03661585186451,2.1267082284991883,0.0115352542869028,0.020456307397022613,0.030862546608784038,14.03661585186451,0.03134658665947194,1.731052058336815,18.028409287329083,2.2605163762307594,0.4538050879773384,1.6119456336847642,0.006292916373607714,0.7363723288705378,1.0772368404744495,0.017676252176190548,-80.92120772357724,0.23046520249263958,0.25714285714285723,0.6488781787824608,0.2071809105495609,0.6137108664891406,0.1716481412540552,0.2423104253375292,0.2732800738084754,-0.2542373304984152,-0.13090857951722498,0.3038601770389451,Communication Equipment,Technology,TESS
2014Q4,2014,Q4,2014-05-29,2014-03-30,2955300.0,124536600.0,4769100.0,0.35,30084800.0,0.24157396299561734,186960300.0,114828100.0,150168900.0,62078500.0,72132200.0,61955700.0,110830800.0,306694479.12,297684979.12,13.987789504099503,2.4190162455600572,0.013149315656853353,0.02140939369370389,0.025294332807608774,13.987789504099503,0.02573673168849785,2.462685500648002,25.94444549791899,2.6709009303471882,0.5571346394613068,1.5245054127384567,0.005368534851766196,0.66611253833033,1.2719959406235652,0.015807099154205466,60.14796609531281,0.24157396299561734,-0.33962264150943405,2.2852520316557827,0.10671573229019284,0.6658772814574462,-0.16760370091637522,-0.33145571767899557,-0.3346308387744852,0.6999860194115604,-0.09735714291777486,0.3748165567530019,Communication Equipment,Technology,TESS
2014Q3,2014,Q3,2014-02-07,2013-12-29,4420500.0,144915200.0,7167600.0,0.53,36142400.0,0.24940378925054102,178701800.0,113157000.0,142854400.0,55459700.0,65544800.0,62372100.0,109522000.0,333420301.03,327659701.03,13.823047354232065,2.575823525911608,0.014106181359113339,0.022277013353128837,0.03841649933903131,13.823047354232065,0.039065192608499694,2.300795920855783,18.856481225540097,2.9465282839771287,0.3351430833616107,1.7439335856897555,0.0044433407186765745,0.8109330739813477,1.2962078770710985,0.02473674020071426,50.8007101656179,0.24940378925054102,-0.03636363636363639,2.094951709480376,0.05893226276278406,0.6660307045585487,-0.009601894072255349,-0.035057082360131844,-0.055577516009170685,0.3512765278642119,-0.21891127200396318,0.3374540006562599,Communication Equipment,Technology,TESS
2014Q2,2014,Q2,2013-11-08,2013-09-29,4581100.0,146526000.0,7589400.0,0.55,36492800.0,0.24905341031625786,189950400.0,109653700.0,153345100.0,69901500.0,80296700.0,66221700.0,106583000.0,275684063.20000005,275034763.20000005,13.404219479017023,2.1937311788731284,0.013588810552649534,0.023539561364550397,0.04118061876902775,13.404219479017023,0.04177788802384233,1.8814685666707618,15.0446433825937,2.514133706386561,0.3230883412280893,1.661588270914217,0.005368826847731979,0.7713908472948727,1.1200074390392194,0.024117348528879118,20.301638010515934,0.24905341031625786,0.07843137254901968,0.8089247592628915,-0.09908903041623296,0.6664823636232783,0.029767565233831575,0.06730814034760729,0.08983600907550475,0.23793521694845396,-0.19725721555958567,0.3272730436416129,Communication Equipment,Technology,TESS
2014Q1,2014,Q1,2013-08-06,2013-06-30,4292200.0,144108800.0,6963800.0,0.51,35437900.0,0.24591072856064308,193903800.0,105905800.0,157183100.0,77455700.0,87998000.0,66462300.0,103482000.0,218051870.175,229464770.175,13.077226362293914,2.029329022912452,0.06080644113214904,0.11133101303233628,0.036756596970661755,13.077226362293914,0.04052846964000083,1.513105862896645,12.700472378675272,2.05892283685124,0.3443455570569871,1.6350758249413577,0.006778203731129728,0.7431973999478092,1.048616176730699,0.022135718846149482,-19.26032082667185,0.24591072856064308,0.45714285714285724,1.0314567195719846,0.15252750309919785,0.6497502356052282,0.04378932114328801,0.47003219398588947,0.4488899985435782,0.9430344452894537,-0.048928581451089755,0.3945752458816292,Communication Equipment,Technology,TESS
2013Q4,2013,Q4,2013-05-29,2013-03-31,2919800.0,158449800.0,4806300.0,0.35,33951200.0,0.2142710183288335,194300000.0,102802600.0,157268800.0,80717100.0,91497400.0,60913600.0,100667800.0,173492756.35999998,171732756.35999998,12.668653343885348,1.9483950736584936,0.013937210499227998,0.026341746220426333,0.028510026415741182,12.668653343885348,0.028402005396750665,1.094938310808849,14.85484933557093,1.6876300439872143,0.4969175970956915,2.043855559349636,0.008362885174233796,0.8154904786412763,1.0734478815517405,0.015027277406073083,51.19290538802006,0.2142710183288335,-0.46153846153846156,0.6714280981624469,0.20337362368974998,0.6651411943726573,-0.1287817746049505,-0.45916609554151927,-0.45030022302281697,0.580728212967787,0.1347328464367224,0.3800961576685561,Communication Equipment,Technology,TESS
2013Q3,2013,Q3,2013-02-08,2012-12-30,5398700.0,204458700.0,8743500.0,0.65,38969800.0,0.1905998619770154,209954000.0,100568400.0,172819600.0,100310900.0,109385600.0,65045700.0,99198900.0,178398828.54,178574428.54,12.480936081375459,1.722839691399439,0.013194795050344361,0.027546426113968205,0.052324757141424816,12.480936081375459,0.053681872238198085,0.872542124839882,8.26119383092226,1.7739054070662355,1.3873895567451424,2.5441943126140543,0.041985141165434246,0.9738261714470788,1.0136126781835275,0.025713727768939862,-26.430239198198464,0.1905998619770154,0.015625000000000014,2.374541565974683,0.4446386132898546,0.6889663438602921,0.008926860841423948,0.024635123080718937,0.0006294346532387274,0.6634769250315437,0.22327694825074837,0.32832299183384434,Communication Equipment,Technology,TESS
2013Q2,2013,Q2,2012-11-08,2012-09-30,5268900.0,197238300.0,8738000.0,0.64,38625000.0,0.1958291062131442,231083900.0,101959100.0,194304900.0,120403700.0,129124800.0,76289800.0,101290400.0,168445140.20000002,154291940.20000002,12.771736883864103,1.6137784802294282,0.012258318299111275,0.027782708948980522,0.05034884212484487,12.771736883864103,0.05167660365774119,0.8540184142734957,7.992424424452922,1.652085396987616,0.27430773026627947,2.0790892098288367,0.008580241604382007,0.8535354475149503,0.9196594456814865,0.022800809576089032,40.746284518626034,0.1958291062131442,0.2549019607843137,6.362952093614177,0.49005737267746924,0.8516927488934047,0.08823661997227637,0.2525615119457982,0.26074911987072197,0.8356528029371831,0.3399240231771507,0.41489352341499025,Communication Equipment,Technology,TESS
2013Q1,2013,Q1,2012-08-09,2012-07-01,4206500.0,192418200.0,6930800.0,0.51,35493200.0,0.18445864268556716,211964000.0,97155300.0,176021100.0,106120000.0,114808700.0,57615000.0,97466700.0,169371141.28,157997541.28,12.241129665487012,1.6586986430456088,0.013657507878696382,0.02979662457941049,0.0423950039709914,12.241129665487012,0.04329666008956794,0.8802241226661511,10.066037161535718,1.7433031577278852,0.3433258053013194,2.723683068645318,0.008526836325749769,0.9077871714064653,1.0491792310591783,0.019845351097356155,-60.973123075815394,0.18445864268556716,0.186046511627907,3.974992778072344,0.5838357842170284,0.6968008941082093,-0.06570042459547606,0.1852968525458593,0.20159500693481275,0.986148850309589,0.5966641149457774,0.4072939067200486,Communication Equipment,Technology,TESS
2012Q4,2012,Q4,2012-03-31,2012-03-31,3548900.0,194787400.0,5768000.0,0.43,37989100.0,0.19502852853932032,202497700.0,93651900.0,165763400.0,99983600.0,108845800.0,53360300.0,94704400.0,202150092.23999998,186895692.23999998,11.799717064526826,1.657905896567037,0.014603622658430194,0.03157650832497792,0.03699762058966741,11.799717064526826,0.03789458622836269,1.0377986062753544,14.24033448674237,2.158526332514343,0.32883428668037984,2.938482354859324,0.005772938251319197,0.9619240119764323,1.0697734428446266,0.017525631155316825,36.21852801089332,0.19502852853932032,-0.2711864406779661,1.3184223529536643,0.5707062059005515,0.6783399508267587,-0.037685425363757956,-0.2565568962627786,-0.26806674703381767,3.0805149432045678,0.7904163342319237,0.4052885611168227,Communication Equipment,Technology,TESS
2012Q3,2012,Q3,2011-12-31,2011-12-31,4773600.0,226250100.0,7880500.0,0.59,39476800.0,0.1744830168030865,249656500.0,91115200.0,213404100.0,150488200.0,158541300.0,68446300.0,92322500.0,105819740.0,94387840.0,11.899595141700404,1.4180786267627628,0.012094217454782872,0.03313826891671203,0.05118778501989794,11.899595141700404,0.05239081953395262,0.46771135128780056,5.541925381263616,1.161384050081655,0.24449053125523715,2.72875670416078,0.011029133127713224,0.9062455814288833,0.9174706056687502,0.0191206718030574,46.64744985673352,0.1744830168030865,0.34090909090909083,1.8191562289778007,0.7504937562190634,0.7272202616469655,0.16142736518789405,0.3483983955708717,0.35171526586620927,2.5731190728032294,0.7675104968326559,0.4342055242846981,Communication Equipment,Technology,TESS
2012Q2,2012,Q2,2011-09-30,2011-09-30,3540200.0,148837400.0,5830000.0,0.44,33989900.0,0.22836934802677283,183421800.0,86722500.0,148437100.0,88658600.0,96699300.0,56665700.0,88716000.0,101535600.0,91206000.0,11.351112565445026,1.6742549510143403,0.017002886243619897,0.03596183228112658,0.03990405544467984,11.351112565445026,0.04082216264521894,0.6821914384422195,7.1701881249646915,1.1708103433365042,0.3288514773176657,2.026755162293945,0.011465929191337817,0.811448802705022,0.954718436790114,0.01930086827192842,9.46189544310875,0.22836934802677283,-0.22807017543859642,1.305119386043848,0.5158878301945872,0.9419725469529485,-0.08630283545338222,-0.22605045691049802,-0.22528005528018816,0.4968108770586519,-0.020131813951933926,0.41122942126011264,Communication Equipment,Technology,TESS
2012Q1,2012,Q1,2011-06-30,2011-06-30,4574200.0,163515000.0,7525300.0,0.57,37200400.0,0.22750451028957588,179538100.0,83463100.0,145451800.0,88014400.0,96075000.0,51457100.0,86340000.0,86212036.72,85536136.72,10.765430296169901,1.6525909396644185,0.01792154422933071,0.038551168121001976,0.05352101716833643,10.765430296169901,0.05480505756436078,0.527242373604868,4.711864190459534,1.0329359527743398,0.16945039569760834,2.454755514788047,0.008990623925489369,0.9107537620148592,0.9915309313021505,0.02547760057614512,-25.741852055776178,0.22750451028957588,1.8499999999999996,1.9942883375315277,0.7722245978691079,0.5005339549868059,0.2253984149049009,1.7860884395176027,1.857202521072215,1.2614331769781872,0.3660273059654992,0.35810688562422166,Communication Equipment,Technology,TESS
2011Q4,2011,Q4,2011-03-31,2011-03-31,1641800.0,130300200.0,2633800.0,0.2,30357800.0,0.2329835257351869,161160600.0,78880100.0,126270100.0,74432300.0,82280500.0,45709800.0,82540900.0,89158131.5,84298131.5,10.174295207162343,1.6964422703584332,0.020589399642344346,0.042066376690698924,0.020713705151559916,10.174295207162343,0.020813868136576905,0.6842516857226619,13.576277789621148,1.1302994227948495,0.46065294189304423,2.1864545458523117,0.008482681133801016,0.8085115096369708,0.9926725359823625,0.010187353484660643,51.237360783863,0.2329835257351869,-0.47368421052631576,0.8830606866968654,0.6371542739454872,0.46990318224010236,-0.10191994793361536,-0.44556260975280293,-0.3927418611085493,-0.01629387859334264,0.03577256424840062,0.33728799843839424,Communication Equipment,Technology,TESS
2011Q3,2011,Q3,2010-12-31,2010-12-31,2961200.0,167940000.0,4337200.0,0.38,33803000.0,0.2012802191258783,179307900.0,76584900.0,143906900.0,97336300.0,102723000.0,49848500.0,81655400.0,118189500.0,114306300.0,10.335344129554656,1.4784504855845146,0.019043778885369803,0.04458711834839505,0.03805852137384813,10.335344129554656,0.03866558551359341,0.7037602715255449,9.978176077265973,1.543248081540878,0.25516682426043497,2.6908934070232804,0.006393122908549406,0.936601231736025,0.8891790626929522,0.01651460978573727,15.483205386852516,0.2012802191258783,-0.11627906976744183,2.3671881392666205,1.252218021556964,0.5272491236068635,-0.08069078052760402,-0.11492363332038139,-0.22082494969818914,1.0127484529863806,0.290339363673426,0.3986169204952871,Communication Equipment,Technology,TESS
2011Q2,2011,Q2,2010-09-30,2010-09-30,3345700.0,165026400.0,5566400.0,0.43,36770000.0,0.22281283479491767,184717900.0,74692700.0,149638800.0,101661300.0,110025200.0,57577300.0,79449800.0,111457720.0,114452320.0,10.099067063277447,1.4719347480309617,0.018821673481562967,0.04654671741682922,0.04382250996679693,10.099067063277447,0.04479286463068011,0.6753932704100677,8.32843052276056,1.4922170439681521,0.22542367815404848,2.227551482962904,0.006766691441382437,0.893396904144103,0.8285935749395296,0.018112483955263676,-195.3342446547494,0.22281283479491767,0.6538461538461537,1.5310037033201633,0.5459975107724976,0.5048332818028943,0.13663762990806744,0.6166706934042039,0.61903376865129,4.046591396793776,0.345687733534156,0.4641993819403868,Communication Equipment,Technology,TESS
2011Q1,2011,Q1,2010-06-30,2010-06-30,2069500.0,141952600.0,3438100.0,0.26,32349800.0,0.22789156380369222,166174600.0,71144900.0,131534700.0,86644300.0,95029700.0,52890300.0,76858300.0,126702900.0,125565600.0,9.37721101884803,1.5180998634647633,0.021512312952761733,0.050246749942722525,0.02833810229004396,9.37721101884803,0.02908852215689389,0.8925718866720299,15.30597970524281,1.7809133191556947,0.36443585407103163,2.072266559274574,0.0059525077957963074,0.8542376512415255,0.8199085225456262,0.012453768506137521,-78.84436838830118,0.22789156380369222,0.2380952380952382,1.1057604119713749,0.2024696366382794,0.4348379159857343,0.08165455718761389,0.19832078749276202,0.29149919236692834,1.5604241034941562,0.22231254621400068,0.2998195816749942,Communication Equipment,Technology,TESS
2010Q4,2010,Q4,2010-05-27,2010-03-28,1727000.0,130555300.0,2662100.0,0.21,29907700.0,0.22908070373244135,151346700.0,69645200.0,119537200.0,72744000.0,81701500.0,44991500.0,75543000.0,122049792.9,118099092.9,9.179543956768157,1.6432585505333772,0.024500038652973604,0.0532412858316151,0.023921937268653062,9.179543956768157,0.02479711451758341,0.9348513074536231,17.667891270990157,1.7524508925238207,0.28453966415749854,2.2370358845559717,0.004026225594685134,0.8626240281420077,0.9393723193665457,0.011410886395276541,46.06869471181067,0.22908070373244135,-0.43749949776740876,0.6522225305319184,0.08698569681501249,0.4386989471538999,-0.08785729099315612,-0.4059576224545955,-0.4509662383731722,0.18022835856709205,0.10129462803409293,0.30565803135485115,Communication Equipment,Technology,TESS
2010Q3,2010,Q3,2010-02-10,2009-12-27,2907200.0,149721200.0,4848700.0,0.373333,32788400.0,0.21899637459491375,157356500.0,67820400.0,125401800.0,82098200.0,89536100.0,58832200.0,74307400.0,78339119.4,76642919.4,9.396009975062345,1.5274610161976754,0.024239227486630675,0.05623971548383672,0.04135650393995489,9.396009975062345,0.04286615826506479,0.5232333123164923,6.7366468939185475,1.1550966877222781,0.1697509631260319,1.9875646329730998,0.006299534686880843,0.9514776955511848,0.7384144841178004,0.018475245700050522,-40.28753890460273,0.21899637459491375,0.09803823529411765,1.235721552057521,0.4469520773296229,0.500240064293836,0.03716450250684043,0.12138862102217936,0.12991703952274422,0.8213348529445083,0.22884428729823392,0.363826131419596,Communication Equipment,Technology,TESS
2010Q2,2010,Q2,2009-11-12,2009-09-27,2592500.0,132953700.0,4291200.0,0.34,31613500.0,0.23777826416263706,152941800.0,65086600.0,121398900.0,80281500.0,87855200.0,49509600.0,71893700.0,81238540.35,76747540.35,9.02664170307191,1.5121653182862802,0.02551297290864891,0.05995089619061374,0.03825893830970779,9.02664170307191,0.039831547507474654,0.6110288043882945,7.833996176470588,1.248160763505852,0.0,2.046879797049461,0.0,0.8693091097397834,0.816616530583011,0.016950892430977013,17.289946015834502,0.23777826416263706,0.3421070290881964,1.2074229190905106,0.5694583781955246,0.540311872783831,0.08953459518328072,0.355839129752628,0.31866510970438205,0.7885964641408362,0.43477366554663865,0.5442971142678475,Communication Equipment,Technology,TESS
2010Q1,2010,Q1,2009-08-12,2009-06-28,1912100.0,108801300.0,3254200.0,0.253333,29015600.0,0.26668431351463634,131857100.0,62328000.0,100152100.0,62540500.0,69529100.0,40929200.0,69793000.0,51591600.0,51190000.0,8.698346242411555,1.601395895459742,0.030326012023622544,0.06415575664227956,0.02983043672915652,8.698346242411555,0.03067802592735207,0.47418183422440724,6.745410804874222,0.8277435502502889,0.0,1.9493588929175258,0.0,0.8251455553019139,0.8425308400156698,0.014501304821659206,8.125301204819277,0.26668431351463634,1.3030272727272727,0.8452015754642357,0.3699003176025306,0.48520202946263763,0.06084902728572317,1.435175751400917,1.4003835656856236,0.3542713419276691,0.27588597509829804,0.21241450921047708,Communication Equipment,Technology,TESS
2009Q4,2009,Q4,2009-05-27,2009-03-29,785200.0,98221900.0,1355700.0,0.11,27351300.0,0.2784643750528141,118652600.0,60166200.0,88276700.0,51651700.0,58486400.0,36540400.0,67880900.0,36448748.85,39692048.85,8.39665061754239,1.7090763711552572,0.03238951358840851,0.06387473365444386,0.013769107286383838,8.39665061754239,0.013050516735309858,0.37108576447818664,11.604925130539991,0.6058010785125204,0.0,1.9395135247561603,0.0,0.827810768579871,0.8751135006205023,0.006617638382976859,6.4431233604383955,0.2784643750528141,-0.34000131999736005,-0.2504779589601641,0.27096291590720556,0.48735791935173794,-0.0654687467967773,-0.3674883196391171,-0.4349366455485162,-0.025591701871714376,0.33527117054756417,0.21308289287648777,Communication Equipment,Technology,TESS
2009Q3,2009,Q3,2009-02-11,2008-12-28,1241400.0,118943300.0,2399200.0,0.166667,29267400.0,0.24606177901571588,135795600.0,59032700.0,105330200.0,69529800.0,76762900.0,51663100.0,67095700.0,43401195.0,52084095.0,8.296994356952613,1.514892894845088,0.07449504991325198,0.1713643455237521,0.019708008238896617,8.296994356952613,0.021029022897478857,0.3648897836195902,8.740372764620588,0.7352059959988279,0.0,1.7357824056241302,0.0,0.8758995136808556,0.6652787725550771,0.00914168058464339,-12.272705293518833,0.24606177901571588,-0.4444433333333333,4.1969387305191805,0.7852739337631698,0.5054019372491065,-0.14474322484117755,-0.445481752802966,-0.388364860041809,0.4701367661266915,0.6612791691112744,0.2260431003929214,Communication Equipment,Technology,TESS
2009Q2,2009,Q2,2008-11-12,2008-09-28,2238700.0,143773700.0,3922600.0,0.3,34220600.0,0.2380171060492983,146569900.0,58166000.0,116119500.0,80980500.0,88403900.0,54776400.0,65854300.0,62673241.050000004,67417741.05000001,8.043421143607826,1.4339192768629485,0.04196905367336677,0.10575593989615927,0.03634418449697626,8.043421143607826,0.03848812020768146,0.4359158945620792,6.998843195827936,1.0774892729429564,0.0,2.0000054768111815,0.0,0.9809224131284799,0.6730447453399275,0.01527394096605101,36.30495339743961,0.2380171060492983,0.18421208448958493,0.3440393016246365,1.4116057324241382,0.44556668109110914,0.10343115284284926,0.08532505938818054,0.1148500781583061,0.7320889675056048,0.37753716897113654,0.19852732540722873,Communication Equipment,Technology,TESS
2009Q1,2009,Q1,2008-08-13,2008-06-29,2062700.0,122068300.0,3518500.0,0.253333,31012900.0,0.25406186536553715,143668400.0,62670800.0,113154800.0,73460500.0,80997600.0,50038100.0,63615600.0,72104544.0,71200344.0,7.926791631883838,1.5403488949843793,0.028632601184394063,0.0656382238618304,0.03213728643637634,7.926791631883838,0.03291325465767152,0.5906901628023,8.739097299655791,1.150528539606962,0.0,1.8197213723142964,0.0,0.8496530900323245,0.7653868405469606,0.014357367382110471,9.174189706724347,0.25406186536553715,0.20634761904761897,9.375627414082526,1.2187161944322,0.4988386356380866,0.042611630705924275,0.2119271445358402,0.34937679769894536,1.0141039553377045,-0.007716084861943095,0.21290447262885573,Communication Equipment,Technology,TESS
2008Q4,2008,Q4,2008-06-12,2008-03-30,1702000.0,128287800.0,2607500.0,0.21,29745400.0,0.23186460442848034,143798600.0,60151600.0,112718400.0,76004000.0,83647000.0,49057300.0,61552900.0,79062000.0,84532300.0,7.608155624699603,1.4830587863796643,0.05254919032591416,0.12562425604638947,0.027642356237700772,7.608155624699603,0.02829517419320517,0.6162861940106542,11.61310223266745,1.3143790023873014,0.0,2.00872041469873,0.0,0.8921352502736466,0.7602863007210147,0.011835998403322424,22.831812406145318,0.23186460442848034,0.08620876932546429,3.978652610573623,1.3518899854751663,0.4174551245966046,-0.02161013604189143,0.10930065828064915,-0.024650258098301788,0.5625648336199027,0.02498372035192994,0.19241713298489893,Communication Equipment,Technology,TESS
2008Q3,2008,Q3,2008-02-13,2007-12-30,1534300.0,135732000.0,2673400.0,0.193333,30402400.0,0.2239884478236525,146589800.0,57105300.0,114874400.0,81242700.0,89484500.0,54470500.0,59850900.0,93144286.41,102207686.41,7.38968904072363,1.4139658086203437,0.07061610016522296,0.18127214111474768,0.024202435134386264,7.38968904072363,0.02686790893314631,0.6862367489611882,15.177000327510918,1.6310970507115803,0.0,1.9336998926024178,0.0,0.9259307264216201,0.6589022767584042,0.01046662182498373,-33.933580971984405,0.2239884478236525,1.2307568047815203,5.479555090870834,1.745703189233308,0.40306344016351286,0.060033611570190305,1.141680625348967,0.9941817096822319,0.1020967263057554,0.2252359206916212,0.17989525245189136,Communication Equipment,Technology,TESS
2008Q2,2008,Q2,2007-11-14,2007-09-30,716400.0,132518300.0,1340600.0,0.086667,28680600.0,0.2164274669988975,146652000.0,55124500.0,114803700.0,83298200.0,91527500.0,50360400.0,58316600.0,82852221.405,89227621.405,6.897330505558579,1.3782254598538743,0.05977552300684614,0.1590254786891491,0.012274036996725102,6.897330505558579,0.012996036245226715,0.625213433955914,28.912695911850918,1.5030017760705312,0.0,2.0618918833051367,0.0,0.9036242260589695,0.6877711643228785,0.0048850339579412485,161.3166304614486,0.2164274669988975,-0.13333000000000012,-0.22159991048691727,1.3921477534630127,0.31634321032423784,0.018451049323532545,-0.17274826789838338,-0.1015949604610642,-0.4496688261477904,0.4113248408294874,0.1769648577732351,Communication Equipment,Technology,TESS
2008Q1,2008,Q1,2007-08-15,2007-07-01,866000.0,124430100.0,1492200.0,0.1,28161000.0,0.22631983740268632,140664700.0,58644200.0,109265900.0,73820300.0,82020500.0,43819300.0,57600200.0,108006919.965,109548119.965,7.214240461560226,1.4801606062289099,0.03178267184304236,0.07623430791109777,0.01430481870120173,7.214240461560226,0.01476701873331037,0.8680128036946044,31.17982677973441,1.8417323446308416,0.0,2.196956592186548,0.0,0.8845865380582335,0.8058135770242061,0.006156484178333299,256.4266855769231,0.22631983740268632,-0.47368421052631576,-0.04626045036645006,1.2459857404101924,0.40843529379626636,-0.07419644354146736,-0.44763362673810436,-0.46007164308716575,-0.2633466718080849,0.38099587088825904,0.23179789306365609,Communication Equipment,Technology,TESS
2007Q4,2007,Q4,2007-06-13,2007-04-01,1567800.0,127015100.0,2763700.0,0.19,30417900.0,0.23948254971259322,123682700.0,57151300.0,91904300.0,58377000.0,66531400.0,37448800.0,56806300.0,146375563.96499997,146758663.96499997,7.030588206348914,1.5743237919043458,0.03686368425010127,0.07977771284292745,0.027600760625573616,7.030588206348914,0.027432446855977028,1.152426475001791,23.340917841083044,2.561193952980947,0.0,2.579447138493089,0.0,1.0269431375608715,0.8399866385734107,0.012675984596067195,12.425136577508784,0.23948254971259322,-0.08064664411831587,0.44708522176437765,1.5583121015245787,0.4037161041251703,-0.07483918061955382,-0.11167771545130036,-0.12202172946184636,0.3191884062141645,0.4487450016399636,0.2453776538667796,Communication Equipment,Technology,TESS
2007Q3,2007,Q3,2007-02-07,2006-12-24,1764900.0,134716700.0,3147800.0,0.206667,32878500.0,0.24405660174276833,150747200.0,54984000.0,119924100.0,87285000.0,95763200.0,59883700.0,55238500.0,,,,,,,,,,,,,,,,,,,,,,,,,,,,,,,Communication Equipment,Technology,TESS
2007Q2,2007,Q2,2006-11-08,2006-09-24,1856000.0,118655700.0,3174100.0,0.195556,30029900.0,0.25308434403067026,140221900.0,53967500.0,109586900.0,77725000.0,86254400.0,59344800.0,53473600.0,,,,,,,,,,,,,,,,,,,,,,,,,,,,,,,Communication Equipment,Technology,TESS
2007Q1,2007,Q1,2006-08-09,2006-06-25,1853400.0,111940300.0,3117000.0,0.191111,28085100.0,0.2508935566547526,136477400.0,67483300.0,106253100.0,60373600.0,68994100.0,55736100.0,51617600.0,,,,,,,,,,,,,,,,,,,,,,,,,,,,,,,Communication Equipment,Technology,TESS
