Quarters,Year,Quarter,FillingDate,Date,NetIncome,Revenue,OperatingIncome,EPSDiluted,GrossProfit,GrossProfitRatio,TotalAssets,CommonStockEquity,CurrentAssets,CurrentLiability,TotalLiability,Inventory,RetainedEarnings,MarketCap,EnterpriseValue,bookValuePerShare,currentRatio,debtToAssets,debtToEquity,roic,shareholdersEquityPerShare,roe,priceToSalesRatio,peRatio,pbRatio,payoutRatio,inventoryTurnover,dividendYield,assetTurnover,quickRatio,returnOnAssets,priceToFreeCashFlowsRatio,grossProfitMargin,epsdilutedGrowth,fiveYNetIncomeGrowthPerShare,fiveYRevenueGrowthPerShare,fiveYShareholdersEquityGrowthPerShare,grossProfitGrowth,netIncomeGrowth,operatingIncomeGrowth,threeYNetIncomeGrowthPerShare,threeYRevenueGrowthPerShare,threeYShareholdersEquityGrowthPerShare,Industry,Sector,Symbol
2023Q1,2023,Q1,2023-04-25,2023-03-31,47300000.0,310200000.0,70200000.0,1.04,112100000.0,0.361379755,1687900000.0,544800000.0,362000000.0,166300000.0,1143100000.0,-13600000.0,1217200000.0,3221276462.56,3198376462.56,12.048500788769877,2.1767889356584487,0.004324900764263286,0.013399412628487518,0.08881110969353981,12.048500788769877,0.0868208516886931,10.384514708446163,17.025774115010567,5.912768837298091,0.2452431289640592,-14.566176470588236,0.003601056952057228,0.18377865987321523,0.02164762477450391,0.02802298714378814,825.9683237333334,0.36137975499677627,-0.028037383177570117,0.9942891475828506,0.5996101046041513,0.5814030257672201,0.0053811659192825115,-0.030737704918032786,0.404,1.2219758302499504,0.32404625450631064,0.5613607933611071,Building Products & Equipment,Industrials,AWI
2022Q4,2022,Q4,2023-02-21,2022-12-31,48800000.0,304500000.0,50000000.0,1.07,111500000.0,0.3661740558,1687200000.0,535000000.0,356500000.0,182700000.0,1152200000.0,110000000.0,1169900000.0,3125796169.15,3706796169.15,11.73961704930321,1.9512862616310893,0.40718349928876246,1.2841121495327104,0.030643615132771626,11.73961704930321,0.09121495327102803,10.265340456978654,16.013300046875,5.8426096619626176,0.23770491803278687,1.7545454545454546,0.0037110545193208794,0.1804765291607397,1.2052545155993433,0.028923660502607872,89.56436014756447,0.36617405582922824,-0.14399999999999996,0.6840924893268158,4.3888084738215785,0.483901034135631,-0.05106382978723404,-0.15130434782608695,-0.3178717598908595,0.07739161020648408,0.29878825727426733,0.5440169548284264,Building Products & Equipment,Industrials,AWI
2022Q3,2022,Q3,2022-10-25,2022-09-30,57500000.0,325000000.0,73300000.0,1.25,117500000.0,0.3615384615,1739400000.0,521200000.0,351800000.0,212400000.0,1218200000.0,115100000.0,1132800000.0,3652503000.0,4285603000.0,11.3058568329718,1.6563088512241055,0.41387834885592734,1.3812356101304681,0.04618308216076501,11.3058568329718,0.11032233307751343,11.23847076923077,15.880447826086957,7.007872217958558,0.18434782608695652,1.8027801911381407,0.0029021194506890203,0.18684603886397608,1.003295668549906,0.03305737610670346,97.40008,0.36153846153846153,0.12612612612612603,0.3381840217095384,0.061790996382205275,0.6362927693815004,-0.0033927056827820186,0.10153256704980843,0.023743016759776536,-0.1701782772068324,0.23901016962951432,0.49903410772046475,Building Products & Equipment,Industrials,AWI
2022Q2,2022,Q2,2022-07-26,2022-06-30,52200000.0,321000000.0,71600000.0,1.11,117900000.0,0.3672897196,1734000000.0,527800000.0,344400000.0,207200000.0,1206200000.0,108800000.0,1086000000.0,3493135999.9999995,4121835999.9999995,11.32618025751073,1.662162162162162,0.4083044982698962,1.341417203486169,0.0436389620579499,11.32618025751073,0.0989010989010989,10.882043613707163,16.7295785440613,6.618294808639636,0.21264367816091953,1.8667279411764706,0.0031776604174586966,0.185121107266436,1.0284749034749034,0.030103806228373702,114.52904918032786,0.36728971962616824,0.1808510638297874,0.44564528364630207,0.10989226274190282,1.0305597299876283,0.15362035225048923,0.17567567567567569,0.13291139240506328,0.007126826003071204,0.24092716485735927,1.2829404879392259,Building Products & Equipment,Industrials,AWI
2022Q1,2022,Q1,2022-04-26,2022-03-31,44400000.0,282600000.0,63200000.0,0.94,102200000.0,0.3616418967,1708100000.0,537600000.0,318100000.0,192800000.0,1170500000.0,103900000.0,1044800000.0,4239471000.0000005,4843971000.0,11.414012738853502,1.6498962655601659,0.3984544230431474,1.2659970238095237,0.03753707114851334,11.414012738853502,0.08258928571428571,15.001666666666669,23.87089527027027,7.885920758928572,0.24549549549549549,1.7362848893166507,0.002571075495032281,0.1654469878812716,0.9885892116182573,0.02599379427433991,902.0151063829788,0.3616418966737438,0.06818181818181812,0.6775896748240027,0.02916930881420425,1.2769103583037404,-0.002926829268292683,0.059665871121718374,0.11267605633802817,0.17412481470018087,0.2069392812887237,0.9830981818842869,Building Products & Equipment,Industrials,AWI
2021Q4,2021,Q4,2022-02-22,2021-12-31,41900000.0,282500000.0,56800000.0,0.88,102500000.0,0.3628318584,1710000000.0,519700000.0,321900000.0,209600000.0,1190300000.0,90200000.0,1011400000.0,5528895412.320001,6102395412.320001,10.914940417488806,1.5357824427480915,0.3927485380116959,1.2922840100057726,0.03767129738452686,10.914940417488806,0.08062343659803733,19.5713111940531,32.98863611169451,10.638628848027707,0.26252983293556087,1.9955654101995566,0.001989547491798954,0.1652046783625731,0.9952290076335878,0.024502923976608186,317.75260990344833,0.36283185840707965,-0.16981132075471703,0.7729889434300258,0.08744986614050301,1.2370711216024353,-0.07407407407407407,-0.17519685039370078,-0.21220527045769763,0.25895954718721986,0.22935172184180272,1.068489857066217,Building Products & Equipment,Industrials,AWI
2021Q3,2021,Q3,2021-10-26,2021-09-30,50800000.0,292200000.0,72100000.0,1.06,110700000.0,0.3788501026694045,1704900000.0,522200000.0,310300000.0,194300000.0,1182700000.0,89600000.0,980600000.0,4534825000.0,5106825000.0,10.993684210526316,1.5970149253731343,0.3908147105402076,1.2759479126771351,0.04427442825030256,10.993684210526316,0.09728073535044045,15.519592744695414,22.31705216535433,8.684076981999233,0.1968503937007874,2.025669642857143,0.002205156759081111,0.17138835122294563,1.0288214101904272,0.029796469001114434,116.87693298969072,0.3788501026694045,-0.0701754385964911,-0.15926643804979876,0.019446496204680055,1.3548802535091107,0.055290753098188754,-0.0780399274047187,-0.07918263090676884,-0.28842105263157886,0.19725548035155055,0.6844357493916114,Building Products & Equipment,Industrials,AWI
2021Q2,2021,Q2,2021-07-27,2021-06-30,55100000.0,280000000.0,78300000.0,1.14,104900000.0,0.37464285714285717,1716700000.0,498300000.0,317500000.0,177600000.0,1218400000.0,83100000.0,939800000.0,5116302000.0,5716202000.0,10.446540880503145,1.7877252252252251,0.41876856760062914,1.442705197672085,0.04616868301224083,10.446540880503145,0.11057595825807746,18.272507142857144,23.213711433756806,10.267513546056593,0.1869328493647913,2.1070998796630565,0.0020131727955073797,0.1631036290557465,1.204954954954955,0.032096464146327254,114.20316964285715,0.37464285714285717,0.5405405405405405,2.8003299715926713,0.03841287183725307,1.869701941482089,0.19885714285714284,0.556497175141243,0.44731977818853974,0.2674751020516708,0.22547903479611625,0.341686393709758,Building Products & Equipment,Industrials,AWI
2021Q1,2021,Q1,2021-04-27,2021-03-31,35400000.0,251900000.0,54100000.0,0.74,87500000.0,0.3473600635172688,1715300000.0,473600000.0,316300000.0,156200000.0,1241700000.0,81900000.0,895000000.0,4306302000.0,4934502000.0,9.907949790794978,2.024967989756722,0.43712470121844577,1.5831925675675675,0.0322993507810592,9.907949790794978,0.07474662162162163,17.09528384279476,30.411737288135594,9.09269847972973,0.2853107344632768,2.0073260073260073,0.002345399834939584,0.14685477758992596,1.3745198463508324,0.02063778930799277,672.8596875,0.3473600635172688,0.574468085106383,5.159249397743121,-0.487574290100556,-0.28484745116422067,0.05676328502415459,0.5526315789473685,0.22675736961451248,0.4119081303994461,0.22878727356064546,0.3004490810107327,Building Products & Equipment,Industrials,AWI
2020Q4,2020,Q4,2021-02-23,2020-12-31,22800000.0,238700000.0,44100000.0,0.47,82800000.0,0.34687892752408883,1718500000.0,450900000.0,311800000.0,172300000.0,1267600000.0,81500000.0,869800000.0,3608706360.82,4227506360.82,9.294868478126386,1.8096343586767267,0.43974396275821936,1.6759813705921491,0.02855905084533808,9.294868478126386,0.05056553559547571,15.118166572350232,39.569148693201754,8.003340786915059,0.44298245614035087,1.9128834355828221,0.0027987868754455808,0.1389002036659878,1.2623331398723157,0.013267384346814083,75.18138251708334,0.34687892752408883,-0.5834430119020081,2.8902174029109458,-0.5270321329862822,-0.3289994790114277,-0.09210526315789473,-0.5777777777777777,-0.3900414937759336,-0.26083085599536665,3.495600199996068,0.17488201607607545,Building Products & Equipment,Industrials,AWI
2020Q3,2020,Q3,2020-10-27,2020-09-30,54000000.0,246300000.0,72300000.0,1.128297,91200000.0,0.3702801461632156,1633700000.0,442600000.0,323300000.0,132300000.0,1191100000.0,77400000.0,857100000.0,3293229466.31,3876529466.31,9.24785421470329,2.4436885865457296,0.44200281569443595,1.631495707184817,0.04684712644035433,9.24785421470329,0.12200632625395391,13.370805790946001,15.246432714398148,7.440644975847267,0.17777777777777778,2.003875968992248,0.0029150716942772333,0.15076207382016282,1.7702191987906273,0.03305380424802595,59.65995409981884,0.3702801461632156,0.07456857142857148,0.9691971029867648,-0.5662582964198274,-0.34466814489781333,0.34513274336283184,0.073558648111332,0.15865384615384615,0.21052077082609094,-0.22491277334624582,0.33843875854526045,Building Products & Equipment,Industrials,AWI
2020Q2,2020,Q2,2020-07-28,2020-06-30,50300000.0,203200000.0,62400000.0,1.05,67800000.0,0.33366141732283466,1544300000.0,402900000.0,320000000.0,156900000.0,1141400000.0,74000000.0,812800000.0,3726487999.9999995,4299988000.0,8.42887029288703,2.0395156150414278,0.4471929029333679,1.714072970960536,0.044971813994201186,8.42887029288703,0.12484487465872425,18.339015748031493,18.521312127236577,9.24916356415984,0.19681908548707752,1.8297297297297297,0.0026566568844445496,0.13158065142783137,1.4958572339069471,0.03257139156899566,80.13952688172041,0.33366141732283466,1.2229299363057324,0.9730648535564855,-0.6271012258680173,-0.3740100344503811,-0.2573932092004381,1.22236958443855,-0.17894736842105263,0.35805464658028324,-0.315052136825649,0.511129453787012,Building Products & Equipment,Industrials,AWI
2020Q1,2020,Q1,2020-04-27,2020-03-31,-226200000.0,248700000.0,76000000.0,-4.71,91300000.0,0.3671089666264576,1590300000.0,370400000.0,345400000.0,169800000.0,1219900000.0,68500000.0,772100000.0,3812160000.0,4420760000.0,7.716666666666667,2.034157832744405,0.4750675973086839,2.039686825053996,0.04858084189103461,7.716666666666667,-0.6106911447084233,15.328347406513872,-4.213262599469496,10.292008639308856,-0.042440318302387266,2.297810218978102,0.0025182573659027953,0.15638558762497642,1.540636042402827,-0.14223731371439352,278.25985401459855,0.3671089666264576,-5.90625,-6.592301502145924,-0.48037155422560746,-0.3879350736278447,0.030474040632054177,-5.7421383647798745,0.22186495176848875,-9.38638980263158,-0.11126941978440064,0.5393498033431661,Building Products & Equipment,Industrials,AWI
2019Q4,2019,Q4,2020-02-25,2019-12-31,47700000.0,246900000.0,62200000.0,0.96,88600000.0,0.35884973673552045,1493300000.0,364900000.0,244400000.0,155200000.0,1128400000.0,68500000.0,1008200000.0,4509840941.56,5110640941.56,7.603295425345724,1.574742268041237,0.4326659077211545,1.7706220882433543,0.05119649205018352,7.603295425345724,0.1307207454097013,18.26586043564196,23.63648292222222,12.359114665826253,0.20335429769392033,2.310948905109489,0.0021508519093457585,0.1653385120203576,1.0335051546391754,0.03194267729190384,132.64238063411767,0.35884973673552045,-0.35135135135135137,16.239929498760926,-0.3583816737726347,-0.35340947854092747,-0.20680393912264997,-0.3483606557377049,-0.4510150044130627,1.0024871265017166,-0.05708785125847955,0.5583330714109478,Building Products & Equipment,Industrials,AWI
2019Q3,2019,Q3,2019-10-28,2019-09-30,73200000.0,277100000.0,113300000.0,1.48,111700000.0,0.4031035727174305,1509700000.0,367300000.0,296700000.0,142200000.0,1142400000.0,69400000.0,970300000.0,4709290000.0,5296990000.0,7.542094455852156,2.086497890295359,0.45419619792011656,1.8668663218077866,0.0885042356904526,7.542094455852156,0.19929213177239313,16.99491158426561,16.083640710382515,12.821372175333515,0.11748633879781421,2.38328530259366,0.0018261776191315464,0.18354639994700933,1.49929676511955,0.048486454262436245,81.90069565217391,0.4031035727174305,0.3577981651376146,1.6161203961219557,-0.5703053523140864,-0.4660635923904382,0.08027079303675048,0.3431192660550459,0.2993119266055046,0.18159978128217505,-0.05705708835822771,0.615539337320705,Building Products & Equipment,Industrials,AWI
2019Q2,2019,Q2,2019-07-29,2019-06-30,54500000.0,272000000.0,87200000.0,1.09,103400000.0,0.3801470588235294,1890000000.0,243100000.0,695600000.0,581500000.0,1646900000.0,70800000.0,905700000.0,4829930000.0,5417030000.0,4.961224489795918,1.1962166809974204,0.43777777777777777,3.4035376388317564,0.06072205664231942,4.961224489795918,0.2241875771287536,17.757095588235295,22.155642201834862,19.868078979843684,0.1614678899082569,2.3813559322033897,0.001821972575171897,0.1439153439153439,0.5871023215821152,0.028835978835978836,241.4965,0.3801470588235294,0.39743589743589747,2.2249217147176332,-0.5715550445530325,-0.6317552457797422,0.13129102844638948,0.3938618925831202,0.5941499085923218,2.659219900978143,-0.018018661489412856,0.36286601597160595,Building Products & Equipment,Industrials,AWI
2019Q1,2019,Q1,2019-04-29,2019-03-31,39100000.0,242100000.0,54700000.0,0.78,91400000.0,0.3775299463031805,1942600000.0,280300000.0,749000000.0,589900000.0,1662300000.0,72100000.0,895100000.0,3952979000.0,4520179000.0,5.75564681724846,1.2697067299542295,0.4329249459487285,3.000356760613628,0.03476352152370895,5.75564681724846,0.13949339992864787,16.327876910367618,25.27480179028133,14.102672136996077,0.21739130434782608,2.090152565880721,0.0021502770442241156,0.12462678883969937,0.6099338870995084,0.020127663955523525,-39529.79,0.3775299463031805,0.1142857142857144,1.603404493153348,-0.5705790657990476,-0.5558864466555681,0.11327649208282582,0.13005780346820808,0.0419047619047619,5.509074316055835,-0.5166113278935427,-0.5845593106075369,Building Products & Equipment,Industrials,AWI
2018Q4,2018,Q4,2019-02-25,2018-12-31,34600000.0,238900000.0,52500000.0,0.7,82100000.0,0.34365843449141903,1873500000.0,261200000.0,752800000.0,549500000.0,1612300000.0,61200000.0,865000000.0,2881395000.0,3375495000.0,5.276767676767677,1.369972702456779,0.43757672804910597,3.1385911179173047,0.03750043911521212,5.276767676767677,0.1324655436447167,12.06109250732524,20.819328034682083,11.031374425727412,0.0,2.5620915032679736,0.0,0.1275153456098212,0.7412192902638762,0.018468107819589005,221.64576923076922,0.34365843449141903,-0.5205479452054794,2.514365881032547,-0.6037107808769687,-0.5743783647526963,-0.16138917262512767,-0.5459317585301837,-0.35424354243542433,3.8111550285463327,-0.5360970284766613,-0.6190678901396904,Building Products & Equipment,Industrials,AWI
2018Q3,2018,Q3,2018-10-30,2018-09-30,76200000.0,260500000.0,81300000.0,1.46,97900000.0,0.37581573896353165,2002500000.0,330900000.0,780900000.0,533100000.0,1671600000.0,63700000.0,839000000.0,3510467999.9999995,4010867999.9999995,6.5266272189349115,1.4648283624085539,0.41318352059925095,2.500453309156845,0.05590742315308072,6.5266272189349115,0.2302810516772439,13.475884836852206,11.51728346456693,10.608848594741612,0.0,2.5525902668759812,0.0,0.13008739076154807,0.7848433689739261,0.03805243445692884,63.94295081967212,0.37581573896353165,0.6404494382022471,0.7415234338311261,-0.5887856429069361,-0.3423826266635631,0.1837968561064087,0.6109936575052854,0.2318181818181818,1.6230880875293063,-0.566951067739573,-0.5375027953895715,Building Products & Equipment,Industrials,AWI
2018Q2,2018,Q2,2018-07-31,2018-06-30,47300000.0,248600000.0,66000000.0,0.89,82700000.0,0.33266291230893,1824700000.0,404100000.0,583000000.0,259900000.0,1420600000.0,61700000.0,762800000.0,3280080000.0,3986080000.0,7.786127167630058,2.2431704501731433,0.45760947004987124,2.0663202177678794,0.038826777771694444,7.786127167630058,0.11705023509032418,13.194207562349156,17.336575052854123,8.117000742390498,0.0,2.6888168557536467,0.0,0.13624157395736286,0.8330126971912274,0.025922069381268155,68.90924369747898,0.33266291230893,0.7450980392156863,0.8074957630122243,-0.5980103914263916,-0.4072187173700572,0.16807909604519775,0.7014388489208633,0.33064516129032256,0.7088150289017341,-0.579826251563398,-0.42174487113144893,Building Products & Equipment,Industrials,AWI
2018Q1,2018,Q1,2018-04-30,2018-03-31,27800000.0,227300000.0,49600000.0,0.51,70800000.0,0.31148262208534977,1825100000.0,403800000.0,599100000.0,245100000.0,1421300000.0,60000000.0,715500000.0,2983900000.0,3709600000.0,7.618867924528302,2.4443084455324358,0.46167333296805657,2.0866765725606737,0.03318902568953241,7.618867924528302,0.06884596334819218,13.127584689837219,26.83363309352518,7.389549281822684,0.0,2.6083333333333334,0.0,0.12454112103446387,0.8710730314157487,0.015232042079886033,188.85443037974684,0.31148262208534977,-0.19047619047619047,9.350691823899371,-0.5920138015093127,-0.38617721675003336,27.32,-0.17507418397626112,0.10961968680089486,-0.37754474046481495,-0.5698876273773106,-0.3956922027733576,Building Products & Equipment,Industrials,AWI
2017Q4,2017,Q4,2018-02-26,2017-12-31,33700000.0,-104500000.0,44700000.0,0.63,2500000.0,0.023923444976076555,1873500000.0,419300000.0,648900000.0,269900000.0,1454200000.0,53800000.0,633400000.0,3209150000.0,3899750000.0,7.911320754716981,2.4042237865876253,0.45380304243394715,2.0276651562127355,0.10423962456859433,7.911320754716981,0.0803720486525161,-30.70956937799043,23.806750741839764,7.653589315525876,0.0,-1.9888475836431228,0.0,-0.055777955697891644,1.041496850685439,0.017987723512143047,82.28589743589744,-0.023923444976076555,-0.31521739130434784,3.466082659478886,-1.1898338588107789,-0.35089984073383135,-0.9774571686203787,-0.31781376518218624,-0.3521739130434783,10.749685534591194,-1.2459054131248453,-0.32721475017658697,Building Products & Equipment,Industrials,AWI
2017Q3,2017,Q3,2017-10-30,2017-09-30,49400000.0,351900000.0,69000000.0,0.92,110900000.0,0.31514634839443023,1829700000.0,366200000.0,407800000.0,205900000.0,1463500000.0,117800000.0,599700000.0,2716250000.0,3457550000.0,6.909433962264151,1.9805730937348227,0.46882002514073345,2.342435827416712,0.04006872356785851,6.909433962264151,0.1348989623156745,7.718812162546178,13.746204453441296,7.417394866193337,0.0,2.0458404074702887,0.0,0.19232661091982292,1.2938319572608061,0.02699896157840083,61.59297052154195,0.31514634839443023,0.19480519480519484,-0.12719800821909585,-0.437060927616373,-0.47331996845171675,-0.0018001800180018,0.19612590799031476,-0.11989795918367346,0.6222832577024121,-0.49858678390358524,-0.5108522745211375,Building Products & Equipment,Industrials,AWI
2017Q2,2017,Q2,2017-07-31,2017-06-30,41300000.0,330800000.0,78400000.0,0.77,111100000.0,0.33585247883917774,1784300000.0,297300000.0,362000000.0,215900000.0,1487000000.0,116900000.0,550300000.0,2451800000.0,3252500000.0,5.577861163227017,1.6767021769337656,0.4934147845093314,2.9613185334678778,0.039410456586419264,5.577861163227017,0.13891691893710056,7.411729141475211,14.841404358353511,8.246888664648504,0.0,1.8793840889649274,0.0,0.18539483270750434,1.0537285780453913,0.02314633189486073,199.33333333333334,0.33585247883917774,0.3749999999999999,0.08999344686122601,-0.4859345197524054,-0.5284281288314182,0.11883182275931521,0.35855263157894735,0.24444444444444444,1.246681953999027,-0.5209724387601405,-0.58598565387398,Building Products & Equipment,Industrials,AWI
2017Q1,2017,Q1,2017-05-01,2017-03-31,30400000.0,315400000.0,63000000.0,0.56,99300000.0,0.3148383005707039,1757800000.0,271200000.0,353500000.0,221100000.0,1486600000.0,116100000.0,509000000.0,2491305000.0,3298305000.0,5.012939001848429,1.5988240615106286,0.5051769257025828,3.274336283185841,0.030215036885889186,5.012939001848429,0.11209439528023599,7.898874445149017,20.48770559210526,9.186227876106193,0.0,1.8613264427217915,0.0,0.17942883149391284,0.9868837630031659,0.017294345204232564,-169.4765306122449,0.3148383005707039,0.142857142857143,0.8092665190631918,-0.48857073284115693,-0.5528794132293486,0.15869311551925322,0.12177121771217712,0.5632754342431762,0.8220914589462863,-0.49640453785782723,-0.6131947939998678,Building Products & Equipment,Industrials,AWI
2016Q4,2016,Q4,2017-02-27,2016-12-31,27100000.0,297900000.0,40300000.0,0.49,85700000.0,0.2876804296743874,1758000000.0,266400000.0,406200000.0,224100000.0,1491600000.0,109000000.0,469900000.0,2282280000.0,3013980000.0,4.8791208791208796,1.8125836680053546,0.4969283276450512,3.279279279279279,0.029202898550724637,4.8791208791208796,0.10172672672672672,7.66122860020141,21.054243542435422,8.567117117117116,0.0,1.9467889908256881,0.0,0.16945392491467576,1.2351628737170905,0.015415244596131968,97.53333333333333,0.2876804296743874,-0.6111111111111112,2.4218056453350574,-0.509700696481865,-0.7470213382441306,-0.2187784867821331,-0.6161473087818697,-0.4323943661971831,1.4954721204721206,-0.5519988102023486,-0.6064523711582535,Building Products & Equipment,Industrials,AWI
2016Q3,2016,Q3,2016-10-31,2016-09-30,70600000.0,334900000.0,71000000.0,1.26,109700000.0,0.32756046581068976,1732700000.0,259100000.0,428600000.0,230500000.0,1473600000.0,109500000.0,442800000.0,2293260000.0,3024460000.0,4.668468468468468,1.8594360086767896,0.5042419345530098,3.3720571208027788,0.05508835456419003,4.668468468468468,0.27248166730991896,6.84759629740221,8.120609065155806,8.850868390582788,0.0,2.05662100456621,0.0,0.19328216078951924,1.1960954446854664,0.04074565706700525,75.18885245901639,0.32756046581068976,3.2,0.41502874302874315,-0.5444683566710454,-0.7751063610009415,0.1989071038251366,3.1775147928994083,0.3733075435203095,0.4739882739882741,-0.5170627939162954,-0.5296091122178079,Building Products & Equipment,Industrials,AWI
2016Q2,2016,Q2,2016-07-29,2016-06-30,16900000.0,314300000.0,51700000.0,0.3,91500000.0,0.2911231307667833,1697000000.0,202400000.0,390000000.0,222400000.0,1494600000.0,104200000.0,372200000.0,2176740000.0,2951140000.0,3.6402877697841727,1.7535971223021583,0.5149086623453153,4.317193675889328,0.019308813676315147,3.6402877697841727,0.08349802371541502,6.925676105631562,32.200295857988166,10.754644268774703,0.0,2.1381957773512474,0.0,0.18520919269298763,1.0382194244604317,0.00995875073659399,-142.27058823529413,0.2911231307667833,2.6666666666666665,-0.5324357927905696,-0.5597611945175358,-0.8189483219771223,-0.3041825095057034,2.707070707070707,1.825136612021858,-0.39716922114482334,-0.5255934793631271,-0.7228539417791738,Building Products & Equipment,Industrials,AWI
2016Q1,2016,Q1,2016-05-09,2016-03-31,-9900000.0,571800000.0,18300000.0,-0.18,131500000.0,0.22997551591465548,2625900000.0,770300000.0,816000000.0,405800000.0,1855600000.0,345800000.0,355300000.0,2689372000.0,3517772000.0,13.85431654676259,2.0108427796944306,0.372519897939754,1.2698948461638322,-0.24281384043465828,13.85431654676259,-0.012852135531611061,4.703343826512767,-67.91343434343433,3.4913306503959496,0.0,1.2732793522267207,0.0,0.21775391294413343,0.9110399211434204,-0.0037701359533874102,-28.76333689839572,0.22997551591465548,0.28,-1.766306954436451,-0.12797660295581406,-0.2839286617143435,-0.04363636363636364,0.2826086956521739,1.0795454545454546,-4.513669064748202,-0.021656722508864256,0.11618881269508079,Building Products & Equipment,Industrials,AWI
2015Q4,2015,Q4,2016-02-22,2015-12-31,-13800000.0,577400000.0,8800000.0,-0.25,137500000.0,0.23813647384828543,2691900000.0,768800000.0,880800000.0,436300000.0,1923100000.0,344200000.0,365200000.0,2538015000.0,3296215000.0,13.852252252252253,2.018794407517763,0.3725992793194398,1.304630593132154,0.005497124859037543,13.852252252252253,-0.017950052029136316,4.395592310356772,-45.978532608695645,3.30126821019771,0.0,1.278036025566531,0.0,0.2144953378654482,1.0089388035755213,-0.00512649058285969,-177.48356643356644,0.23813647384828543,-1.4385964912280702,0.31207207207207205,-0.05980810488509985,-0.2621783499671288,-0.2270938729623384,-1.4339622641509433,-0.8895859473023839,-2.7464607464607464,0.0016524357255427512,0.13653578484617285,Building Products & Equipment,Industrials,AWI
2015Q3,2015,Q3,2015-10-29,2015-09-30,31800000.0,658500000.0,79700000.0,0.57,177900000.0,0.27015945330296126,2694400000.0,783200000.0,887700000.0,421600000.0,1911200000.0,340100000.0,379000000.0,2649570000.0,3413370000.0,14.111711711711711,2.105550284629981,0.37626187648456055,1.2944330949948928,0.0243452251336769,14.111711711711711,0.040602655771195095,4.023644646924829,20.829952830188677,3.383005617977528,0.0,1.4131137900617465,0.0,0.244395783847981,1.1193074003795067,0.011802256532066508,59.407399103139014,0.27015945330296126,0.0754716981132074,0.3439244122170952,-0.07461110745782273,-0.5799609152614053,0.1266624445851805,0.07432432432432433,0.2630744849445325,-0.4634641000300777,0.005960185030287241,0.07568243797051867,Building Products & Equipment,Industrials,AWI
2015Q2,2015,Q2,2015-07-30,2015-06-30,29600000.0,632700000.0,63100000.0,0.53,157900000.0,0.24956535482851272,2657900000.0,747300000.0,860000000.0,410900000.0,1910600000.0,349400000.0,347200000.0,2957040000.0,3780040000.0,13.464864864864865,2.092966658554393,0.3854923059558298,1.371069182389937,0.019324565620035875,13.464864864864865,0.039609260002676304,4.673684210526316,24.975,3.9569650742673628,0.0,1.3589009730967372,0.0,0.2380450731780729,1.0515940618155268,0.011136611610670078,46.93714285714286,0.24956535482851272,-0.36144578313253006,0.14626865671641787,-0.09403973509933776,-0.5879197618531341,0.2193050193050193,-0.3648068669527897,0.7625698324022346,-0.24976076555023927,-0.05575433159599936,0.13836672042279516,Building Products & Equipment,Industrials,AWI
2015Q1,2015,Q1,2015-04-30,2015-03-31,46600000.0,551400000.0,35800000.0,0.83,129500000.0,0.23485672832789264,2573800000.0,697200000.0,791800000.0,370800000.0,1876600000.0,351400000.0,317600000.0,3178091000.0,4081391000.0,12.60759493670886,2.135382955771305,0.40224570673712023,1.4849397590361446,0.003285454666207804,12.60759493670886,0.06683878370625358,5.763676097207109,17.04984442060086,4.558363453815261,0.02575107296137339,1.2006260671599318,0.0003775851603997494,0.2142357603543399,0.9765372168284789,0.01810552490481001,-52.70466003316749,0.23485672832789264,14.833333333333332,3.4976230868179186,-0.12985832873409214,-0.6120013333008137,0.19464944649446494,13.944444444444445,-0.4013377926421405,1.7132325179341454,-0.12529263353943113,0.1245130339286747,Building Products & Equipment,Industrials,AWI
2014Q4,2014,Q4,2015-02-23,2014-12-31,-3600000.0,442600000.0,59800000.0,-0.06,108400000.0,0.24491640307275192,2606200000.0,649100000.0,811500000.0,388100000.0,1957100000.0,335500000.0,271000000.0,2821824000.0,3679124000.0,11.759057971014492,2.09095593919093,0.40004604404880667,1.6062240024649515,0.025204736121729764,11.759057971014492,-0.005546140810352796,6.375562584726615,-195.96,4.347287012786936,-0.027777777777777776,0.9961251862891207,3.543807126170874e-05,0.16982580001534803,0.9940736923473331,-0.001381321464200752,108.95073359073359,0.24491640307275192,-1.1052631578947367,0.013157894736842072,-0.29396375701888705,-0.6440026149985082,-0.3398294762484775,-1.1139240506329113,-0.13333333333333333,-1.4496163682864451,-0.2794638947969658,-0.3903018960348176,Building Products & Equipment,Industrials,AWI
2014Q3,2014,Q3,2014-10-27,2014-09-30,31600000.0,728300000.0,69000000.0,0.57,164200000.0,0.22545654263353013,3006100000.0,776900000.0,933900000.0,441200000.0,2229200000.0,415900000.0,274600000.0,3080000000.0,3981700000.0,14.125454545454545,2.1167271078875793,0.3493230431456039,1.3516540095250353,0.020671002094231956,14.125454545454545,0.04067447547946969,4.229026500068653,24.367088607594937,3.964474192302742,0.0,1.3563356576100023,0.0,0.24227404277968131,0.9351767905711695,0.010511959016666112,76.04938271604938,0.22545654263353013,0.6764705882352938,-0.4923658949745906,0.0006101653990100643,-0.5717506587615283,0.054592164418754016,0.671957671957672,0.19377162629757785,-0.36088658008658003,-0.0003591238131051808,-0.31953596844465443,Building Products & Equipment,Industrials,AWI
2014Q2,2014,Q2,2014-07-28,2014-06-30,18900000.0,710000000.0,57800000.0,0.34,155700000.0,0.21929577464788733,3058100000.0,738300000.0,981700000.0,509800000.0,2319800000.0,426700000.0,243000000.0,3147164000.0,4110064000.0,13.472627737226277,1.925657120439388,0.3647689741996665,1.5109034267912773,0.014358841866777203,13.472627737226277,0.025599349857781388,4.432625352112676,41.62915343915344,4.262717052688609,0.0,1.2990391375673775,0.0,0.23217030182139237,0.8589642997253825,0.006180308034400445,-469.7259701492537,0.21929577464788733,0.13333333333333347,-0.31143767248716825,0.037304162456079766,-0.5711288144947406,0.004516129032258065,0.11834319526627218,0.10095238095238095,-0.46946921402846525,0.009012443666132922,-0.32993158413215157,Building Products & Equipment,Industrials,AWI
2014Q1,2014,Q1,2014-04-28,2014-03-31,16900000.0,634400000.0,52500000.0,0.3,155000000.0,0.24432534678436318,2991500000.0,710200000.0,953500000.0,456000000.0,2281300000.0,428500000.0,224100000.0,2918100000.0,3895100000.0,12.959854014598541,2.0910087719298245,0.3703827511281966,1.5601239087580963,0.013480182877729233,12.959854014598541,0.023796113770768797,4.599779319041614,43.16715976331361,4.108842579555055,0.07100591715976332,1.118786464410735,0.0004112264829855043,0.21206752465318401,0.8513157894736842,0.0056493397960889185,-39.540650406504064,0.24432534678436318,0.4999999999999999,2.5529848800834203,-0.023009684666727072,-0.5727270904171639,0.15671641791044777,0.5648148148148148,0.7269736842105263,0.3272370911057042,-0.01838453049032514,-0.3301596670686102,Building Products & Equipment,Industrials,AWI
2013Q4,2013,Q4,2014-02-24,2013-12-31,10800000.0,661300000.0,30400000.0,0.2,134000000.0,0.20263118100710723,2916600000.0,673200000.0,884000000.0,410900000.0,2243400000.0,381700000.0,207200000.0,3128223000.0,4059523000.0,12.397790055248619,2.151375030421027,0.36566550092573546,1.5842245989304813,0.010312688168395341,12.397790055248619,0.016042780748663103,4.73041433539997,72.41256944444444,4.646795900178253,0.037037037037037035,1.3814514016243122,0.0001278681219337624,0.22673661112253995,0.9121440739839377,0.003702941781526435,-143.49646788990825,0.20263118100710723,-0.7647058823529411,1.439909002274943,-0.03038518051729667,-0.5991312508650909,-0.25514174541411894,-0.7857142857142857,-0.6752136752136753,1.5502762430939225,0.10060479291149364,-0.3396483294738314,Building Products & Equipment,Industrials,AWI
2013Q3,2013,Q3,2013-10-28,2013-09-30,50400000.0,729700000.0,93600000.0,0.85,179900000.0,0.2465396738385638,2814900000.0,579600000.0,906400000.0,425200000.0,2235300000.0,384400000.0,196400000.0,3209664000.0,4139564000.0,9.924657534246576,2.13170272812794,0.3792674695371061,1.841959972394755,0.038737132636017954,9.924657534246576,0.08695652173913043,4.39860764697821,15.92095238095238,5.537722567287784,0.005952380952380952,1.4302809573361082,9.346772746306154e-05,0.2592276812675406,0.973659454374412,0.017904721304486837,45.20653521126761,0.2465396738385638,0.7,0.25125893580307784,-0.24192096173343078,-0.7540746518467962,0.09494826536822885,0.68561872909699,0.38461538461538464,1.0242231874373537,-0.025474998796416588,-0.7045897654237671,Building Products & Equipment,Industrials,AWI
2013Q2,2013,Q2,2013-07-29,2013-06-30,29900000.0,706600000.0,67600000.0,0.5,164300000.0,0.2325219360317011,2961800000.0,778900000.0,1084300000.0,399800000.0,2182900000.0,387600000.0,146000000.0,2854109000.0,3618209000.0,13.134907251264755,2.7121060530265133,0.3608616381929908,1.3721915521889845,0.019814732595079942,13.134907251264755,0.03838746950828091,4.039214548542315,23.86378762541806,3.6642816792913084,0.0,1.3991228070175439,0.0,0.23857113917212505,1.4737368684342171,0.01009521237085556,166.90695906432748,0.2325219360317011,9.0,-0.45729438873369976,-0.27487643570034814,-0.6753401836395249,0.1370242214532872,8.966666666666667,0.43829787234042555,0.08368780045808065,-0.05305830718202431,-0.5980178217560969,Building Products & Equipment,Industrials,AWI
2013Q1,2013,Q1,2013-04-29,2013-03-31,3000000.0,622300000.0,47000000.0,0.05,144500000.0,0.23220311746745942,2869700000.0,734800000.0,1025200000.0,354900000.0,2134900000.0,395300000.0,116100000.0,3251856000.0,4043956000.0,12.412162162162161,2.888701042547196,0.3728961215458062,1.456314643440392,0.005518458031282759,12.412162162162161,0.004082743603701687,5.22554394986341,270.988,4.425498094719652,0.23333333333333334,1.2087022514545915,0.00021526168440422948,0.2168519357424121,1.4930966469428009,0.0010454054430776736,-49.04760180995475,0.23220311746745942,-0.6428571428571429,-0.8122999644381222,-0.2854193317321185,-0.684768707267354,0.06484893146647015,-0.6428571428571429,0.1111111111111111,1.1501985232655336,-0.08266823698793642,-0.6180157758914985,Building Products & Equipment,Industrials,AWI
2012Q4,2012,Q4,2013-02-27,2012-12-31,8400000.0,612800000.0,42300000.0,0.14,135700000.0,0.2214425587467363,2854300000.0,719100000.0,1019900000.0,384700000.0,2135200000.0,369800000.0,113100000.0,2993070000.0,3727670000.0,12.18813559322034,2.6511567455159866,0.37522334723049433,1.4893617021276595,0.007319719738020393,12.18813559322034,0.011681268251981644,4.884252610966057,89.07946428571428,4.162244472256988,0.42857142857142855,1.2901568415359654,0.0012027784181459172,0.2146936201520513,1.4510007798284377,0.0029429282135725048,490.6672131147541,0.2214425587467363,-0.8666666666666667,-0.5910411622276028,-0.3139880218565327,-0.7184506672007611,-0.2739432851792402,-0.8664546899841018,-0.6104972375690608,3.154326494201606,-0.08542061411477662,-0.6310125853682044,Building Products & Equipment,Industrials,AWI
2012Q3,2012,Q3,2012-10-29,2012-09-30,62900000.0,694700000.0,108600000.0,1.05,186900000.0,0.26903699438606593,2885200000.0,772700000.0,1050200000.0,404700000.0,2112500000.0,380700000.0,104700000.0,2760643000.0,3544543000.0,13.118845500848897,2.5950086483815173,0.3751906280327187,1.4009317975928561,0.04564619665011308,13.118845500848897,0.08140287304257797,3.9738635382179357,10.972348966613673,3.5727229196324575,0.0047694753577106515,1.333858681376412,0.00010867033513569123,0.2407805351448773,1.4052384482332592,0.02180091501455705,43.88939586645469,0.26903699438606593,0.5000000000000001,0.2477471594619303,-0.2742202245369644,-0.6824810003670508,0.06072644721906924,0.5047846889952153,0.41222366710013003,-0.0564568855518882,-0.10875051012700752,-0.6022685906871791,Building Products & Equipment,Industrials,AWI
2012Q2,2012,Q2,2012-07-30,2012-06-30,41800000.0,709900000.0,76900000.0,0.7,176200000.0,0.24820397239047753,2803400000.0,695500000.0,993500000.0,407300000.0,2107900000.0,403400000.0,41800000.0,2890608000.0,3768908000.0,11.828231292517007,2.4392339798674194,0.3908111578797175,1.5752695902228613,0.02853199519723871,11.828231292517007,0.060100647016534864,4.071852373573742,17.288325358851672,4.156158159597411,12.035885167464114,1.3230044620723846,0.17404642898656617,0.25322822287222657,1.281610606432605,0.014910465862880787,146.73137055837563,0.24820397239047753,1.258064516129032,-0.22987528344671204,-0.2669042742015338,-0.7069806650779079,0.21685082872928177,1.2967032967032968,0.8485576923076923,0.41925674863585016,-0.0333969070127697,-0.6234745236198034,Building Products & Equipment,Industrials,AWI
2012Q1,2012,Q1,2012-04-30,2012-03-31,18200000.0,668000000.0,41600000.0,0.31,144800000.0,0.21676646706586827,3262100000.0,657000000.0,1468300000.0,890600000.0,2605100000.0,403300000.0,0.0,2857922000.0,3266722000.0,11.211604095563139,1.648663822142376,0.33478434137518776,1.6622526636225265,0.013873801764717092,11.211604095563139,0.027701674277016742,4.27832634730539,39.25717032967033,4.349957382039574,0.005494505494505495,1.2972972972972974,3.499045810207556e-05,0.2047760644983293,1.0964518302268134,0.005579228104595199,-42.339585185185186,0.21676646706586827,1.214285714285714,-0.33464163822525594,-0.26460275709730796,-0.715547805355349,0.11987625676720805,1.1411764705882352,0.9259259259259259,2.5639931740614332,-0.03797470940223759,-0.6303650721986549,Building Products & Equipment,Industrials,AWI
2011Q4,2011,Q4,2012-02-27,2011-12-31,8500000.0,652100000.0,21600000.0,0.14,129300000.0,0.19828247201349486,2994700000.0,1130200000.0,1209300000.0,386100000.0,1864500000.0,388900000.0,77100000.0,2570782000.0,2933182000.0,19.286689419795223,3.132090132090132,0.2814973119177213,0.7458856839497434,0.00830775245431641,19.286689419795223,0.007520792780038931,3.9423125287532588,75.61123529411765,2.274625729959299,0.0,1.34430444844433,0.0,0.21775136073730256,1.9075369075369075,0.0028383477476875813,109.39497872340425,0.19828247201349486,-0.8426966292134831,1.076799919542169,1.313298038612234,-0.5037332652641965,-0.34332148298628745,-0.8380952380952381,-0.7672413793103449,1.3208191126279865,-0.1140338367671799,-0.37638635367972795,Building Products & Equipment,Industrials,AWI
2011Q3,2011,Q3,2011-10-31,2011-09-30,52500000.0,773600000.0,92800000.0,0.89,196900000.0,0.2545243019648397,3118100000.0,1212300000.0,1183600000.0,394000000.0,1905800000.0,426700000.0,68600000.0,2011295999.9999998,2477896000.0,20.758561643835616,3.0040609137055836,0.2705173022032648,0.6957848717314196,0.028518415626405946,20.758561643835616,0.043306112348428606,2.5999172699069284,9.5776,1.6590744865132392,0.0,1.3515350363252872,0.0,0.24809980436804463,1.7606598984771573,0.016837176485680384,36.1094434470377,0.2545243019648397,0.390625,-0.06892123287671238,-0.44760583514368363,1.6998817494932121,0.0660530590146183,0.38522427440633245,0.2764786795048143,0.3033947247948727,-0.1963136302548747,-0.4856188758348364,Building Products & Equipment,Industrials,AWI
2011Q2,2011,Q2,2011-08-01,2011-06-30,37900000.0,748600000.0,72700000.0,0.64,184700000.0,0.24672722415174994,3071100000.0,1172200000.0,1147600000.0,395900000.0,1898900000.0,437900000.0,16100000.0,2656148000.0,3197848000.0,20.106346483704975,2.8987117959080577,0.2755690143596757,0.7219757720525508,0.022304548935419267,20.106346483704975,0.032332366490360004,3.5481538872562117,17.520765171503957,2.2659512028664053,0.0,1.2877369262388674,0.0,0.2437563088144313,1.6130335943420056,0.0123408550682166,70.2684656084656,0.24672722415174994,1.782608695652174,-0.34344572164904463,-0.44862665347184866,1.6543104097775103,0.14934660858742999,1.8074074074074074,0.39539347408829173,-0.3002893692797193,-0.2185983087197247,-0.5030248305368742,Building Products & Equipment,Industrials,AWI
2011Q1,2011,Q1,2011-05-02,2011-03-31,13500000.0,685200000.0,52100000.0,0.23,160700000.0,0.23453006421482778,2956400000.0,1124100000.0,1062400000.0,368800000.0,1832300000.0,423800000.0,-21800000.0,2688287000.0,3292387000.0,19.347676419965577,2.880694143167028,0.28700446488973075,0.7548260830886931,0.00948297527186282,19.347676419965577,0.01200960768614892,3.9233610624635142,49.783092592592595,2.3915016457610534,0.0,1.2376120811703635,0.0,0.23176836693275604,1.540943600867679,0.004566364497361656,-48.52503610108303,0.23453006421482778,1.6440051520412162,-0.6630808950086059,-0.4537822748901148,1.6056404492294543,0.30016181229773464,1.6428571428571428,2.725165562913907,-0.13935818461817193,-0.1982953721256849,-0.5086276694135411,Building Products & Equipment,Industrials,AWI
2010Q4,2010,Q4,2011-02-28,2010-12-31,-21000000.0,642900000.0,-30200000.0,-0.35714,123600000.0,0.19225384974335044,2922400000.0,1090800000.0,1020700000.0,382900000.0,1831600000.0,398500000.0,-35300000.0,2498300000.0,3057400000.0,18.774526678141136,2.665709062418386,0.29937722419928825,0.8020718738540521,-0.008490346280821348,18.774526678141136,-0.019251925192519254,3.885985378752528,-29.741666666666667,2.29033736707004,-38.02857142857143,1.3031367628607278,0.3196573670095665,0.21999041883383522,1.4781927396186993,-0.007185874623597044,290.5,0.19225384974335044,-1.8503333333333332,-1.2883044949937275,-0.47864056900690843,1.5775026768183424,-0.2813953488372093,-1.853658536585366,-1.6711111111111112,-2.0382345709368086,-0.2691432755221462,-0.5663031954786862,Building Products & Equipment,Industrials,AWI
2010Q3,2010,Q3,2010-11-05,2010-09-30,24600000.0,739800000.0,45000000.0,0.42,172000000.0,0.23249526899161935,3343700000.0,1938500000.0,1454300000.0,414100000.0,1405200000.0,417700000.0,176400000.0,2395127000.0,2158927000.0,33.596187175043326,3.511953634387829,0.1333851721147232,0.23007480010317255,0.01029375321679788,33.596187175043326,0.012690224400309518,3.2375331170586645,24.340721544715446,1.23555687387155,0.0,1.3593488149389514,0.0,0.22125190657056554,2.3938662158898816,0.00735711935879415,37.01896445131376,0.23249526899161935,-0.0869565217391305,-0.6245220810761024,-0.4444476915706864,1.9987590241683817,0.009389671361502348,-0.08208955223880597,-0.14933837429111532,-0.5018610131261777,-0.21102839779032792,-0.18686230868327527,Building Products & Equipment,Industrials,AWI
2010Q2,2010,Q2,2010-08-06,2010-06-30,26800000.0,724800000.0,52900000.0,0.46,170400000.0,0.23509933774834438,3256300000.0,1882100000.0,1373200000.0,403100000.0,1374200000.0,409400000.0,151800000.0,1738368000.0,1596968000.0,32.67534722222222,3.4065988588439593,0.1408039799772748,0.24361086020934064,0.012261294294241313,32.67534722222222,0.014239413421178472,2.39841059602649,16.216119402985075,0.9236321130651931,0.0,1.3541768441621886,0.0,0.22258391425851426,2.2485735549491443,0.008230199920154778,26.580550458715596,0.23509933774834438,2.3529411764705883,0.08923410404624284,-0.4454570184983678,1.927756283300617,0.16872427983539096,2.381443298969072,2.9477611940298507,-0.49594907407407407,-0.23592403504960527,-0.19053759817317867,Building Products & Equipment,Industrials,AWI
2010Q1,2010,Q1,2010-05-03,2010-03-31,-19400000.0,658900000.0,13400000.0,-0.34,145800000.0,0.22127788738807103,3225700000.0,1868400000.0,1319900000.0,367000000.0,1357300000.0,421700000.0,125000000.0,2087825000.0000002,2029225000.0000002,32.49391304347826,3.596457765667575,0.14474377654462597,0.24989295654035537,-0.010913490562156434,32.49391304347826,-0.010383215585527725,3.1686522992866903,-26.904961340206185,1.1174400556625992,0.0,1.2167417595447,0.0,0.2042657407694454,2.232425068119891,-0.006014198468549462,-50.92256097560976,0.22127788738807103,-4.14449992434559,-3.2701086956521745,-0.4479662393140292,1.919189409974764,0.059593023255813955,-4.105263157894737,9.375,-1.7227959866220737,-0.26074407549526146,-0.17558943403400795,Building Products & Equipment,Industrials,AWI
2009Q4,2009,Q4,2010-02-26,2009-12-31,-3800000.0,653000000.0,-1600000.0,-0.06609,137600000.0,0.2107197549770291,3302600000.0,1899300000.0,1331600000.0,357300000.0,1394700000.0,445000000.0,144400000.0,2238475000.0,2141575000.0,33.03130434782609,3.7268401903162607,0.14309937624901592,0.2488285157689675,-0.0004929511232475101,33.03130434782609,-0.0020007371136734585,3.4279862174578866,-147.26809210526318,1.1785789501395252,0.0,1.1582022471910112,0.0,0.19772300611639315,2.2812762384550798,-0.0011506086113970812,55.27098765432099,0.2107197549770291,-1.0590089285714286,0.9752173913043478,-0.4622481814161316,1.938586842129346,-0.2680851063829787,-1.0590062111801242,-1.0363636363636364,0.965009092411969,1.31973223861179,-0.1500699163053019,Building Products & Equipment,Industrials,AWI
2009Q3,2009,Q3,2009-10-28,2009-09-30,64400000.0,753000000.0,44000000.0,1.12,188000000.0,0.249667994687915,3300600000.0,1876800000.0,1378200000.0,390800000.0,1415300000.0,467400000.0,148200000.0,1960774000.0,1921774000.0,32.984182776801404,3.5266120777891503,0.1463370296309762,0.25735294117647056,0.030170344901897406,32.984182776801404,0.03431372549019608,2.6039495351925632,7.611700310559006,1.044743179880648,0.020186335403726708,1.2088147197261447,0.0006630034873983437,0.22814033812034176,2.145342886386899,0.019511603950796826,19.452123015873017,0.249667994687915,1.2400000000000002,0.9757893461002364,-0.40014929145567035,2.0156309605872855,0.14634146341463414,1.2756183745583038,-0.06581740976645435,0.17223198594024605,-0.4481409383470547,2.112072596527269,Building Products & Equipment,Industrials,AWI
2009Q2,2009,Q2,2009-07-30,2009-06-30,28300000.0,705700000.0,47100000.0,0.5,164000000.0,0.23239336828680743,3346500000.0,1774900000.0,1296600000.0,370400000.0,1563300000.0,487100000.0,83800000.0,931684999.9999999,1017284999.9999999,31.414159292035396,3.500539956803456,0.14594352308381892,0.2751704321370218,0.01369609512350252,31.414159292035396,0.01594456025691588,1.3202281422700863,8.230432862190812,0.5249225308468083,0.0,1.1120919729008416,0.0,0.21087703570894964,1.9716522678185746,0.008456596444046019,12.607374830852502,0.23239336828680743,3.4999999999999996,2.399023497101007,-0.4401153821666969,1.945857892593438,0.2480974124809741,3.5267857142857144,41.81818181818182,-0.49413111433980544,-0.4636649616487975,2.0222946996285964,Building Products & Equipment,Industrials,AWI
2009Q1,2009,Q1,2009-04-30,2009-03-31,-11200000.0,668300000.0,1100000.0,-0.2,131400000.0,0.19661828520125693,3268900000.0,1710700000.0,1214300000.0,371800000.0,1550100000.0,507500000.0,55500000.0,620964000.0,805564000.0,30.331560283687942,3.266003227541689,0.15121294625103246,0.2889460454784591,0.002328042328042328,30.331560283687942,-0.0065470275325889985,0.9291695346401316,-13.860803571428571,0.3629882504238031,0.0,1.0579310344827586,0.0,0.20444186117654256,1.6839698762775686,-0.0034262290066995015,-10.332179700499168,0.19661828520125693,0.5576493486386658,-1.454381536242337,-0.4320754123127281,1.924047082510427,-0.049204052098408106,0.5607843137254902,1.1692307692307693,-1.2879432624113476,-0.4511964343215162,1.9494690420337166,Building Products & Equipment,Industrials,AWI
2008Q4,2008,Q4,2009-02-26,2008-12-31,-25500000.0,708400000.0,-6500000.0,-0.45213,138200000.0,0.1950875211744777,3351800000.0,1744300000.0,1261500000.0,385400000.0,1607500000.0,544000000.0,66700000.0,1219368000.0,1361368000.0,30.927304964539008,3.2732226258432795,0.1482785369055433,0.28492805136731064,-0.006550231777432126,30.927304964539008,-0.014619044889067248,1.7212987012987013,-11.954588235294118,0.6990586481683196,0.0,1.0481617647058823,0.0,0.21134912584283072,1.6214322781525687,-0.007607852497165702,26.33624190064795,0.1950875211744777,-1.6552608695652173,-7.323259187620891,-0.368712472869568,1.9312682907537768,-0.3471894189891356,-1.6555269922879177,-1.0790754257907542,-1.3606362078334657,-0.40820759228212095,1.9513209951968207,Building Products & Equipment,Industrials,AWI
2008Q3,2008,Q3,2008-10-30,2008-09-30,38900000.0,929600000.0,82200000.0,0.69,211700000.0,0.22773235800344235,4432900000.0,2276100000.0,1359300000.0,473500000.0,2149900000.0,554700000.0,92200000.0,1629960000.0,1822860000.0,40.3563829787234,2.8707497360084475,0.11457510884522547,0.22314485303809148,0.015190279038112523,40.3563829787234,0.017090637493958966,1.7533993115318416,10.475321336760926,0.7161196783972584,0.0,1.2942130881557599,0.0,0.2097047079789754,1.4690601900739175,0.008775293825712288,17.911648351648353,0.22773235800344235,-0.24175824175824184,6.943300135808058,-0.21595969592011155,2.2032934628861796,-0.05994671403197158,-0.25763358778625955,-0.1499482936918304,-0.39257088352486885,-0.2858269564098489,2.199728453493571,Building Products & Equipment,Industrials,AWI
2008Q2,2008,Q2,2008-07-30,2008-06-30,52400000.0,926800000.0,96700000.0,0.91,225200000.0,0.24298662063012516,4460400000.0,2281800000.0,1334300000.0,464100000.0,2171600000.0,580500000.0,53300000.0,1648008000.0,1923808000.0,40.45744680851064,2.8750269338504633,0.1156846919558784,0.22613726005784907,0.019924031147842785,40.45744680851064,0.02296432640897537,1.7781700474751834,7.862633587786259,0.722240336576387,0.0,1.2086132644272178,0.0,0.20778405524168236,1.3583279465632407,0.01174782530714734,21.20988416988417,0.24298662063012516,2.3703703703703702,2.097016314124434,-0.19516111186873303,2.2127352496074906,0.20556745182012848,2.4473684210526314,1.5116883116883117,1.1750092239576928,-0.27582015604380333,2.1487146633095073,Building Products & Equipment,Industrials,AWI
2008Q1,2008,Q1,2008-05-01,2008-03-31,15200000.0,828200000.0,38500000.0,0.27,186800000.0,0.22554938420671336,4387300000.0,2216800000.0,1239500000.0,445800000.0,2163600000.0,590500000.0,900000.0,2007657999.9999998,2360858000.0,39.37477797513321,2.7803947958725885,0.11697399311649534,0.23150487188740526,0.006244830438378826,39.37477797513321,0.006856730422230242,2.4241221927070753,33.02069078947368,0.9056559003969685,16.86842105263158,1.0861981371718883,0.1277109946016702,0.18877213776126547,1.1944818304172276,0.0034645453923825586,-20.956764091858034,0.22554938420671336,-0.2058823529411765,4.754884547069271,-0.23115960416138034,2.192015628638732,-0.059415911379657606,-0.22448979591836735,-0.2465753424657534,4.416962699822379,-0.2913352887649026,2.1138356555094604,Building Products & Equipment,Industrials,AWI
2007Q4,2007,Q4,2008-02-29,2007-12-31,19600000.0,852400000.0,51100000.0,0.34,198600000.0,0.2329892069450962,4649900000.0,2437200000.0,1501000000.0,497300000.0,2205800000.0,543500000.0,147500000.0,2258193000.0,2258293000.0,43.289520426287744,3.0182988135934044,0.11062603496849395,0.2110618742819629,0.00771901324381551,43.289520426287744,0.0080420154275398,2.6492175035194743,28.803482142857145,0.9265521910388971,0.0,1.2029438822447103,0.0,0.18331577023161788,1.710838528051478,0.004215144411707779,6.657408608490566,0.2329892069450962,-0.6,1.0086606063515478,-0.18622037360287866,2.3018679566827456,-0.13539399216369177,-0.5925155925155925,-0.4051222351571595,1.130550621669627,-0.28307851222935704,2.2300747753207424,Building Products & Equipment,Industrials,AWI
2007Q3,2007,Q3,2007-11-06,2007-09-30,48100000.0,913300000.0,85900000.0,0.85,229700000.0,0.25150552939888315,4086200000.0,2322000000.0,1298200000.0,483700000.0,1757300000.0,530400000.0,127900000.0,2282844000.0,2535744000.0,41.31672597864769,2.683894976224933,0.1260339679898194,0.22179155900086134,0.01925726172406398,41.31672597864769,0.020714900947459088,2.4995554582284023,11.865093555093555,0.9831369509043927,0.0,1.2888386123680242,0.0,0.22350839410699427,1.4196816208393632,0.011771327884097694,22.897131394182548,0.25150552939888315,-0.06593406593406599,0.17900719006463783,-0.2220318770349057,4.971903647877343,-0.018376068376068377,-0.06782945736434108,-0.0881104033970276,0.49408669775432557,-0.26339000332571927,2.272202084798321,Building Products & Equipment,Industrials,AWI
2007Q2,2007,Q2,2007-08-01,2007-06-30,51600000.0,920600000.0,94200000.0,0.91,234000000.0,0.2541820551814034,4130700000.0,2256500000.0,1393600000.0,557600000.0,1866200000.0,519700000.0,79800000.0,2803385000.0,3168885000.0,40.36672629695885,2.4992826398852226,0.1723678795361561,0.3155329049412807,0.019791000774403426,40.36672629695885,0.022867272324396188,3.0451716271996525,13.582291666666665,1.2423598493241748,0.0,1.3211468154704638,0.0,0.22286779480475463,1.4187589670014347,0.012491829472002324,29.020548654244305,0.2541820551814034,0.9782608695652174,0.3496251041377397,-0.19222222246294843,0.0,0.15784265215239981,0.9846153846153847,0.4381679389312977,3.578249336870027,-0.26177962267587884,2.2154132889947467,Building Products & Equipment,Industrials,AWI
2007Q1,2007,Q1,2007-05-03,2007-03-31,26000000.0,863400000.0,65500000.0,0.46,202100000.0,0.234074588834839,4197800000.0,2195400000.0,1438200000.0,604800000.0,1994700000.0,525900000.0,28200000.0,2832345000.0,3401445000.0,39.41472172351885,2.3779761904761907,0.19586450045261805,0.3745103398014029,0.012939299797176949,39.41472172351885,0.011842944338161611,3.2804551772063935,27.23408653846154,1.2901270839027057,0.0,1.2574633960829056,0.0,0.20567916527704988,1.1721230158730158,0.006193720520272524,-45.02933227344992,0.234074588834839,1.246178875711778,1.0330562115697997,-0.1607134285083382,0.0,1.4302746433893976,1.247148288973384,1.3817016317016317,0.06807047439369501,-0.25705756748430403,2.2007644274127527,Building Products & Equipment,Industrials,AWI
