Quarters,Year,Quarter,FillingDate,Date,NetIncome,Revenue,OperatingIncome,EPSDiluted,GrossProfit,GrossProfitRatio,TotalAssets,CommonStockEquity,CurrentAssets,CurrentLiability,TotalLiability,Inventory,RetainedEarnings,MarketCap,EnterpriseValue,bookValuePerShare,currentRatio,debtToAssets,debtToEquity,roic,shareholdersEquityPerShare,roe,priceToSalesRatio,peRatio,pbRatio,payoutRatio,inventoryTurnover,dividendYield,assetTurnover,quickRatio,returnOnAssets,priceToFreeCashFlowsRatio,grossProfitMargin,epsdilutedGrowth,fiveYNetIncomeGrowthPerShare,fiveYRevenueGrowthPerShare,fiveYShareholdersEquityGrowthPerShare,grossProfitGrowth,netIncomeGrowth,operatingIncomeGrowth,threeYNetIncomeGrowthPerShare,threeYRevenueGrowthPerShare,threeYShareholdersEquityGrowthPerShare,Industry,Sector,Symbol
2023Q2,2023,Q2,2023-06-27,2023-05-31,-19432000.0,0.0,-13078000.0,-0.0582,-2000.0,0.0,142870000.0,8805000.0,135180000.0,3317000.0,134065000.0,0.0,-2037816000.0,1720151500.0,1803929500.0,0.026361486183048413,40.75369309617124,0.9150416462518374,14.84747302668938,-0.12353702690954976,0.026361486183048413,-2.2069278818852927,0.0,-22.13039702552491,195.36076093128904,0.0,0.0,0.0,0.0,40.56949050346699,-0.13601175894169526,-9399.734972677596,0.0,-0.8244514106583074,-0.9469450414060453,0.0,-0.9683533145947623,-1.0,-0.8230603246083122,-0.29716326125768694,-1.6471708106537921,0.0,-0.9302225012933564,Gold,Basic Materials,NG
2023Q1,2023,Q1,2023-04-04,2023-02-28,-10659000.0,0.0,-10082000.0,-0.0319,-1000.0,0.0,151361000.0,21304000.0,143206000.0,2474000.0,130057000.0,-329000.0,-2023167000.0,1866769320.0,1940159320.0,0.06379436319426976,57.88439773645918,0.8426939568316806,5.987185505069471,-0.06779040001979056,0.06379436319426976,-0.5003285767930905,0.0,-43.78387559808613,87.62529665790463,0.0,-0.00303951367781155,0.0,0.0,57.49272433306386,-0.07042104637257947,-415.48393501001556,0.0,0.13315217391304351,-0.25221305023700624,0.0,-0.926448559195225,0.0,0.13023255813953488,0.08002554977643946,-0.5888217550642527,0.0,-0.8401471890912044,Gold,Basic Materials,NG
2022Q4,2022,Q4,2023-01-25,2022-11-30,-12255000.0,0.0,-10959000.0,-0.0368,-1000.0,0.0,159189000.0,29903000.0,152538000.0,4599000.0,129286000.0,0.0,-2012508000.0,1922771719.9999998,1983518719.9999998,0.08973520267918232,33.16764514024788,0.7828995722066223,4.167775808447313,-0.0702974677236157,0.08973520267918232,-0.4098251011604187,0.0,-39.224229294165646,64.30029495368358,0.0,0.0,0.0,0.0,32.88540987171124,-0.0769839624597177,-799.8218469217969,0.0,0.22198731501057087,-0.18311933938373412,0.0,-0.8981764249190176,0.5,0.2225957878710987,0.23277793335200225,-0.5346332902437461,0.0,-0.7864591766332397,Gold,Basic Materials,NG
2022Q3,2022,Q3,2022-10-04,2022-08-31,-15764000.0,0.0,-14284000.0,-0.0473,-2000.0,0.0,166581000.0,40876000.0,157113000.0,3458000.0,125705000.0,0.0,-2000253000.0,1476682910.0,1536861910.0,0.12262665110683782,45.434644303065355,0.7330427839909713,2.9873519913885898,-0.08516808518345662,0.12262665110683782,-0.3856541735981994,0.0,-23.418594741182442,36.12591520696741,0.0,0.0,0.0,0.0,45.36234817813765,-0.09463264117756527,-26.748594536825706,0.0,-0.09237875288683611,-0.4637607134113308,0.0,-0.8686460357364028,0.0,-0.09138742730545556,-0.03417318273964669,-0.914025196964144,0.0,-0.722813984683006,Gold,Basic Materials,NG
2022Q2,2022,Q2,2022-06-29,2022-05-31,-14444000.0,0.0,-13812000.0,-0.0433,-2000.0,0.0,178514000.0,55655000.0,143309000.0,2759000.0,122859000.0,0.0,-1984130000.0,1862766880.0,1910440880.0,0.16701577279492966,51.94237042406669,0.6720257234726688,2.1555296020123977,-0.07543351697621702,0.16701577279492966,-0.2595274458718893,0.0,-32.241188036554966,33.469892732009704,0.0,0.0,0.0,0.0,51.72091337441102,-0.08091242143473341,-802.9167586206896,0.0,-0.5575539568345323,-0.647659690720406,0.0,-0.8121658694638925,0.0,-0.5596587841485801,-0.49853531517847455,-1.556265108219372,0.0,-0.63749235877231,Gold,Basic Materials,NG
2022Q1,2022,Q1,2022-04-05,2022-02-28,-9261000.0,0.0,-9217000.0,-0.0278,-2000.0,0.0,188411000.0,68434000.0,156443000.0,2298000.0,119977000.0,0.0,-1969160000.0,2323921200.0,2364378200.0,0.20554454256022106,68.07789382071367,0.6241143033050087,1.718297922085513,-0.04582133055163641,0.20554454256022106,-0.13532746880205745,0.0,-62.734078393262074,33.958576146359995,0.0,0.0,0.0,0.0,67.66057441253264,-0.04915318107753794,-387.1266366816592,0.0,0.10322580645161294,0.11852664404867315,0.0,-0.7778398212905473,-1.0,0.09815950920245399,-0.05735918320523116,-0.42861942060791947,0.0,-0.5699571914862372,Gold,Basic Materials,NG
2021Q4,2021,Q4,2022-01-26,2021-11-30,-10269000.0,0.0,-8717000.0,-0.031,-1000.0,0.0,198852000.0,78282000.0,169451000.0,4383000.0,120570000.0,0.0,-1959165000.0,2238576750.0,2263583750.0,0.23604439740562838,38.66096281086014,0.5840072013356667,1.483495567307938,-0.04486158981374539,0.23604439740562838,-0.1311795815129915,0.0,-54.49841148115688,28.59631524488388,0.0,0.0,0.0,0.0,38.65525895505362,-0.05164142176090761,-1298.4783932714618,0.0,0.12921348314606743,-0.35411735667699196,0.0,-0.7473172566406906,0.5,0.12900763358778625,0.2505373570630212,-0.615616114601234,0.0,-0.522956399898683,Gold,Basic Materials,NG
2021Q3,2021,Q3,2021-09-29,2021-08-31,-11790000.0,0.0,-11631000.0,-0.0356,-2000.0,0.0,204194000.0,86931000.0,173870000.0,2798000.0,117263000.0,0.0,-1948896000.0,2397764430.0,2394657430.0,0.26212380254552364,62.140814867762685,0.5616521543238293,1.3192762075669209,-0.05809789356497491,0.26212380254552364,-0.13562480588052594,0.0,-50.84318129770993,27.582386375401178,0.0,0.0,0.0,0.0,61.96783416726233,-0.057739208791639324,-1277.4450879062333,0.0,-0.13738019169329066,-0.5411168651461868,0.0,-0.7321785453790919,0.0,-0.13671423062090243,-0.2656147986942329,-0.4254716552145611,0.0,-0.4892843384621236,Gold,Basic Materials,NG
2021Q2,2021,Q2,2021-06-29,2021-05-31,-10372000.0,0.0,-9190000.0,-0.0313,-2000.0,0.0,213296000.0,98128000.0,183007000.0,2143000.0,115168000.0,0.0,-1937106000.0,3426676000.0,3488134000.0,0.296101388050694,85.39757349510033,0.5309335383692146,1.1540640795695418,-0.04275429944626697,0.296101388050694,-0.1056986792760476,0.0,-82.59438873891244,34.92047122126203,0.0,0.0,0.0,0.0,85.03126458236117,-0.048627259770459834,-1734.1477732793521,0.0,-0.4423963133640553,-0.09524899835989002,0.0,-0.7029473955990845,0.0,-0.3036701860231272,-0.2594216801425243,-0.04738334588563005,0.0,-0.6445334147465382,Gold,Basic Materials,NG
2021Q1,2021,Q1,2021-03-31,2021-02-28,-7956000.0,0.0,-7297000.0,-0.0217,-2000.0,0.0,218040000.0,104860000.0,189243000.0,1590000.0,113180000.0,0.0,-1926585000.0,2763000300.0,2811610300.0,0.3165154922350171,119.02075471698113,0.5127637130801688,1.066212092313561,-0.030318848093948983,0.3165154922350171,-0.07587259202746519,0.0,-86.82127639517346,26.349421132939156,0.0,0.0,0.0,0.0,118.36792452830188,-0.03648871766648321,-644.6570928604759,0.0,-0.02358490566037738,0.231334619315789,0.0,-0.6798990175104125,-1.0,-0.13657142857142857,0.08478615326727706,0.057849022120234773,0.0,-0.6350748040226665,Gold,Basic Materials,NG
2020Q4,2020,Q4,2021-01-27,2020-11-30,-7000000.0,0.0,-7973000.0,-0.0212,-1000.0,0.0,224441000.0,110727000.0,196386000.0,3509000.0,113714000.0,0.0,-1918629000.0,3282796080.0000005,3332302080.0000005,0.33594560646605864,55.96637218580792,0.4919422030734135,0.9971551654068114,-0.02935094218070543,0.33594560646605864,-0.0632185465153034,0.0,-117.24271714285715,29.6476566691051,0.0,0.0,0.0,0.0,55.598176118552296,-0.03118859744877273,-1146.6280405169405,0.0,0.4507772020725389,0.053821933271743075,0.0,-0.6742083784628706,0.5,0.45037688442211055,0.2681964203763194,0.3167484542302099,0.0,-0.618798624599768,Gold,Basic Materials,NG
2020Q3,2020,Q3,2020-09-30,2020-08-31,-12736000.0,0.0,-10895000.0,-0.0386,-2000.0,0.0,228994000.0,115728000.0,200117000.0,3164000.0,113266000.0,0.0,-1911629000.0,3490442820.0,3554125820.0,0.35111863542861305,63.24810366624526,0.4761303789618942,0.9421315498410064,-0.04936407678319278,0.35111863542861305,-0.11005115443107977,0.0,-68.5152877669598,30.160746059726254,0.0,0.0,0.0,0.0,63.19974715549937,-0.05561717774264828,-1911.5239978094196,0.0,-0.7545454545454547,-0.9492952059823808,0.0,-0.6710476811415617,0.0,-0.7608184708972764,-0.34722393965623843,-0.1960123541402942,0.0,-0.6238923245959758,Gold,Basic Materials,NG
2020Q2,2020,Q2,2020-06-24,2020-05-31,-7233000.0,0.0,-8087000.0,-0.022,-2000.0,0.0,235031000.0,124336000.0,135342000.0,2160000.0,110695000.0,0.0,-1898893000.0,2971872330.0,3026173330.0,0.3777935103961885,62.65833333333333,0.45793959094757714,0.865638270492858,-0.03607731875428332,0.3777935103961885,-0.05817301505597735,0.0,-102.71921505599336,23.90194577596191,0.0,0.0,0.0,0.0,62.507407407407406,-0.030774663767758295,-1620.4320229007633,0.0,-0.09452736318407955,0.23935361854922932,0.0,-0.6681418205893074,0.0,-0.09673995451099318,-0.28732887615409103,0.16458397069209113,0.0,-0.57511488669646,Gold,Basic Materials,NG
2020Q1,2020,Q1,2020-04-01,2020-02-29,-6595000.0,0.0,-6282000.0,-0.0201,-2000.0,0.0,239816000.0,131013000.0,141751000.0,1782000.0,108803000.0,0.0,-1891660000.0,2619722280.0,2666308280.0,0.39908189810104605,79.54601571268238,0.44319394869399875,0.8112553716043446,-0.02749145810254404,0.39908189810104605,-0.050338516025127275,0.0,-99.30713722517058,19.99589567447505,0.0,0.0,0.0,0.0,79.26094276094275,-0.027500250191813725,-749.1341950243066,0.0,0.16250000000000003,0.31348070068110157,0.0,-0.655816543737837,0.5,0.161688064065082,0.1646276595744681,0.3633808211186072,0.0,-0.5686574564447017,Gold,Basic Materials,NG
2019Q4,2019,Q4,2020-01-22,2019-11-30,-7867000.0,0.0,-7520000.0,-0.024,-4000.0,0.0,245835000.0,137954000.0,150339000.0,3343000.0,107881000.0,0.0,-1885065000.0,2284870560.0,2321108560.0,0.4202250476718471,44.97128327849237,0.4221815445319015,0.7523304869739188,-0.03236662666107601,0.4202250476718471,-0.0570262551285211,0.0,-72.60933519766112,16.56255389477652,0.0,0.0,0.0,0.0,44.764881842656294,-0.03200113897532898,-2710.4039857651246,0.0,0.028340080971659888,-0.07211539893651393,0.0,-0.6703682015789069,0.0,0.02346077457795432,-0.04212860310421286,-0.04798038677159747,0.0,-0.5501540428788546,Gold,Basic Materials,NG
2019Q3,2019,Q3,2019-10-01,2019-08-31,-8056000.0,0.0,-7216000.0,-0.0247,-4000.0,0.0,249879000.0,144244000.0,154715000.0,3005000.0,105635000.0,0.0,-1877198000.0,2425812000.0,2473978000.0,0.44239840515258394,51.48585690515807,0.40838565865879084,0.707460968913785,-0.030271915732157557,0.44239840515258394,-0.05584981004409195,0.0,-75.2796673286991,16.817420481961122,0.0,0.0,0.0,0.0,50.875540765391015,-0.032239603968320665,-6503.517426273458,0.0,-0.4529411764705881,0.347197129628115,0.0,-0.6738236588626908,-0.3333333333333333,-0.46074342701722576,-0.12521440823327615,-0.07108820562234286,0.0,-0.5479854052195144,Gold,Basic Materials,NG
2019Q2,2019,Q2,2019-06-26,2019-05-31,-5515000.0,0.0,-6413000.0,-0.017,-3000.0,0.0,252497000.0,149848000.0,159040000.0,2075000.0,102649000.0,0.0,-1869142000.0,1317242250.0,1399416250.0,0.4607234546265123,76.64578313253013,0.3966779803324396,0.6684106561315466,-0.027421254716011135,0.4607234546265123,-0.0368039613474988,0.0,-59.711797370806885,8.790522729699429,0.0,0.0,0.0,0.0,75.65590361445783,-0.021841843665469294,-748.0080919931856,0.0,0.12820512820512814,0.4962834718955982,0.0,-0.6689698113125035,0.25,0.12778744266961886,-0.13243863676496556,0.4066133811122555,0.0,-0.5377964858376092,Gold,Basic Materials,NG
2019Q1,2019,Q1,2019-04-02,2019-02-28,-6323000.0,0.0,-5663000.0,-0.0195,-4000.0,0.0,255461000.0,155218000.0,163495000.0,1697000.0,100243000.0,0.0,-1863627000.0,1289253530.0,1364775530.0,0.4779629806404331,96.34354743665291,0.38479063340392466,0.6332963960365422,-0.023674423239015998,0.4779629806404331,-0.04073625481580744,0.0,-50.974756049343675,8.306082606398743,0.0,0.0,0.0,0.0,95.33117265763111,-0.02475133190584864,-409.28683492063493,0.0,-0.015625000000000087,0.4228042546993618,0.0,-0.6574368593007847,0.3333333333333333,-0.01590616966580977,0.0627275736511089,0.3767923323743456,0.0,-0.5166226505492744,Gold,Basic Materials,NG
2018Q4,2018,Q4,2019-01-23,2018-11-30,-6224000.0,0.0,-6042000.0,-0.0192,-6000.0,0.0,260929000.0,160688000.0,169383000.0,3660000.0,100241000.0,0.0,-1857682000.0,1191828830.0,1267325830.0,0.4948067584503724,46.27950819672131,0.36983623897688644,0.6005488897739719,-0.024985819463810358,0.4948067584503724,-0.0387334461814199,0.0,-47.872301976221074,7.417036928706562,0.0,0.0,0.0,0.0,46.11612021857923,-0.023853232105285345,-488.8551394585726,0.0,0.22891566265060243,0.7017294392606638,0.0,-0.663533869526258,-0.2,0.22615939326122095,0.12713088702687084,0.14615081983096384,0.0,-0.5201488184981984,Gold,Basic Materials,NG
2018Q3,2018,Q3,2018-10-02,2018-08-31,-8043000.0,0.0,-6922000.0,-0.0249,-5000.0,0.0,263162000.0,165523000.0,171696000.0,2855000.0,97639000.0,0.0,-1851388000.0,1183578670.0,1264406670.0,0.5132480209363692,60.13870402802102,0.36017358129213184,0.5726334104625943,-0.026621467322236587,0.5132480209363692,-0.0485914344230107,0.0,-36.78909206763645,7.150539018746639,0.0,0.0,0.0,0.0,58.12819614711033,-0.03056292321839779,-809.5613337893296,0.0,0.16722408026755856,0.6735879969651541,0.0,-0.6658892893239879,0.0,0.16488422801370575,0.1553386211104332,-0.2581028180314156,0.0,-0.5191536147592226,Gold,Basic Materials,NG
2018Q2,2018,Q2,2018-06-27,2018-05-31,-9631000.0,0.0,-8195000.0,-0.0299,-5000.0,0.0,385125000.0,268478000.0,71296000.0,2241000.0,116647000.0,0.0,-1762763000.0,1559956200.0,1634606200.0,0.8329935930252401,31.81436858545292,0.24180980201233365,0.34687013461065713,-0.022850283888110324,0.8329935930252401,-0.03587258546324094,0.0,-40.493100404942375,5.810368819791565,0.0,0.0,0.0,0.0,31.448906738063364,-0.02500746510873093,-843.2195675675675,0.0,-0.1725490196078432,-0.007107439851998084,0.0,-0.48450150580939355,0.16666666666666666,-0.17236762020693852,-0.208880365835669,-0.03421558153062,0.0,-0.2682888148284175,Gold,Basic Materials,NG
2018Q1,2018,Q1,2018-04-04,2018-02-28,-8215000.0,0.0,-6779000.0,-0.0255,-6000.0,0.0,393961000.0,279537000.0,77829000.0,1383000.0,114424000.0,0.0,-1753132000.0,1276272360.0,1346875360.0,0.8673434877176216,56.275488069414315,0.2323427953528395,0.32744860251058,-0.018416702356205777,0.8673434877176216,-0.029387880674114696,0.0,-38.839694461351186,4.565665224997049,0.0,0.0,0.0,0.0,55.626174981923356,-0.020852317869027644,-274.9401895734597,0.0,0.18006430868167206,0.6231179637275874,0.0,-0.49874466094548003,-0.2,0.17997604312237972,0.22552267793899233,0.12893672700273665,0.0,-0.2519698818974133,Gold,Basic Materials,NG
2017Q4,2017,Q4,2018-01-24,2017-11-30,-10018000.0,0.0,-8753000.0,-0.0311,-5000.0,0.0,398869000.0,284029000.0,84837000.0,3422000.0,114840000.0,0.0,-1744917000.0,1240820350.0,1302906350.0,0.8812812023916274,24.791642314436004,0.2257382749724847,0.3170098827936584,-0.024664925585444256,0.8812812023916274,-0.03527104626640237,0.0,-30.9647721601118,4.368639645951646,0.0,0.0,0.0,0.0,24.622150789012274,-0.025116015533922165,-1914.8462191358024,0.0,0.037151702786377805,0.6062755229331941,0.0,-0.48561727369939384,0.5,0.036081978254594436,-0.039178439985753294,-0.3906492163740122,0.0,-0.3087077763010807,Gold,Basic Materials,NG
2017Q3,2017,Q3,2017-10-03,2017-08-31,-10393000.0,0.0,-8423000.0,-0.0323,-10000.0,0.0,413318000.0,300310000.0,90136000.0,2745000.0,113008000.0,0.0,-1734899000.0,1402537880.0,1469588880.0,0.9335588141120296,32.836429872495444,0.21458779922480994,0.2953381505777363,-0.021793282907220025,0.9335588141120296,-0.03460757217541873,0.0,-33.737560858269994,4.670300289700643,0.0,0.0,0.0,0.0,32.25573770491803,-0.025145287647767578,-835.3412030970816,0.0,-0.22813688212927763,0.5817550672372604,0.0,-0.4742971505011304,-0.1111111111111111,-0.22819664381942803,-0.11444826673723207,0.14638975408052943,0.0,-0.31169553353492996,Gold,Basic Materials,NG
2017Q2,2017,Q2,2017-06-27,2017-05-31,-8462000.0,0.0,-7558000.0,-0.0263,-9000.0,0.0,395404000.0,286011000.0,94947000.0,2032000.0,109393000.0,0.0,-1724506000.0,1264131660.0,1329840660.0,0.8891662676971479,46.72588582677165,0.22086777068517263,0.30534489932205405,-0.02048131662629001,0.8891662676971479,-0.029586274653772057,0.0,-37.347307374143234,4.419870774200993,0.0,0.0,0.0,0.0,46.02509842519685,-0.021400896298469415,-822.4669225764476,0.0,0.16772151898734183,-1.080240077311076,0.0,-0.4979873812603827,0.1,0.16573006013999803,0.15675555059689836,0.2185079282581141,0.0,-0.3611332906657581,Gold,Basic Materials,NG
2017Q1,2017,Q1,2017-04-03,2017-02-28,-10143000.0,0.0,-8963000.0,-0.0316,-10000.0,0.0,405279000.0,297388000.0,100151000.0,1506000.0,107891000.0,0.0,-1716044000.0,1700354120.0,1768140120.0,0.9252087559266772,66.50132802124834,0.2122611830368709,0.28926856497235937,-0.023499673142002096,0.9252087559266772,-0.03410695791356746,0.0,-41.90954648526077,5.717628552597953,0.0,0.0,0.0,0.0,65.23173970783533,-0.025027203482045703,-384.9567851482907,0.0,-0.3799126637554586,-1.4677321421705125,0.0,-0.595897173939567,0.0,-0.38,-0.31731334509112286,0.06452867161388555,0.0,-0.33688919420500263,Gold,Basic Materials,NG
2016Q4,2016,Q4,2017-01-25,2016-11-30,-7350000.0,0.0,-6804000.0,-0.0229,0.0,0.0,408261000.0,300263000.0,107338000.0,3051000.0,107998000.0,0.0,-1705901000.0,1472140240.0,1526678240.0,0.9341532162723845,35.18125204850868,0.2077396567391938,0.2824590442378848,-0.017972494637521503,0.9341532162723845,-0.02447854047951296,0.0,-50.072797278911565,4.902835980457133,0.0,0.0,0.0,0.0,34.999672238610295,-0.018003189136361297,-1152.8114643696163,0.0,0.008658008658008606,0.8664190052867298,-1.0,0.030378384681569132,0.0,0.004199972903400623,-0.05948302709436313,0.6441292757489063,0.0,-0.3647804671603041,Gold,Basic Materials,NG
2016Q3,2016,Q3,2016-10-04,2016-08-31,-7381000.0,0.0,-6422000.0,-0.0231,0.0,0.0,420389000.0,313160000.0,109975000.0,2688000.0,107229000.0,0.0,-1698551000.0,1647830050.0,1703035050.0,0.9787259311116459,40.91331845238095,0.19900615858169457,0.2671477838804445,-0.016347556477582386,0.9787259311116459,-0.023569421382041128,0.0,-55.81323838233302,5.261942936518074,0.0,0.0,0.0,0.0,40.34784226190476,-0.01755754789016839,-3080.056168224299,0.0,0.19230769230769235,0.9137479733867387,-1.0,-0.12220280418036025,0.0,0.19227402057342963,0.13110539845758354,0.6980819113910317,0.0,-0.3628756408954682,Gold,Basic Materials,NG
2016Q2,2016,Q2,2016-06-27,2016-05-31,-9138000.0,0.0,-7391000.0,-0.0286,0.0,0.0,424135000.0,318758000.0,114166000.0,1981000.0,105377000.0,0.0,-1691170000.0,1720427160.0,1771189160.0,0.9967978185138626,57.630489651691065,0.1945253280205595,0.2588327194925304,-0.01845367146448552,0.9967978185138626,-0.02866751579568199,0.0,-47.06793499671701,5.397283079954072,0.0,0.0,0.0,0.0,56.40737001514387,-0.02154502693717802,-800.9437430167598,0.0,0.08333333333333327,0.38151872569941025,-1.0,-0.27564205430687255,0.0,0.08409341485416458,0.22444910807974816,0.036906163257782953,0.0,-0.3831311804089617,Gold,Basic Materials,NG
2016Q1,2016,Q1,2016-04-04,2016-02-29,-9977000.0,0.0,-9530000.0,-0.0312,0.0,0.0,419063000.0,315766000.0,119585000.0,1704000.0,103297000.0,0.0,-1682032000.0,1583941280.0,1628355280.0,0.9887988776957691,70.17899061032864,0.1941283291533731,0.2576338174470969,-0.024147967446856516,0.9887988776957691,-0.031596181982860724,0.0,-39.6898185827403,5.01618692322796,0.0,0.0,0.0,0.0,68.6255868544601,-0.023807876142727943,-204.7493898655636,0.0,-0.3928571428571428,0.8947189181899637,-1.0,-0.19294717249603588,0.0,-0.39188058035714285,-0.4472285497342445,0.5380567566301686,0.0,-0.4285531352747231,Gold,Basic Materials,NG
2015Q4,2015,Q4,2016-01-27,2015-11-30,-7168000.0,0.0,-6585000.0,-0.0224,0.0,0.0,433584000.0,329296000.0,130041000.0,3517000.0,104288000.0,0.0,-1672055000.0,1194342820.0,1232872820.0,1.0311671149829493,36.97497867500711,0.18511061293774678,0.24373511977066226,-0.01639630089015817,1.0311671149829493,-0.021767649774063456,0.0,-41.65537179129465,3.626958177445217,0.0,0.0,0.0,0.0,36.80978106340631,-0.016531975349643898,-789.3871910112359,0.0,-0.13131313131313122,0.7839362198751654,-1.0,-0.2518307951868921,0.0,-0.13759720679257262,-0.0009119927040583675,0.7156847457968415,0.0,-0.3981324571124209,Gold,Basic Materials,NG
2015Q3,2015,Q3,2015-10-06,2015-08-31,-6301000.0,0.0,-6579000.0,-0.0198,0.0,0.0,442454000.0,339281000.0,133030000.0,3042000.0,103173000.0,0.0,-1664887000.0,1185625260.0,1219857260.0,1.0673845882804487,43.73109796186719,0.17904460124668328,0.2334908232409124,-0.0157454188694209,1.0673845882804487,-0.018571626468915147,0.0,-47.04115457863831,3.494523006003873,0.0,0.0,0.0,0.0,42.73076923076923,-0.01424102844589494,-675.5699487179487,0.0,0.3148788927335639,0.9688742316723994,-1.0,-0.24067983774768037,0.0,0.3139155052264808,0.09205078664090532,0.7433810409497643,0.0,-0.3989375804844869,Gold,Basic Materials,NG
2015Q2,2015,Q2,2015-07-07,2015-05-31,-9184000.0,0.0,-7246000.0,-0.0289,0.0,0.0,464818000.0,361860000.0,137874000.0,2661000.0,102958000.0,0.0,-1658586000.0,1296876960.0,1325354960.0,1.1384185589973008,51.812852311161215,0.1681819550877978,0.21603382523627923,-0.01645615840061978,1.1384185589973008,-0.025379981208202066,0.0,-35.302617595818816,3.5839190847289,0.0,0.0,0.0,0.0,50.61856444945509,-0.019758270979178948,-511.38681388012617,0.0,0.013651877133105839,0.5798390623054707,-1.0,-0.44879560525232337,0.0,0.01236692117431982,0.3579656211235159,-1.088127477384072,0.0,-0.3572625246972697,Gold,Basic Materials,NG
2015Q1,2015,Q1,2015-03-31,2015-02-28,-9299000.0,0.0,-11286000.0,-0.0293,0.0,0.0,485728000.0,368467000.0,160319000.0,18107000.0,117261000.0,0.0,-1649402000.0,1182141600.0,1207874600.0,1.1595034300459437,8.853979124095654,0.19082696488569734,0.2515557702589377,-0.024499573582677507,1.1595034300459437,-0.025236995443282572,0.0,-31.781417356705024,3.2082699400489054,0.0,0.0,0.0,0.0,8.66830507538521,-0.019144459450556692,-210.27065101387407,0.0,-0.3080357142857143,0.6912777128388139,-1.0,-0.2645178997496234,0.0,-0.30916514148951146,-0.47413793103448276,-1.4337347144944705,0.0,-0.49356444163887203,Gold,Basic Materials,NG
2014Q4,2014,Q4,2015-01-28,2014-11-30,-7103000.0,0.0,-7656000.0,-0.0224,0.0,0.0,524546000.0,405116000.0,169060000.0,19226000.0,119430000.0,0.0,-1640103000.0,899317400.0,920257400.0,1.2748316445339543,8.793300738583168,0.1739885539113824,0.22528115403983057,-0.016028396268106624,1.2748316445339543,-0.01753324973587812,0.0,-31.652731240320993,2.2199009666367164,0.0,0.0,0.0,0.0,8.599032560074898,-0.013541233752616549,-367.66860179885526,0.0,0.40740740740740744,0.8110427981343549,-1.0,-0.2061493709275158,0.0,0.408526938129736,0.28814504881450487,0.8694261246095232,-1.0,0.40614938508420323,Gold,Basic Materials,NG
2014Q3,2014,Q3,2014-10-07,2014-08-31,-12009000.0,0.0,-10755000.0,-0.0378,0.0,0.0,546260000.0,430343000.0,174147000.0,18471000.0,115917000.0,0.0,-1633000000.0,1253287600.0,1272313600.0,1.3563166586823328,9.428130583076173,0.16451872734595246,0.20883341892397458,-0.0206759455317304,1.3563166586823328,-0.02790564735571393,0.0,-26.090590390540427,2.9122992589631993,0.0,0.0,0.0,0.0,9.249309728764008,-0.021984036905502873,-749.125881649731,0.0,-0.12166172106824924,0.5653635017901394,-1.0,-0.1682913936340167,0.0,-0.1243329276284992,-0.30142787996127784,0.8584817368161081,-1.0,0.21644979640271078,Gold,Basic Materials,NG
2014Q2,2014,Q2,2014-07-09,2014-05-31,-10681000.0,0.0,-8264000.0,-0.0337,0.0,0.0,555224000.0,441607000.0,180098000.0,17033000.0,113617000.0,0.0,-1620991000.0,955057949.9999999,972211949.9999999,1.391786822988071,10.573475019080607,0.15936450873881533,0.20036593622836593,-0.015654292807744125,1.391786822988071,-0.024186663707776373,0.0,-22.354132337796084,2.162687525333611,0.0,0.0,0.0,0.0,10.352198673163858,-0.01923728080918692,-2014.8901898734175,0.0,0.0,-0.40193287715298065,-1.0,-0.21879851718096668,0.0,0.0009353661958656814,0.2708020824141886,0.27141856237334866,-1.0,0.011390499876362828,Gold,Basic Materials,NG
2014Q1,2014,Q1,2014-04-07,2014-02-28,-10691000.0,0.0,-11333000.0,-0.0337,0.0,0.0,554243000.0,442201000.0,187637000.0,2547000.0,112042000.0,0.0,-1610310000.0,1169479080.0,1184292080.0,1.395255133593326,73.66980761680408,0.1572144348237145,0.19704840106648333,-0.021310177664942944,1.395255133593326,-0.02417678838356313,0.0,-27.34727995510242,2.644677601362276,0.0,0.0,0.0,0.0,71.58303886925795,-0.019289373072821848,-223.3535294117647,0.0,0.47589424572317257,0.838347577322776,-1.0,-0.45489153517924397,0.0,0.47453650104398154,0.5323617928676226,0.8863262974924326,-1.0,0.13880044370597805,Gold,Basic Materials,NG
2013Q4,2013,Q4,2013-11-30,2013-11-30,-20345847.087839,0.0,-24234546.76532,-0.0643,0.0,0.0,578686000.0,465649000.0,196811000.0,4353000.0,113037000.0,0.0,-1599619000.0,740935260.0,744971260.0,1.4705990102293147,45.2127268550425,0.14739945324407364,0.18318089376332816,-0.054405022002681554,1.4705990102293147,-0.04369352685786719,0.0,-9.104256716384981,1.5911883414331396,0.0,0.0,0.0,0.0,43.93797381116472,-0.035158699342716086,76.74064738758271,0.0,0.15837696335078535,0.9646588815410576,-1.0,-0.24363136237634636,0.0,0.15901066499371452,-0.6147174314245788,0.38148142724337336,-1.0,0.06700153262781565,Gold,Basic Materials,NG
2013Q3,2013,Q3,2013-08-31,2013-08-31,-24192752.79833,0.0,-15008537.279454,-0.0764,0.0,0.0,579735344.336938,486408651.109846,208389299.943085,3972680.705748,93326693.227092,0.0,-1467642762.284197,867590860.0000001,861053201.1117442,1.536161531301722,52.455587392555934,0.15364464450214937,0.18312427355627878,-0.03219004895099332,1.536161531301722,-0.049737505167987923,0.0,-8.965400374568874,1.7836665898528015,0.0,0.0,0.0,0.0,52.38467048711161,-0.04173068458677473,-96.51902539172332,0.0,-1.572390572390572,-1.5105816472615043,-1.0,-0.7585599011234441,0.0,-1.5751302751402114,-0.4253201145478426,0.8800307081778277,-1.0,0.0928005107071313,Gold,Basic Materials,NG
2013Q2,2013,Q2,2013-05-31,2013-05-31,-9394768.502348002,0.0,-10529941.397912,-0.0297,0.0,0.0,603582101.137113,511648620.328327,218881709.162883,3309465.595529,91933480.808786,0.0,-1481086273.140063,797917680.0,669862415.514418,1.6158991780046583,66.13808267370611,0.146126024754863,0.17238207931794344,-0.016554232382286826,1.6158991780046583,-0.018361758693533348,0.0,-21.23303197414016,1.5595032377649587,0.0,0.0,0.0,0.0,65.98065083553536,-0.01556502170069128,-64.03969743205117,0.0,0.5606508875739644,0.6110892523211847,-1.0,-0.7565145179279397,0.0,0.5417431744673757,-0.6392985866959832,0.5685296609683901,-1.0,-0.21760698528155525,Gold,Basic Materials,NG
2013Q1,2013,Q1,2013-02-28,2013-02-28,-20501098.901099004,0.0,-6423443.223443,-0.0676,0.0,0.0,693199511.599512,524511843.711844,305061782.661783,99025152.625153,168687667.887668,0.0,-1481082295.482295,1209472740.0,1051767245.4945059,1.7303426420427281,3.080649456977412,0.20840032522479013,0.27542372092243733,-0.0146223410986068,1.7303426420427281,-0.03908605524713735,0.0,-14.748876948434745,2.305901676959004,0.0,0.0,0.0,0.0,3.072876490722731,-0.029574600902118463,-133.03940233963232,0.0,0.14321926489226874,-1.2489664972540124,-1.0,-0.7286430032926509,1.0,0.07163031670957326,0.5408998799701302,0.2864699825930434,-1.0,0.09756987995451191,Gold,Basic Materials,NG
2012Q4,2012,Q4,2012-11-30,2012-11-30,-22082904.332288,0.0,-13991377.791461,-0.0789,-7346856.596366,0.0,660015100.417778,479229878.693311,257868827.704233,112406503.24659,180785221.724468,0.0,-1512534353.450445,1241934600.0,1127805642.432174,1.7132791544726274,2.2940739214931125,0.21302846439891054,0.2933915633671747,-0.02032782187853801,1.7132791544726274,-0.04607998230932556,0.0,-14.059910115447707,2.591521637562151,0.0,0.0,0.0,0.0,2.284222498858127,-0.03345818045421977,-41.12087387863518,0.0,-0.022020725388600948,0.7509856937793851,-1.0,-0.7209172565080978,0.0,-0.022017437068524884,0.5573000568484786,0.3325962697053782,-1.0,0.06687635217282534,Gold,Basic Materials,NG
2012Q3,2012,Q3,2012-08-31,2012-08-31,-21607169.83032,0.0,-31604652.333719,-0.0772,0.0,0.0,692507930.1142939,496726247.419566,290904788.278536,110216001.208398,195781682.694728,0.0,-1539991944.010876,1300674750.0,1175943870.386688,1.7758298533134296,2.639406121516685,0.2087742385796035,0.2910613573794693,-0.0443743479571668,1.7758298533134296,-0.04349915057351346,0.0,-15.049110552355218,2.6184941036573997,0.0,0.0,0.0,0.0,2.451301964367293,-0.03120133198583571,-62.80744276623052,0.0,-1.3088,-1.0523881914308453,-1.0,-0.7145823036742034,1.0,-1.2362715291787614,-4.15234332176087,0.11293565310697527,-1.0,0.08895880839309783,Gold,Basic Materials,NG
2012Q2,2012,Q2,2012-05-31,2012-05-31,91450586.134617,0.0,-6134034.624641,0.25,-2270786.429625,0.0,704166019.718966,494052286.313174,315194860.647465,34420852.418291,210113733.405791,482299.510908,-1463232668.271097,1578777760.0,1434644928.698083,1.7712030226043751,9.15709049901311,0.21038988243303433,0.29986584458006293,-0.00966168137696528,1.7712030226043751,0.18510305218311962,0.0,4.315931222343423,3.1955681690727595,0.0,4.708249496977323,0.0,0.0,8.520186072737387,0.12987077418350165,-512.4091042912321,0.0,25.752475247524753,11.607472117564791,-1.0,-0.73198165098792,0.12288889202571508,4.422083383184615,-1.3117595974264864,14.654017609702779,-1.0,-0.005834510876130739,Gold,Basic Materials,NG
2012Q1,2012,Q1,2012-02-29,2012-02-29,16866318.65866,0.0,19675527.795378998,-0.0101,-2588938.17326,0.0,817013165.967633,572377618.860827,360839041.268117,34952676.945978,244635547.106806,478762.459391,-1611367591.00007,2074975100.0000002,1892352366.8296072,2.2895379498987065,10.323645362723461,0.19821149601316768,0.2829275578790143,0.028515122598390563,2.2895379498987065,0.029467117690988937,0.0,30.756194371653915,3.62518559710583,0.0,5.407563025207127,0.0,0.0,10.257747978475528,0.02064387620814446,-85.88328935818518,0.0,0.9405882352941176,2.4894789598290243,-1.0,-0.4795850437699643,-1.1534095455633235,1.4129835642369224,1.6497199742152866,1.3233072798395977,-1.0,-0.10550659376257703,Gold,Basic Materials,NG
2011Q4,2011,Q4,2011-11-30,2011-11-30,-40840169.244566,92104.349531,-30283088.986363005,-0.17,16875991.410791,183.2268670994,702783265.543289,216296726.709278,81372264.187488,45241138.872748,208128994.770482,505520.046485,-996474917.683517,2741249730.0,2805743241.5243077,0.9066118138348541,1.7986343008819432,0.18379785419198713,0.5971891398176822,-0.08842609967008197,0.9066118138348541,-0.18881547523120318,29762.43515055024,-16.78035241225609,12.6735608610688,0.0,-33.20122946253531,0.0,0.00013105654907676043,1.7498501584039678,-0.058112040008514394,-113.90463916869007,183.22686709937585,0.37037037037037035,0.07585973998535413,-0.9793802122302518,-0.789531555977817,4.263036103415497,0.35994358859554204,0.1920850830326443,0.9058483622702197,-0.83091587976165,-0.533705151632837,Gold,Basic Materials,NG
2011Q3,2011,Q3,2011-08-31,2011-08-31,-63807140.303386,82741.71306,-37483017.51877,-0.27,-5171867.81756,-62.5061728394,772529751.26411,266008478.471832,108572450.074059,43567087.18525,207203636.549364,533224.373053,-1012167117.830328,2457343100.0,2492757574.692273,1.1149795599401116,2.4920750293082965,0.16697784383313866,0.48492947632378375,-0.09459066193360754,1.1149795599401116,-0.23986882173811097,29698.96330546193,-9.628009844650562,9.237837508477053,0.0,9.854406130264637,0.0,0.00010710488874325893,2.456084407971834,-0.08259505889446557,-101.47934101242852,-62.506172839443515,-4.8441558441558445,-9.294661457587793,-0.9860902241359538,-0.7603041409548434,0.18632000683154495,-4.901903702808608,-0.38846784965340747,-2.787248845887533,-0.9740391501933144,-0.8247575077803424,Gold,Basic Materials,NG
2011Q2,2011,Q2,2011-05-31,2011-05-31,-10811281.158827,197573.834263,-26995956.390439,-0.0462,-6356144.7509860005,-32.170984456,511540154.57849205,322003378.205456,142887853.815837,32308952.244459,189536776.373036,8284792.956953,-956476429.339203,2681582700.0,2642060767.257,1.376112216951029,4.42254681410606,0.14601419257231557,0.23196068021198923,-0.06991110233077841,1.376112216951029,-0.03357505507885946,13572.559898951076,-62.008902104321606,8.32780921412881,0.0,0.7910539972817066,0.0,0.00038623328490370494,4.120813662431515,-0.021134765398300885,-159.55391102982637,-32.170984455993455,0.846,0.47848589482448173,-0.9635297975862367,-0.6782010559134442,-0.22368298552443655,0.8430216614209162,-0.19245044712749634,0.39439145581918655,-0.699192821547187,-0.7926458834249082,Gold,Basic Materials,NG
2011Q1,2011,Q1,2011-02-28,2011-02-28,-68871165.64417201,16359.9182,-22639059.304703,-0.3,-5194274.02863,-317.5000000079,746267893.660532,284348670.756646,144530674.846626,29946830.265849,169804703.476483,8292433.537832,-948116564.417178,3177229960.0,3118438548.957055,1.225197216338248,4.826242829827871,0.09835719668425011,0.2581366665108436,-0.05683175106849504,1.225197216338248,-0.24220674378715137,194208.1813098552,-11.533237205594117,11.173711315567104,0.0,0.6283600493218163,0.0,2.1922312803452754e-05,4.442638623326908,-0.09228745632664273,-154.34018282819363,-317.5000000079462,-1.9999999999999998,-21.88313130249294,-0.9957840239410636,-0.7453582334670212,-1.2752397628396206,-1.9674405768873031,-5.384905738735671,-2.0923937069668423,-0.9957676425974055,-0.8078612704086954,Gold,Basic Materials,NG
2010Q4,2010,Q4,2010-11-30,2010-11-30,-23208945.169987,184853.152691,-3545715.509526998,-0.1,18871815.522005998,102.0908502088,786389673.571877,307911566.227244,159700643.44005,29903287.82172,186878138.731952,7964532.328939,-859038567.168864,3214826730.0,3201590108.844947,1.3782538874218087,5.340571391084722,0.1724100082320952,0.44032594083880744,-0.007960781859056415,1.3782538874218087,-0.07537536005665471,17391.246420199797,-34.62917752674626,10.440746898177261,0.0,-2.3462723983699862,0.0,0.00023506559013087574,5.01066028143141,-0.02951328832252993,-134.11445888482328,102.09085020882533,0.84375,-4.346594403978478,-0.9563440388993332,-0.519571648330439,4.182517999290326,0.8368797649825742,0.8652518823674024,0.6723256173134055,-0.9580663309050979,-0.7754908328126727,Gold,Basic Materials,NG
2010Q3,2010,Q3,2010-08-31,2010-08-31,-142281214.63598698,314975.480951,-26313655.224444,-0.64,-5929837.797057,-18.8263473054,497080347.03885305,314045643.153527,165513956.997359,24522821.576763,183034703.885326,436627.687665,-805663900.414938,1659914010.0,1631065462.2821572,1.4057108468110981,6.749384710044723,0.26975321758134857,0.4269730401724825,-0.05835010075463633,1.4057108468110981,-0.45305903055126984,5269.978491621793,-2.916607814753924,5.2855820362026815,0.0,14.302375809935572,0.0,0.0006336510441970475,6.692047377326681,-0.2862338362068978,-215.0971290647434,-18.82634730536213,-8.30232558139535,-28.688443990650303,-0.9084574214606498,-0.493588481732906,-0.16860113119750428,-8.529851786118108,-0.6251500761188892,-15.921083383665364,-0.9305111837218061,-0.77406914809524,Gold,Basic Materials,NG
2010Q2,2010,Q2,2010-05-31,2010-05-31,-14930055.349155,181969.823338,-16191523.239063,-0.0688,-5074304.344529,-27.8854166666,899232314.807794,448407764.045796,169115361.28592,19343771.324589,174560239.593601,416066.418986,-669808173.477898,1524126240.0,1487720902.2185152,2.065329249630587,8.74262616364512,0.14449651032148028,0.2897718145771504,-0.027488699550869525,2.065329249630587,-0.03329571106094896,8375.708741382963,-25.5211083341071,3.3989737961904254,0.0,12.63325740317405,0.0,0.00020236130346015763,8.64527192552656,-0.016603112569799294,-133.00246661410807,-27.88541666660702,0.2742616033755274,-2.282038371350782,-0.8467326701247365,0.04557071843140634,0.3240049053821379,0.1615653588984669,0.1257558906570612,-1.2248849792469292,-0.9558867388715804,-0.6874744856530257,Gold,Basic Materials,NG
2010Q1,2010,Q1,2010-02-28,2010-02-28,-17807059.271239,24735.990867,-18520597.469318,-0.0948,-7506421.843782,-303.461538458,473120540.386262,296176386.642565,20478546.284844,21842831.31957,176944153.743697,416706.307678,-657382741.889449,1134716680.0,1234482639.47103,1.5765216171151135,0.9375408336599809,0.24677808231298307,0.39421029131639906,-0.044619683092913906,1.5765216171151135,-0.060123156586176875,45873.103935925705,-15.93071408810231,3.831219270594356,0.0,18.07305936071533,0.0,5.2282639952188937e-05,0.8297399712530852,-0.037637468152832844,-70.2042911500403,-303.46153845796533,0.21000000000000002,-0.5065020246582317,-0.980468145040743,-0.22636918260459407,0.4927487238983791,0.20733391141795443,0.2380184347056255,-1.092620967949948,-0.9868461876535022,-0.6416545843221491,Gold,Basic Materials,NG
2009Q4,2009,Q4,2009-11-30,2009-11-30,-22464767.356319,694929.933825,-24305834.042275,-0.12,-14798231.561823001,-21.2945663175,738632882.669944,304974945.636759,39024298.005105,13895244.398223,156408244.303678,0.0,-635584759.383568,1061602490.0,1140124755.2926161,1.6058835224750487,2.8084643124445976,0.155177842744723,0.3758323723075788,-0.050918799867857995,1.6058835224750487,-0.07366102585710665,1527.639605559626,-11.81408283871441,3.4809498458421686,0.0,0.0,0.0,0.0009408326519569903,2.661903789889021,-0.030413982214162152,-45.398833859209425,-21.29456631745777,-0.3777267508610792,-2.875285183909203,-0.808021426645913,-0.3478421301092589,-0.9221730453137743,-0.358391014575634,-0.2877165740241584,0.36139732191697804,-0.8045554687356544,-0.6271967769463096,Gold,Basic Materials,NG
2009Q3,2009,Q3,2009-08-31,2009-08-31,-16537776.763296,302214.106368,-18875142.661493,-0.0871,-7698698.927186,-25.4743202417,734845012.554211,309699155.443963,44325039.945218,9677242.638667,153203378.22415,0.0,-593707372.745948,738753790.0,809516629.534353,1.6307594370203042,4.580337767713923,0.15393389236853547,0.36524979510492245,-0.04269862154410976,1.6307594370203042,-0.05339948938378151,2444.4715664610126,-11.167670851011739,2.38539168420067,0.0,0.0,0.0,0.00041126237669838583,4.446928955561742,-0.022505122142440853,-66.33029711212588,-25.47432024172773,-2.629166666666666,-28.38059384297801,-0.9076859854889762,-0.1772325055833212,-0.2882379230323142,-2.779865102116444,-1.343002562467614,-2.3519564407141313,-0.9361752961406259,-0.6494229148258349,Gold,Basic Materials,NG
2009Q2,2009,Q2,2009-05-31,2009-05-31,-4375229.357798,341284.40367,-8055963.302752,-0.024,-5976146.7889910005,-17.5107526882,748288990.825688,324630275.229358,53733944.954128,8900917.431193,152024770.642202,0.0,-579950458.715596,962084640.0,1023399318.899083,1.781597774194805,6.0368996083279,0.1507058917285312,0.3473846040802958,-0.014731761482800544,1.781597774194805,-0.013477576466664453,2819.0114451590166,-54.97338318305932,2.963631901923711,0.0,0.0,0.0,0.00045608636215991227,5.85569985569961,-0.00584697812134082,-38.22589974014548,-17.510752688158433,0.8857142857142858,0.7327735003674717,-0.7716475725949117,0.4782934384605467,-22.417670896236874,0.8049932579279959,0.468938676761972,0.7289702647797357,-0.9190992763274627,-0.5833797015528939,Gold,Basic Materials,NG
2009Q1,2009,Q1,2009-02-28,2009-02-28,-22436297.900831003,351036.193927,-15169553.778898,-0.21,279028.78972899995,0.7948718524,661464747.351424,275202186.601552,64825639.793628,15243561.104328,152568625.891064,0.0,-494172613.130637,307501480.0,356521500.479698,2.5595917576736174,4.25265719407406,0.16798382785743904,0.4037590748278574,-0.03776273370219339,2.5595917576736174,-0.08152659750961613,875.9822642788416,-3.4263839043228543,1.1173656859246257,0.0,0.0,0.0,0.0005306952416324327,4.120128636856258,-0.03391911358945182,-11.571202245199375,0.794871852407976,0.8846153846153847,-55.89918569257797,-0.6894514156029673,1.094570497583063,1.007040751288198,0.8826648203238744,0.5759311409005842,-15.684981615438014,-0.8047311677837061,-0.4680211821528323,Gold,Basic Materials,NG
2008Q4,2008,Q4,2008-11-30,2008-11-30,-191215439.07599398,240126.791675,-35771440.070165,-1.82,-39630542.012855,-165.0400679425,390460827.76391,204480844.673484,13820545.132458,29257709.960544,185979983.090426,0.0,-481207897.576294,52585000.0,114974919.478219,1.944288719915223,0.4723727575089075,0.18494121656411017,0.35314946308342937,-0.12932402770497162,1.944288719915223,-0.9351264143168408,218.98847535168528,-0.06875098613127854,0.25716345256675743,0.0,0.0,0.0,0.0006149830523337192,0.3990183059654247,-0.48971734289210533,1.0601512020185435,-165.04006794249358,-13.133333333333333,-43.16399476489369,-0.8461808567850849,0.28522370648406065,-30.510433058384887,-13.149975403175626,-4.470860511133435,-59.5700420531067,-0.8795346316266582,-0.322264618004508,Gold,Basic Materials,NG
2008Q3,2008,Q3,2008-08-31,2008-08-31,15737928.08058,1404975.995482,-6538539.960463,0.15,1342933.258026,0.9558407135,1151253418.996517,669143646.804104,45551630.424551,38624820.672127,208863032.10016,9745767.673915,-119502981.267062,648898900.0,682101955.634002,6.362495453114994,1.1793357129402189,0.04630954370409674,0.07967500069102205,-0.009052088527070418,6.362495453114994,0.023519506096704192,461.8576417580605,10.30788323401853,0.969745290266455,0.0,0.006366121123742799,0.0,0.0012203881198516995,0.875511693592176,0.013670255237372385,-16.441577321004626,0.9558407135385149,2.965923984272608,15.875763523159929,0.9162530065353641,8.388606137018838,3.8455676421977043,2.961785085093591,0.17308909512696172,7.975772866031651,-0.13259843657582968,1.2921079322171796,Gold,Basic Materials,NG
2008Q2,2008,Q2,2008-05-31,2008-05-31,-8022248.818263999,295156.391431,-7907187.971438,-0.0763,277146.73639700003,0.9389826697,912125098.058936,697844606.255657,53281219.953736,36782481.142512,214280491.803279,9217881.926984,-144489527.305642,880122239.9999999,895242248.0458609,6.636531937154376,1.4485488281038033,0.058040327293080736,0.07586221738909493,-0.009932512560169289,6.636531937154376,-0.01149575241586811,2981.884402817514,-27.42754120254453,1.2612008921618936,0.0,0.0019537736734595583,0.0,0.00032359200734538807,1.1207736203887744,-0.008795119041605026,-10.781518046597986,0.9389826696732394,-1.2934615384615387,0.19978670854101896,0.2782073126834489,8.578402428740048,-0.8413116116262336,-1.281141033771964,-2.1899452967509436,-2.641201013994534,-0.48670302996806303,2.3597371783044294,Gold,Basic Materials,NG
2008Q1,2008,Q1,2008-02-29,2008-02-29,28534606.672788,1749493.929191,-2478784.8178749997,0.26,1746484.032242,0.9982795614,875204395.4698501,669807389.041934,45378501.17335,59174826.038159,205397006.427916,9078509.335782,-138444756.657484,1194316170.0,1190630596.078971,6.376628069438924,0.7668548301956576,0.011890570916331167,0.015536824616856352,-0.0033255751389726093,6.376628069438924,0.0426012121389147,682.6637978402559,10.463751819811822,1.7830740441790325,0.0,0.0003315408772161311,0.0,0.001998954687895267,0.44057367067785125,0.032603363077797744,-6.327781011151848,0.9982795613641301,1.8125000000000002,10.38769068296125,2.785838221114037,8.175224741275494,-0.12795430669655755,1.8604222142588305,0.9742755424953878,5.3175866139984365,1.4706900782101973,2.129139449805792,Gold,Basic Materials,NG
2007Q4,2007,Q4,2007-11-30,2007-11-30,-33163493.689395003,2064007.930428,-96359070.640482,-0.32,2002743.715901,0.9703178396,952010227.886057,642154140.929535,148504900.549725,126496278.86057,309856086.956522,9192359.82009,-163574966.516742,1028247490.0,930580292.598701,6.138964856930825,1.1739863171264817,0.00021024975801410873,0.0003117007386268089,-0.10178459909120567,6.138964856930825,-0.05164413273328733,498.1800093116789,-7.751350774668323,1.6012471530769616,0.0,0.0066646884723883856,0.0,0.00216805226453411,1.011108037722033,-0.03483522835992497,-5.705213012159018,0.9703178395664904,-7.510638297872339,-18.13658385634312,0.32294363584770125,7.660586334205044,-0.026562741038651597,-7.423518114728331,-22.15917993617673,-9.38647066889832,0.0352114881020497,1.4930663951639929,Gold,Basic Materials,NG
2007Q3,2007,Q3,2007-08-31,2007-08-31,-3937012.21244,2122311.843226,-4160728.9595760005,-0.0376,2057393.7328410002,0.9694116062,875280220.5812739,650825553.346587,170642834.422039,83565142.478463,224454667.234687,4207670.169459,-124133750.828363,1469672150.0,1349931833.80195,6.221863171673728,2.042033668117281,0.0002167986132303785,0.0002915674362112001,-0.004929834246234645,6.221863171673728,-0.006049258810130655,692.4864292167539,-93.32407868562065,2.258166020745269,0.0,0.015428516915656158,0.0,0.0024247227268731973,1.9199125046760035,-0.0044980020339376895,-10.907383509690494,0.9694116062197901,-0.21682847896440133,-1.9344873699363478,0.9779178446065347,12.139324403625691,0.1307957193836419,-0.3107229496983002,-0.13623761084091376,-11.698610037548875,0.17697729193072664,2.1391182881731594,Gold,Basic Materials,NG
2007Q2,2007,Q2,2007-05-31,2007-05-31,-3003695.184666,1846427.302478,-3661847.592333,-0.0309,1819421.224872,0.9853738744,795928177.653109,642228611.500701,217398305.750351,41554616.175783,153699566.152408,0.0,-118713469.845722,1520898300.0,1337122774.988312,6.60851404067318,5.231628294452768,0.00023500044792046495,0.0002912412728295209,-0.007178056007519412,6.60851404067318,-0.004676987494604515,823.697904574351,-126.58560593666884,2.3681571838509408,0.0,0.0,0.0,0.0023198416067168465,5.198940851022846,-0.0037738269218244797,-21.394160908280334,0.9853738744169583,0.31788079470198677,0.35451030246296855,3.7541677207742863,11.755327343567673,1.0040688274343637,0.2768067968151847,-0.09619695552709451,0.6560240468867311,1.3164073262595504,4.483461579152911,Gold,Basic Materials,NG
2007Q1,2007,Q1,2007-02-28,2007-02-28,-4153378.615062,917862.360631,-3340501.5165109998,-0.0453,907863.642189,0.9891065165,514254106.54022,403411680.12303,74204904.096715,24436345.849887,110842426.41719,0.0,-105730190.952198,1519402720.0,1473694554.764407,4.399446869253075,3.036661232107179,0.00033247067816584956,0.00042382117319671376,-0.007738930477131158,4.399446869253075,-0.010295633021322853,1655.3709849867478,-91.45582794270003,3.7663825686371353,0.0,0.0,0.0,0.0017848420634035591,2.9605974101866606,-0.008076510352061065,-36.261958858191264,0.9891065165422774,0.761578947368421,-2.3659534087489322,-0.5181254179629093,7.545037981221449,-0.44966733215278976,0.7502415435036986,0.7972447951224508,-11.350574561635433,-0.047892461616755796,2.6001645928087465,Gold,Basic Materials,NG
