Quarters,Year,Quarter,FillingDate,Date,NetIncome,Revenue,OperatingIncome,EPSDiluted,GrossProfit,GrossProfitRatio,TotalAssets,CommonStockEquity,CurrentAssets,CurrentLiability,TotalLiability,Inventory,RetainedEarnings,MarketCap,EnterpriseValue,bookValuePerShare,currentRatio,debtToAssets,debtToEquity,roic,shareholdersEquityPerShare,roe,priceToSalesRatio,peRatio,pbRatio,payoutRatio,inventoryTurnover,dividendYield,assetTurnover,quickRatio,returnOnAssets,priceToFreeCashFlowsRatio,grossProfitMargin,epsdilutedGrowth,fiveYNetIncomeGrowthPerShare,fiveYRevenueGrowthPerShare,fiveYShareholdersEquityGrowthPerShare,grossProfitGrowth,netIncomeGrowth,operatingIncomeGrowth,threeYNetIncomeGrowthPerShare,threeYRevenueGrowthPerShare,threeYShareholdersEquityGrowthPerShare,Industry,Sector,Symbol
2023Q3,2023,Q3,2023-04-26,2023-03-31,-433000000.0,1860000000.0,-2000000.0,-2.09,319000000.0,0.1715053763,7967000000.0,-1004000000.0,3597000000.0,3639000000.0,8971000000.0,1200000000.0,-8283000000.0,13686840000.0,18878840000.0,-4.85024154589372,0.9884583676834295,0.7478348186268357,-5.934262948207171,-0.00043702058942268876,-4.85024154589372,0.4312749003984064,7.3585161290322585,-7.902332563510393,-13.632310756972112,-0.3348729792147806,1.2841666666666667,0.010594118145605558,0.23346303501945526,0.48364935421819183,-0.05434919041044308,78.66,0.17150537634408602,-12.0625,-2.570213143646899,-0.08317692741214108,-2.016986130590619,0.2967479674796748,-12.121212121212121,0.9761904761904762,-2.706114130434783,-0.13715327766580276,-1.706424689440994,Computer Hardware,Technology,STX
2023Q2,2023,Q2,2023-01-25,2022-12-30,-33000000.0,1887000000.0,-84000000.0,-0.16,246000000.0,0.1303656598,7867000000.0,-470000000.0,3081000000.0,2725000000.0,8337000000.0,1194000000.0,-7850000000.0,10837660000.0,16096660000.0,-2.2815533980582523,1.1306422018348623,0.7663658319562731,-12.827659574468084,-0.013122390433720568,-2.2815533980582523,0.07021276595744681,5.743328033916269,-82.10348484848484,-23.05885106382979,-4.393939393939394,1.3743718592964824,0.013379271909249783,0.23986271768145417,0.5908256880733945,-0.0041947375111224105,63.009651162790696,0.13036565977742448,-2.142857142857143,-1.2901630335226233,-0.09466852356551234,-1.619309499190176,-0.4896265560165975,-2.1379310344827585,-1.7850467289719627,-1.131983879831471,-0.10980308835815744,-1.3266486285744603,Computer Hardware,Technology,STX
2023Q1,2023,Q1,2022-10-27,2022-09-30,29000000.0,2035000000.0,107000000.0,0.14,482000000.0,0.2368550369,8611000000.0,-351000000.0,3740000000.0,3138000000.0,8962000000.0,1606000000.0,-7672000000.0,11071840000.0,16559840000.0,-1.6875,1.1918419375398344,0.7256996864475671,-17.803418803418804,0.01948557577584366,-1.6875,-0.08262108262108261,5.440707616707616,95.44689655172412,-31.543703703703702,5.068965517241379,0.9669987546699875,0.013276925967138255,0.23632563000812914,0.5924155513065646,0.0033677853907792357,98.85571428571428,0.23685503685503687,-0.8897637795275589,-0.7766149596260093,0.07798617605798469,-1.3940217391304348,-0.36495388669301715,-0.894927536231884,-0.7027777777777777,-0.8145673076923078,0.009484842155517089,-1.2536016949152542,Computer Hardware,Technology,STX
2022Q4,2022,Q4,2022-08-05,2022-07-01,276000000.0,2628000000.0,360000000.0,1.27,759000000.0,0.2888127854,8944000000.0,109000000.0,4033000000.0,3555000000.0,8835000000.0,1565000000.0,-7117000000.0,14716170000.0,19747170000.0,0.5117370892018779,1.1344585091420534,0.6312611806797853,51.79816513761468,0.06091202515931474,0.5117370892018779,2.532110091743119,5.599760273972603,13.329864130434784,135.01073394495415,0.5507246376811594,1.1942492012779553,0.010328774402578931,0.2938282647584973,0.6039381153305204,0.030858676207513418,136.26083333333332,0.2888127853881279,-0.1858974358974359,2.3417346182357304,0.5076393523234166,-0.8896988971954897,-0.05831265508684864,-0.2023121387283237,-0.16083916083916083,-0.6374994626968321,0.43102393356342195,-0.9349085571089193,Computer Hardware,Technology,STX
2022Q3,2022,Q3,2022-04-28,2022-04-01,346000000.0,2802000000.0,429000000.0,1.56,806000000.0,0.2876516774,9145000000.0,421000000.0,4259000000.0,2881000000.0,8724000000.0,1479000000.0,-6767000000.0,19493560000.0,23999560000.0,1.9311926605504588,1.4783061437001042,0.6171678512848551,13.406175771971496,0.06972611523312265,1.9311926605504588,0.8218527315914489,6.957016416845111,14.084942196531792,46.302992874109265,0.44508670520231214,1.3495605138607167,0.007900044937917959,0.3063969382176053,0.8615064213814647,0.03783488244942591,53.70126721763086,0.28765167737330477,-0.3004484304932735,1.4216400264825502,0.42279373923545116,-0.6445068236797663,-0.14978902953586498,-0.3093812375249501,-0.2552083333333333,1.2871324394260175,0.561501207772582,-0.6787062536325169,Computer Hardware,Technology,STX
2022Q2,2022,Q2,2022-01-27,2021-12-31,501000000.0,3116000000.0,576000000.0,2.23,948000000.0,0.3042362003,9375000000.0,526000000.0,4450000000.0,2992000000.0,8849000000.0,1287000000.0,-6533000000.0,24968580000.0,29294580000.0,2.3800904977375565,1.4872994652406417,0.6251733333333334,11.142585551330798,0.08790228692888462,2.3800904977375565,0.9524714828897338,8.013023106546855,12.459371257485031,47.46878326996198,0.3013972055888224,1.6845376845376845,0.006047600624464827,0.33237333333333335,0.9806149732620321,0.05344,58.61169014084507,0.3042362002567394,-0.02192982456140343,1.2593354358060243,0.4421099044051197,-0.5374216760798971,-0.008368200836820083,-0.04752851711026616,-0.017064846416382253,0.6825155542986425,0.48006299842503924,-0.6492627756694914,Computer Hardware,Technology,STX
2022Q1,2022,Q1,2021-10-28,2021-10-01,526000000.0,3115000000.0,586000000.0,2.28,956000000.0,0.30690208667736757,8613000000.0,601000000.0,3668000000.0,2889000000.0,8012000000.0,1188000000.0,-6398000000.0,19076660000.0,23221660000.0,2.65929203539823,1.2696434752509518,0.5963079066527343,8.54575707154742,0.10080249955769156,2.65929203539823,0.8752079866888519,6.124128410914928,9.0668536121673,31.74153078202995,0.2908745247148289,1.8173400673400673,0.008020271892459163,0.3616626030419134,0.7933541017653167,0.06107047486357831,50.33419525065963,0.30690208667736757,0.10144927536231883,3.1670817656721955,0.4734260158640263,-0.47826225814693524,0.08022598870056497,0.0912863070539419,0.15581854043392504,0.48438544739429684,0.3225591227961169,-0.5865564387002752,Computer Hardware,Technology,STX
2021Q4,2021,Q4,2021-08-06,2021-07-02,482000000.0,3013000000.0,507000000.0,2.07,885000000.0,0.2937271822104215,8675000000.0,631000000.0,3779000000.0,2921000000.0,8044000000.0,1204000000.0,-6305000000.0,19842840000.0,23826840000.0,2.767543859649123,1.2937350222526531,0.5986167146974063,8.229793977812996,0.0836505935921757,2.767543859649123,0.7638668779714739,6.585741785595752,10.291929460580912,31.446656101426306,0.31950207468879666,1.7674418604651163,0.007760985826625624,0.34731988472622477,0.8103389250256762,0.05556195965417868,56.05322033898305,0.2937271822104215,0.4892086330935252,8.029949874686716,0.4887938100715239,-0.48054261516943647,0.19594594594594594,0.46504559270516715,0.3134715025906736,0.316112950489021,0.3378059345895603,-0.5229518992676887,Computer Hardware,Technology,STX
2021Q3,2021,Q3,2021-04-29,2021-04-02,329000000.0,2731000000.0,386000000.0,1.39,740000000.0,0.27096301720981325,8604000000.0,484000000.0,3692000000.0,2993000000.0,8120000000.0,1281000000.0,-6417000000.0,18288170000.0,22218170000.0,2.07725321888412,1.233544938189108,0.597629009762901,10.62396694214876,0.06658613034510023,2.07725321888412,0.6797520661157025,6.696510435737825,13.896785714285713,37.78547520661157,0.48936170212765956,1.5542544886807181,0.008803505216760344,0.31741050674105065,0.7317073170731707,0.03823802882380288,66.74514598540146,0.27096301720981325,0.24107142857142835,21.037195994277543,0.3459988257378418,-0.6321916463294903,0.06321839080459771,0.175,0.10919540229885058,0.05993939598751888,0.1959381349535064,-0.5644469057178458,Computer Hardware,Technology,STX
2021Q2,2021,Q2,2021-01-28,2021-01-01,280000000.0,2623000000.0,348000000.0,1.12,696000000.0,0.26534502478078537,8986000000.0,990000000.0,4081000000.0,2621000000.0,7996000000.0,1318000000.0,-5829000000.0,15477840000.0,18823840000.0,3.9759036144578315,1.557039297977871,0.5725573113732473,5.196969696969697,0.054579520916828404,3.9759036144578315,0.2828282828282828,5.900815859702631,13.8195,15.634181818181817,0.5964285714285714,1.4620637329286799,0.010789619223354164,0.29189850879145335,0.9919877909194964,0.031159581571333184,49.29248407643312,0.26534502478078537,0.302325581395349,1.0377266642326886,0.05482479146324082,-0.34717453008078436,0.16778523489932887,0.2556053811659193,0.38645418326693226,1.0368265514889745,0.04112262364488838,0.07922737131371865,Computer Hardware,Technology,STX
2021Q1,2021,Q1,2020-10-29,2020-10-02,223000000.0,2314000000.0,251000000.0,0.86,596000000.0,0.2575626620570441,8862000000.0,1821000000.0,3994000000.0,2644000000.0,7041000000.0,1323000000.0,-4947000000.0,12526180000.0,15025180000.0,7.085603112840467,1.5105900151285931,0.4697585195215527,2.28610653487095,0.042324781619764315,7.085603112840467,0.12246018671059858,5.413215211754538,14.04280269058296,6.8787369577155415,0.7488789237668162,1.2985638699924413,0.013332077297308518,0.26111487248928006,0.9568835098335855,0.025163619950349807,67.34505376344086,0.2575626620570441,0.34374999999999994,6.707255664911878,-0.07036748811067878,0.11334658692914715,-0.10644677661169415,0.3433734939759036,-0.0599250936329588,0.3902444267687082,-0.007929937435691169,0.6544483918870654,Computer Hardware,Technology,STX
2020Q4,2020,Q4,2020-08-07,2020-07-03,166000000.0,2517000000.0,267000000.0,0.64,667000000.0,0.2649980135081446,8930000000.0,1787000000.0,4114000000.0,2722000000.0,7143000000.0,1142000000.0,-4904000000.0,12166380000.0,14682380000.0,6.953307392996109,1.511388684790595,0.4745800671892497,2.3715724678231673,0.045501396189224705,6.953307392996109,0.09289311695579183,4.833682955899881,18.322861445783133,6.808270844991607,1.0120481927710843,1.6199649737302977,0.013808544530090297,0.28185890257558793,1.0422483468038206,0.01858902575587906,44.402846715328465,0.2649980135081446,-0.47540983606557374,0.4898463461046893,0.0569783759647893,-0.2719532351932504,-0.10589812332439678,-0.48125,-0.2898936170212766,0.6657792340774116,0.19674549035970382,0.49873341168684454,Computer Hardware,Technology,STX
2020Q3,2020,Q3,2020-04-30,2020-04-03,320000000.0,2718000000.0,376000000.0,1.22,746000000.0,0.2744665194996321,8829000000.0,1792000000.0,4015000000.0,2690000000.0,7037000000.0,1102000000.0,-4866000000.0,11943360000.0,14485360000.0,6.865900383141763,1.4925650557620818,0.4704949597915959,2.318080357142857,0.05935906809420489,6.865900383141763,0.17857142857142858,4.394172185430463,9.33075,6.664821428571428,0.53125,1.7894736842105263,0.014233850440746992,0.30784913353720694,1.0312267657992564,0.03624419526560199,45.936,0.2744665194996321,0.016666666666666684,0.36087740780239885,0.010106658382520443,-0.30501854473369183,-0.0158311345646438,0.006289308176100629,-0.020833333333333332,0.8706797803847217,0.15276094189255404,0.2638722098320658,Computer Hardware,Technology,STX
2020Q2,2020,Q2,2020-02-05,2020-01-03,318000000.0,2696000000.0,384000000.0,1.2,758000000.0,0.2811572700296736,8932000000.0,1830000000.0,4152000000.0,2700000000.0,7102000000.0,1148000000.0,-4804000000.0,15434420000.0,17831420000.0,6.984732824427481,1.5377777777777777,0.4636139722346619,2.262841530054645,0.060865612364523765,6.984732824427481,0.1737704918032787,5.724933234421365,12.133977987421384,8.434109289617485,0.5188679245283019,1.6881533101045296,0.01069039199399783,0.3018360949395432,1.0577777777777777,0.03560232870577698,53.9665034965035,0.2811572700296736,0.6216216216216216,-0.5733045335166049,-0.08681140742209432,-0.38331295655122105,0.12965722801788376,0.59,0.4065934065934066,0.20965378980646157,0.05247498114023765,0.3575055259557022,Computer Hardware,Technology,STX
2020Q1,2020,Q1,2019-11-01,2019-10-04,200000000.0,2578000000.0,273000000.0,0.74,671000000.0,0.2602792862684251,8738000000.0,1770000000.0,4031000000.0,2549000000.0,6968000000.0,1041000000.0,-4800000000.0,14278880000.0,16634880000.0,6.654135338345864,1.581404472342095,0.4737926298924239,2.3389830508474576,0.046659488283853766,6.654135338345864,0.11299435028248588,5.538743211792087,17.8486,8.06716384180791,0.85,1.8318924111431316,0.011905695684815617,0.2950331883726253,1.1184778344448802,0.02288853284504463,46.20996763754045,0.2602792862684251,-0.7909604519774011,-0.3546859274169676,-0.16269603996781912,-0.2614045296540741,0.07532051282051282,-0.7965412004069176,-0.17771084337349397,0.3461798208095088,0.03604829019276834,0.3055029305547332,Computer Hardware,Technology,STX
2019Q4,2019,Q4,2019-08-02,2019-06-28,983000000.0,2371000000.0,332000000.0,3.54,624000000.0,0.2631800927878532,8885000000.0,2162000000.0,4363000000.0,2232000000.0,6723000000.0,970000000.0,-4349000000.0,12958000000.0,14991000000.0,7.861818181818182,1.9547491039426523,0.47867191896454697,1.9671600370027753,0.17482436193093398,7.861818181818182,0.45467160037002774,5.465204555040067,3.2955239064089517,5.993524514338575,0.1770091556459817,1.8010309278350516,0.013427998147862325,0.266854248733821,1.4386200716845878,0.11063590320765335,43.629629629629626,0.2631800927878532,4.130434782608696,2.6415681818181818,-0.1485268926771503,-0.09500256805341542,0.03826955074875208,4.041025641025641,0.4067796610169492,14.268415584415585,-0.02866479413578148,0.4756331678365577,Computer Hardware,Technology,STX
2019Q3,2019,Q3,2019-04-30,2019-03-29,195000000.0,2313000000.0,236000000.0,0.69,601000000.0,0.2598357111975789,8596000000.0,1689000000.0,3487000000.0,2146000000.0,6907000000.0,1001000000.0,-4808000000.0,13457090000.0,16591090000.0,6.01067615658363,1.624883504193849,0.5260586319218241,2.6773238602723506,0.034462487784238764,6.01067615658363,0.11545293072824156,5.8180242109814095,17.25267948717949,7.967489638839551,0.9128205128205128,1.7102897102897103,0.013227228174887735,0.26907864122847835,1.0647716682199442,0.02268496975337366,46.24429553264605,0.2598357111975789,-0.4850746268656717,-0.42551466282264966,-0.20973559324867358,-0.254931348293083,-0.24307304785894207,-0.4921875,-0.4326923076923077,10.847483477376716,-0.05474667270071799,0.06427896296014367,Computer Hardware,Technology,STX
2019Q2,2019,Q2,2019-02-04,2018-12-28,384000000.0,2715000000.0,416000000.0,1.34,794000000.0,0.29244935543278083,8789000000.0,1934000000.0,3676000000.0,2300000000.0,6855000000.0,1097000000.0,-4502000000.0,10929750000.0,13896750000.0,6.7859649122807015,1.5982608695652174,0.4919786096256685,2.235780765253361,0.06413659862110167,6.7859649122807015,0.19855222337125128,4.0256906077348065,7.11572265625,5.651370217166495,0.46875,1.7511394712853237,0.016468812186921016,0.3089088633519172,1.05,0.04369097735806121,67.88664596273291,0.29244935543278083,-0.12987012987012983,0.05774717166748652,-0.09273182957393476,-0.08613859297542457,-0.1303395399780942,-0.14666666666666667,-0.17296222664015903,1.4415948963317384,-0.04609229033736368,0.11422488125861058,Computer Hardware,Technology,STX
2019Q1,2019,Q1,2018-11-02,2018-09-28,450000000.0,2991000000.0,503000000.0,1.54,913000000.0,0.3052490805750585,9578000000.0,1846000000.0,4523000000.0,3175000000.0,7732000000.0,1116000000.0,-4569000000.0,13589450000.0,16468450000.0,6.43205574912892,1.4245669291338583,0.5033409897682188,2.6115926327193932,0.07254444970059189,6.43205574912892,0.2437703141928494,4.5434470076897355,7.5496944444444445,7.361565547128928,0.4022222222222222,1.8620071684587813,0.013319155668551708,0.3122781373982042,0.990236220472441,0.046982668615577365,33.145,0.3052490805750585,-0.019108280254777087,0.3109042097446736,0.06635488538892266,-0.37568137508455024,0.00995575221238938,-0.02386117136659436,-0.0039603960396039604,12.927034228325477,0.07600821942285364,0.010656002204440013,Computer Hardware,Technology,STX
2018Q4,2018,Q4,2018-08-03,2018-06-29,461000000.0,2835000000.0,505000000.0,1.57,904000000.0,0.31887125220458556,9410000000.0,1665000000.0,4310000000.0,3190000000.0,7745000000.0,1053000000.0,-4696000000.0,16206890000.0,19172890000.0,5.801393728222997,1.3510971786833856,0.5121147715196599,2.894294294294294,0.07704835673417298,5.801393728222997,0.2768768768768769,5.7167160493827165,8.78898590021692,9.733867867867868,0.3926247288503254,1.8338081671415005,0.011168089621142614,0.3012752391073326,0.9520376175548589,0.04899043570669501,43.56690860215054,0.31887125220458556,0.1984732824427481,0.6570447354719852,0.03569495099156608,-0.4040914596760927,0.06729634002361275,0.2099737532808399,0.14512471655328799,2.7049772374678906,0.06607357057177142,-0.3925644737844709,Computer Hardware,Technology,STX
2018Q3,2018,Q3,2018-05-01,2018-03-30,381000000.0,2803000000.0,441000000.0,1.31,847000000.0,0.30217623974313235,9012000000.0,1364000000.0,5247000000.0,3055000000.0,7648000000.0,1002000000.0,-4975000000.0,16736720000.0,18632720000.0,4.769230769230769,1.7175122749590834,0.5350643586329339,3.535190615835777,0.06911321551002879,4.769230769230769,0.2793255131964809,5.971002497324295,10.98209973753281,12.270322580645162,0.46981627296587924,1.9520958083832336,0.010695046580214043,0.31102973812694185,1.3099836333878887,0.042276964047936086,34.22642126789366,0.30217623974313235,1.3818181818181816,0.1464328940290477,-0.004920490740116498,-0.4824538904563154,-0.03420752565564424,1.3962264150943395,0.018475750577367205,0.47866051474298893,-0.04936159936159944,-0.5172480293132127,Computer Hardware,Technology,STX
2018Q2,2018,Q2,2018-01-29,2017-12-29,159000000.0,2914000000.0,433000000.0,0.55,877000000.0,0.3009608785175017,8750000000.0,1061000000.0,4910000000.0,3113000000.0,7689000000.0,1014000000.0,-5174000000.0,12049920000.000002,14369920000.000002,3.6840277777777777,1.5772566655958882,0.5572571428571429,4.595664467483506,0.03125676748718689,3.6840277777777777,0.14985862393967955,4.1351818805765275,18.946415094339624,11.35713477851084,1.1446540880503144,2.0088757396449703,0.015103834714255363,0.33302857142857145,1.1599743013170576,0.01817142857142857,15.58851228978008,0.3009608785175017,-0.11290322580645154,-0.5859375,0.017874182115594276,-0.5330105633802817,0.19157608695652173,-0.12154696132596685,0.6980392156862745,-0.805912826009289,-0.1020773208273208,-0.6747345595932406,Computer Hardware,Technology,STX
2018Q1,2018,Q1,2017-10-27,2017-09-29,181000000.0,2632000000.0,255000000.0,0.62,736000000.0,0.2796352583586626,8956000000.0,1242000000.0,4824000000.0,2458000000.0,7714000000.0,1014000000.0,-4958000000.0,9619300000.0,12336300000.0,4.2827586206896555,1.9625711960943857,0.5585082626172398,4.027375201288245,0.03931859691686998,4.2827586206896555,0.1457326892109501,3.6547492401215806,13.286325966850828,7.7450080515297905,1.0165745856353592,1.8698224852071006,0.019128210992483862,0.29388119696292986,1.421480878763222,0.020209915140687807,85.12654867256637,0.2796352583586626,0.631578947368421,-0.5774736343168622,-0.041830210296780856,-0.5155306067896284,0.10510510510510511,0.5877192982456141,0.3010204081632653,-0.4643225631278848,-0.21590306564023148,-0.5246225156260973,Computer Hardware,Technology,STX
2017Q4,2017,Q4,2017-08-04,2017-06-30,114000000.0,2406000000.0,196000000.0,0.38,666000000.0,0.27680798004987534,9268000000.0,1364000000.0,5041000000.0,2626000000.0,7904000000.0,982000000.0,-4771000000.0,11392500000.0,13874500000.0,4.639455782312925,1.9196496572734196,0.5417565817867933,3.68108504398827,0.029162098668754893,4.639455782312925,0.08357771260997067,4.735037406483791,24.98355263157895,8.352272727272727,1.6403508771929824,1.7718940936863543,0.016414307658547293,0.25960293482952096,1.4234577303884235,0.012300388433318947,81.96043165467626,0.27680798004987534,-0.4153846153846154,-0.8426778411265791,-0.24955604731852568,-0.45472795924203246,-0.18382352941176472,-0.41237113402061853,-0.2631578947368421,-0.6049744897959184,-0.19179716721587148,-0.4659383527422268,Computer Hardware,Technology,STX
2017Q3,2017,Q3,2017-04-28,2017-03-31,194000000.0,2674000000.0,266000000.0,0.65,816000000.0,0.3051608077786088,9739000000.0,1608000000.0,5460000000.0,2789000000.0,8131000000.0,1038000000.0,-4487000000.0,13595280000.0,15800280000.0,5.4324324324324325,1.957690928648261,0.5371188006982236,3.2531094527363185,0.03559220563527163,5.4324324324324325,0.12064676616915423,5.084248317127899,17.519690721649486,8.454776119402984,0.9587628865979382,1.789980732177264,0.013681218775928117,0.27456617722558785,1.4994621728217998,0.019919909641646985,40.94963855421687,0.3051608077786088,-0.35,-0.7449294844582803,-0.09459155784998474,-0.3405375980226279,-0.08417508417508418,-0.3468013468013468,-0.2810810810810811,-0.4574238795757783,-0.13269310120455152,-0.3266090199372989,Computer Hardware,Technology,STX
2017Q2,2017,Q2,2017-01-26,2016-12-30,297000000.0,2894000000.0,370000000.0,1.0,891000000.0,0.30787836903939186,8561000000.0,1523000000.0,4140000000.0,2681000000.0,7038000000.0,1008000000.0,-4493000000.0,11298320000.0,13675320000.0,5.14527027027027,1.5441999254009697,0.47809835299614534,2.687458962573867,0.06312034739454093,5.14527027027027,0.19500984898227183,3.904049758120249,9.51037037037037,7.418463558765595,0.0,1.9871031746031746,0.0,0.33804462095549587,1.091756807161507,0.03469220885410583,20.211663685152057,0.30787836903939186,0.818181818181818,-0.23900076808602566,0.3066637059594805,-0.36593639093639097,0.11235955056179775,0.7784431137724551,0.6742081447963801,-0.21230108613286186,-0.06885456885456892,-0.30708985538644856,Computer Hardware,Technology,STX
2017Q1,2017,Q1,2016-10-28,2016-09-30,167000000.0,2797000000.0,221000000.0,0.55,801000000.0,0.28637826242402575,8495000000.0,1524000000.0,3928000000.0,2608000000.0,6971000000.0,914000000.0,-4456000000.0,11526450000.0,14129450000.0,5.096989966555184,1.5061349693251533,0.4816951147733961,2.6850393700787403,0.037987047741383,5.096989966555184,0.10958005249343832,4.121004647836968,17.255164670658683,7.563287401574803,0.0,2.183807439824945,0.0,0.3292525014714538,1.0740030674846626,0.019658622719246614,25.50099557522124,0.28637826242402575,1.3913043478260871,0.6795747730530338,0.4010141715120603,-0.11512050477536802,0.20996978851963746,1.3857142857142857,1.1666666666666667,-0.5330336092987554,-0.04283122014626002,-0.505267694926536,Computer Hardware,Technology,STX
2016Q4,2016,Q4,2016-08-05,2016-07-01,70000000.0,2654000000.0,102000000.0,0.23,662000000.0,0.24943481537302187,8252000000.0,1593000000.0,3533000000.0,2249000000.0,6659000000.0,868000000.0,-4311000000.0,7184970000.0,10189970000.0,5.327759197324415,1.570920409070698,0.5004847309743092,2.5925925925925926,0.023539573847995012,5.327759197324415,0.04394224733207784,2.707223059532781,25.660607142857142,4.510338983050848,2.6857142857142855,2.294930875576037,0.026165732076821477,0.3216190014541929,1.11827478879502,0.008482792050412021,58.41439024390244,0.24943481537302187,4.285714285714286,-0.12650009836710593,0.3784738916359885,-0.03957568671861949,0.2633587786259542,4.333333333333333,2.7777777777777777,-0.7584861415446122,-0.06934134029318904,-0.45274233137640485,Computer Hardware,Technology,STX
2016Q3,2016,Q3,2016-04-29,2016-04-01,-21000000.0,2595000000.0,27000000.0,-0.07,524000000.0,0.20192678227360308,8374000000.0,1683000000.0,3600000000.0,2259000000.0,6691000000.0,928000000.0,-4192000000.0,10039620000.0,12976620000.0,5.647651006711409,1.593625498007968,0.4931932171005493,2.453951277480689,-0.010837777395492862,5.647651006711409,-0.012477718360071301,3.8688323699421967,-119.51928571428572,5.965311942959002,-8.952380952380953,2.2316810344827585,0.01872580834732789,0.309887747790781,1.084108012394865,-0.0025077621208502506,91.26927272727272,0.20192678227360308,-1.1272727272727274,-1.3311322797142238,0.4120294853756025,-0.007630281490596855,-0.29284750337381915,-1.1272727272727272,-0.8820960698689956,-1.0606446824987092,-0.1158584170514719,-0.3871297179743302,Computer Hardware,Technology,STX
2016Q2,2016,Q2,2016-01-29,2016-01-01,165000000.0,2986000000.0,229000000.0,0.55,741000000.0,0.24815807099799062,8796000000.0,1821000000.0,3931000000.0,2539000000.0,6975000000.0,1046000000.0,-3983000000.0,10961339999.999998,13843339999.999998,6.090301003344481,1.548247341473021,0.47066848567530695,2.2734761120263594,0.03521500866744953,6.090301003344481,0.09060955518945635,3.6709109176155383,16.608090909090908,6.019406919275124,1.1393939393939394,2.1462715105162524,0.017151187719749595,0.3394724874943156,1.0484442693974005,0.018758526603001365,44.740163265306116,0.24815807099799062,4.000000000000001,0.7254180602006687,0.7225913028717765,0.028944946170231182,0.07547169811320754,3.8529411764705883,1.6627906976744187,-0.5861204013377926,0.004652002494684084,-0.22799001366055874,Computer Hardware,Technology,STX
2016Q1,2016,Q1,2015-10-30,2015-10-02,34000000.0,2925000000.0,86000000.0,0.11,689000000.0,0.23555555555555555,9079000000.0,1922000000.0,4882000000.0,2718000000.0,7157000000.0,1098000000.0,-3851000000.0,13040360000.0,15265360000.0,6.364238410596027,1.7961736571008093,0.4559973565370636,2.154006243496358,0.01555964708762146,6.364238410596027,0.01768990634755463,4.458242735042735,95.88499999999999,6.784786680541103,4.794117647058823,2.036429872495446,0.012499654917502278,0.3221720453794471,1.2667402501839589,0.003744905826632889,21.203837398373985,0.23555555555555555,-0.7441860465116279,-0.6441175163340592,0.6914489241173046,0.025506770917115548,-0.11211340206185567,-0.7518248175182481,-0.5845410628019324,-0.923784165130516,0.02252400928429982,-0.2800717962173888,Computer Hardware,Technology,STX
2015Q4,2015,Q4,2015-08-12,2015-07-03,137000000.0,2928000000.0,207000000.0,0.43,776000000.0,0.2650273224043716,9845000000.0,3018000000.0,5568000000.0,2343000000.0,6827000000.0,993000000.0,-2686000000.0,15215400000.0,16891400000.0,9.550632911392405,2.3764404609475034,0.42204164550533263,1.3767395626242545,0.02653406650779349,9.550632911392405,0.04539430086149768,5.196516393442623,27.765328467153285,5.041550695825049,1.2481751824817517,2.1671701913393755,0.011238613509996451,0.2974098527171153,1.8292787025181392,0.013915693245302185,563.5333333333333,0.2650273224043716,-0.5113636363636364,-0.42804181557062226,0.7436625488916309,0.7530530307254781,-0.187434554973822,-0.5292096219931272,-0.3965014577259475,-0.8240999912529521,-0.15032281022825478,0.12247930414134367,Computer Hardware,Technology,STX
2015Q3,2015,Q3,2015-04-30,2015-04-03,291000000.0,3330000000.0,343000000.0,0.88,955000000.0,0.28678678678678676,10036000000.0,3191000000.0,5831000000.0,3043000000.0,6845000000.0,1083000000.0,-2472000000.0,16941350000.0,18268350000.0,9.879256965944272,1.9162011173184357,0.3916899163013153,1.2319022250078346,0.04610112845297743,9.879256965944272,0.0911939830774052,5.087492492492492,14.55442439862543,5.309103729238484,0.6048109965635738,2.192982456140351,0.01038878247601283,0.33180550019928257,1.4390404206375287,0.02899561578318055,78.79697674418604,0.28678678678678676,-0.6834532374100719,-0.14255232676285307,0.6669831351090091,0.833072519461997,-0.07010710808179163,-0.6881028938906752,-0.674264007597341,-0.6493767526299581,0.03327651581034546,0.19927833609448714,Computer Hardware,Technology,STX
2015Q2,2015,Q2,2015-01-30,2015-01-02,933000000.0,3696000000.0,1053000000.0,2.78,1027000000.0,0.2778679653679654,10814000000.0,3715000000.0,6632000000.0,2819000000.0,7099000000.0,1129000000.0,-1881000000.0,21654560000.0,22290560000.0,11.326219512195122,2.352607307555871,0.3636027371925282,1.0584118438761776,0.1140986574333124,11.326219512195122,0.25114401076716014,5.858917748917749,5.802400857449088,5.828952893674293,0.18971061093247588,2.3640389725420725,0.00817379803607185,0.3417791751433327,1.8201489890031926,0.08627704827076013,17.63400651465798,0.2778679653679654,1.4601769911504425,1.6577243399075643,0.8538519181029272,1.4156134120227712,-0.022835394862036156,1.4488188976377954,1.3092105263157894,1.1573831391067022,0.505965876560174,0.3957563439270756,Computer Hardware,Technology,STX
2015Q1,2015,Q1,2014-11-03,2014-10-03,381000000.0,3785000000.0,456000000.0,1.13,1051000000.0,0.27767503302509905,9765000000.0,2946000000.0,5583000000.0,2596000000.0,6819000000.0,1071000000.0,-2619000000.0,18338160000.0,19957160000.0,9.009174311926605,2.1506163328197228,0.39006656426011266,1.292939579090292,0.06561126301001526,9.009174311926605,0.12932790224032586,4.844956406869221,12.032913385826772,6.224765784114053,0.3674540682414698,2.552754435107376,0.007634353719239008,0.3876088069636457,1.5832049306625577,0.03901689708141321,42.646883720930234,0.27767503302509905,0.18947368421052627,2.215519450566347,1.147206996776531,1.5017043901583715,0.1362162162162162,0.190625,0.11219512195121951,2.503735255570118,0.733562011190202,0.5640669630190107,Computer Hardware,Technology,STX
2014Q4,2014,Q4,2014-08-08,2014-06-27,320000000.0,3301000000.0,410000000.0,0.95,925000000.0,0.2802181157225083,9492000000.0,2832000000.0,5777000000.0,2398000000.0,6660000000.0,985000000.0,-2677000000.0,18555920000.0,19841920000.0,8.687116564417177,2.409090909090909,0.41297935103244837,1.384180790960452,0.06841999866497564,8.687116564417177,0.11299435028248588,5.62130263556498,14.4968125,6.552231638418079,0.4375,2.412182741116751,0.007544761995093749,0.34776654024441633,1.8744787322768974,0.0337126000842815,41.605201793721974,0.2802181157225083,-0.18803418803418803,6.950162841778383,1.1129415783010335,1.7988019902420171,-0.035453597497393116,-0.189873417721519,-0.07657657657657657,2.662422024024334,0.5725220324580435,0.5660088325624144,Computer Hardware,Technology,STX
2014Q3,2014,Q3,2014-04-30,2014-03-28,395000000.0,3406000000.0,444000000.0,1.17,959000000.0,0.2815619495008808,8659000000.0,2638000000.0,5151000000.0,2162000000.0,6021000000.0,846000000.0,-2831000000.0,17958840000.0,19213840000.0,8.067278287461773,2.3825161887141535,0.4058205335489086,1.3320697498104626,0.07309692907872362,8.067278287461773,0.14973464746019713,5.27270698766882,11.366354430379747,6.807748294162245,0.35443037974683544,2.892434988179669,0.007795603724962191,0.3933479616583901,1.8792784458834413,0.0456172768218039,56.29730407523511,0.2815619495008808,-0.05645161290322586,3.163692576536613,1.369012161297205,1.4904665925308127,-0.028368794326241134,-0.07710280373831775,0.0,4.676071158462398,0.6889607552779244,0.4175314079697607,Computer Hardware,Technology,STX
2014Q2,2014,Q2,2014-01-28,2013-12-27,428000000.0,3528000000.0,444000000.0,1.24,987000000.0,0.27976190476190477,8890000000.0,2495000000.0,5289000000.0,2457000000.0,6395000000.0,948000000.0,-2902000000.0,18701760000.0,19980760000.0,7.425595238095238,2.1526251526251525,0.4017997750281215,1.4316633266533065,0.0708647851629653,7.425595238095238,0.17154308617234468,5.300952380952381,10.92392523364486,7.495695390781562,0.3317757009345794,2.680379746835443,0.007592868264805024,0.3968503937007874,1.6621896621896621,0.048143982002249716,26.22967741935484,0.27976190476190477,0.06896551724137938,1.2221866898621914,1.2526431718061672,0.9653613483436853,0.012307692307692308,0.00234192037470726,-0.07112970711297072,2.9827777777777773,0.8111438028687016,0.25454040585975024,Computer Hardware,Technology,STX
2014Q1,2014,Q1,2013-10-29,2013-09-27,427000000.0,3489000000.0,478000000.0,1.16,975000000.0,0.2794496990541703,9345000000.0,3678000000.0,5625000000.0,2514000000.0,5656000000.0,871000000.0,-1668000000.0,15533070000.0,16382070000.0,10.302521008403362,2.2374701670644392,0.2967362225789192,0.7539423599782491,0.07190780851453615,10.302521008403362,0.11609570418705818,4.45201203783319,9.094303278688525,4.223238172920065,0.3161592505854801,2.886337543053961,0.008691134463438329,0.37335473515248796,1.730310262529833,0.045692883895131084,29.813953934740884,0.2794496990541703,0.23404255319148934,8.66830065359477,0.5627952466842326,0.07572070808947917,0.038338658146964855,0.22701149425287356,0.06935123042505593,2.7808922226608765,0.7067610136379358,0.6601051642004734,Computer Hardware,Technology,STX
2013Q4,2013,Q4,2013-08-08,2013-06-28,348000000.0,3424000000.0,447000000.0,0.94,939000000.0,0.2742406542056075,9243000000.0,3495000000.0,5412000000.0,2611000000.0,5737000000.0,854000000.0,-1778000000.0,16093970000.0,17162970000.0,9.735376044568245,2.072769054002298,0.30044357892459156,0.7945636623748211,0.08185365730450594,9.735376044568245,0.09957081545064378,4.700341705607476,11.561760057471263,4.6048555078683835,0.3936781609195402,2.9098360655737703,0.008512504994106489,0.3704424970247755,1.6036001531980084,0.037650113599480686,61.899884615384615,0.2742406542056075,-0.16814159292035394,2.065598885793872,0.6647215781832368,0.074160549182628,-0.00949367088607595,-0.16346153846153846,-0.03870967741935484,0.27883816817456875,0.7948070110697238,0.7869632974611315,Computer Hardware,Technology,STX
2013Q3,2013,Q3,2013-05-02,2013-03-29,416000000.0,3526000000.0,465000000.0,1.13,948000000.0,0.2688598979013046,8743000000.0,3299000000.0,4987000000.0,2601000000.0,5431000000.0,833000000.0,-1947000000.0,13086690000.0,14131690000.0,9.21508379888268,1.9173394848135332,0.28342674139311447,0.7511367080933616,0.07787094774385997,9.21508379888268,0.1260988178235829,3.711483267158253,7.86459735576923,3.9668657168839045,0.009615384615384616,3.09483793517407,0.00030565406531368896,0.40329406382248656,1.4471357170319108,0.047580921880361435,28.952853982300883,0.2688598979013046,-0.1307692307692309,0.712615304664155,0.6087387692219087,0.0019402715062232705,-0.04435483870967742,-0.15447154471544716,-0.16216216216216217,0.1059295528569273,0.5925342313900887,0.7098367756300947,Computer Hardware,Technology,STX
2013Q2,2013,Q2,2013-01-29,2012-12-28,492000000.0,3668000000.0,555000000.0,1.3,992000000.0,0.27044711014176664,8742000000.0,2911000000.0,5017000000.0,2643000000.0,5817000000.0,800000000.0,-2261000000.0,11051550000.0,12486550000.0,7.888888888888889,1.8982217177449867,0.32235186456188514,0.9680522157334249,0.09551656988265236,7.888888888888889,0.16901408450704225,3.0129634678298802,5.6156250000000005,3.7964788732394363,0.508130081300813,3.345,0.02262126127104343,0.4195836193090826,1.444192205826712,0.05628002745367193,16.252279411764707,0.27044711014176664,-0.08450704225352106,0.7402812241521917,0.5288419784782643,-0.1834798198434561,-0.06503298774740811,-0.15463917525773196,-0.11057692307692307,0.2457786116322701,0.6353845203466901,0.6825124910778018,Computer Hardware,Technology,STX
2013Q1,2013,Q1,2012-10-31,2012-09-28,582000000.0,3732000000.0,624000000.0,1.42,1061000000.0,0.28429796355841375,9522000000.0,3483000000.0,5749000000.0,2753000000.0,5987000000.0,845000000.0,-1658000000.0,12198240000.0,13174240000.0,8.84010152284264,2.0882673447148563,0.30140726738080237,0.824002296870514,0.09527467338265387,8.84010152284264,0.16709732988802756,3.2685530546623793,5.239793814432989,3.5022222222222226,0.218213058419244,3.1609467455621303,0.010411338029092722,0.39193446754883426,1.6193243734108245,0.06112161310649023,14.037100115074798,0.28429796355841375,-0.40084388185654013,1.2094945306355904,0.5311035393922534,-0.03809551052675381,-0.28504043126684636,-0.42546890424481737,-0.4096499526963103,3.0766242236905543,0.7571190844263653,1.4547555662081302,Computer Hardware,Technology,STX
2012Q4,2012,Q4,2012-06-30,2012-06-30,1013000000.0,4482000000.0,1057000000.0,2.37,1484000000.0,0.33110218652387324,10106000000.0,3497000000.0,6310000000.0,3396000000.0,6609000000.0,909000000.0,-1444000000.0,10164030000.0,11320030000.0,8.508515815085158,1.858068315665489,0.2832970512566792,0.8187017443523019,0.1661949685534591,8.508515815085158,0.2896768658850443,2.267744310575636,2.508398321816387,2.9064998570203033,0.10463968410661402,3.298129812981298,0.010428934192441385,0.4434989115377004,1.4835100117785631,0.10023748268355433,7.782565084226646,0.33110218652387324,-0.044354838709677366,1.5647641877878633,1.2414292098486943,0.013046848154534326,-0.09567336989640463,-0.11605584642233857,-0.12644628099173555,15.940464389775014,1.2755668334569006,1.741260672707882,Computer Hardware,Technology,STX
2012Q3,2012,Q3,2012-03-31,2012-03-31,1146000000.0,4450000000.0,1210000000.0,2.48,1641000000.0,0.3687640449438202,10064000000.0,3674000000.0,6368000000.0,3154000000.0,6390000000.0,841000000.0,-1121000000.0,12021930000.0,13245930000.0,8.237668161434977,2.019023462270133,0.2843799682034976,0.778987479586282,0.18305201271935986,8.237668161434977,0.31192161132280893,2.7015573033707865,2.6225850785340312,3.2721638541099622,0.09773123909249563,3.3400713436385256,0.009316307780863805,0.44217011128775835,1.4343690551680406,0.11387122416534182,14.989937655860349,0.3687640449438202,0.9375,5.617691852102547,0.9263641610797849,0.01759430229490893,0.6247524752475248,1.0355239786856127,1.0,5.602523037500616,1.2693190113671915,1.5430680119581464,Computer Hardware,Technology,STX
2012Q2,2012,Q2,2011-12-31,2011-12-31,563000000.0,3195000000.0,605000000.0,1.28,1010000000.0,0.3161189358372457,9171000000.0,3465000000.0,5400000000.0,2372000000.0,5706000000.0,827000000.0,-1150000000.0,7002799999.999999,8102799999.999999,8.114754098360656,2.2765598650927488,0.31894013738959764,0.8441558441558441,0.09552756603339671,8.114754098360656,0.16248196248196248,2.1917996870109544,3.1095914742451156,2.0210101010101007,0.1349911190053286,2.642079806529625,0.01085280173644828,0.34838076545632973,1.7892074198988195,0.061389161487296916,12.157638888888886,0.3161189358372457,3.0,4.377601204416193,0.42605831975811614,0.0586074000831471,0.8397085610200364,3.0214285714285714,1.5635593220338984,1.2299821168544451,0.6052626149036923,1.147763720598717,Computer Hardware,Technology,STX
2012Q1,2012,Q1,2011-09-30,2011-09-30,140000000.0,2811000000.0,236000000.0,0.32,549000000.0,0.19530416221985059,8732000000.0,2425000000.0,5998000000.0,3039000000.0,6307000000.0,825000000.0,-1574000000.0,4325775000.0,5335775000.0,5.760095011876484,1.9736755511681474,0.3989922125515346,1.436701030927835,0.03678599103953826,5.760095011876484,0.0577319587628866,1.5388740661686233,7.724598214285715,1.7838247422680413,0.5571428571428572,2.7418181818181817,0.01803145101166843,0.32191937700412276,1.431062849621586,0.01603298213467705,-74.5823275862069,0.19530416221985059,0.1939407506902471,9.08126015751969,0.37698845008687315,-0.35249517430896665,-0.003629764065335753,0.17647058823529413,0.24210526315789474,1.6880443388756927,0.06769713672171432,-0.3985691968223692,Computer Hardware,Technology,STX
2011Q4,2011,Q4,2011-08-17,2011-07-01,119000000.0,2859000000.0,190000000.0,0.26802,551000000.0,0.19272472892619796,9225000000.0,2463000000.0,6425000000.0,3463000000.0,6762000000.0,872000000.0,-1511000000.0,7263840000.0,8098840000.0,5.547297297297297,1.8553277505053423,0.38070460704607045,1.4259033698741372,0.02933411177062048,5.547297297297297,0.04831506293138449,2.5406925498426025,15.260168067226891,2.9491839220462848,0.0,2.646788990825688,0.0,0.3099186991869919,1.3416113196650303,0.012899728997289974,45.68452830188679,0.19272472892619796,0.27628571428571425,20.556306306306308,0.4334770713774272,-0.4007812013855759,0.06782945736434108,0.27956989247311825,0.061452513966480445,-0.15239301801801808,0.12391504992401867,-0.38793448922101337,Computer Hardware,Technology,STX
2011Q3,2011,Q3,2011-05-03,2011-04-01,93000000.0,2695000000.0,179000000.0,0.21,516000000.0,0.1914656771799629,8280000000.0,2487000000.0,5504000000.0,3105000000.0,5793000000.0,834000000.0,-1441000000.0,6528780000.0,7239780000.0,5.691075514874142,1.7726247987117552,0.3516908212560386,1.1708886208283071,0.025273350559757577,5.691075514874142,0.03739445114595899,2.422552875695733,17.550483870967742,2.625162846803377,0.0,2.6127098321342928,0.0,0.3254830917874396,1.2476650563607086,0.011231884057971014,93.26828571428571,0.1914656771799629,-0.32258064516129037,-0.6201957607442917,0.3174689815883945,-0.19171190044337633,-0.024574669187145556,-0.38,-0.13106796116504854,-0.6863458570592306,0.007311006393167939,-0.3812191108639953,Computer Hardware,Technology,STX
2011Q2,2011,Q2,2011-02-03,2010-12-31,150000000.0,2719000000.0,206000000.0,0.31,529000000.0,0.1945568223611622,8658000000.0,2776000000.0,5826000000.0,3178000000.0,5882000000.0,808000000.0,-1129000000.0,7049070000.0,7446070000.0,5.918976545842217,1.8332284455632473,0.33783783783783783,1.0536743515850144,0.030972009923071146,5.918976545842217,0.05403458213256484,2.592522986392056,11.748449999999998,2.5392903458213256,0.0,2.7103960396039604,0.0,0.31404481404481405,1.3234738829452486,0.017325017325017324,23.111704918032785,0.1945568223611622,0.0,-0.46286486928225967,0.214942059886901,-0.08383214672577112,-0.038181818181818185,0.006711409395973154,-0.10822510822510822,-0.5825551434602951,-0.1083467374904924,-0.38737078647914075,Computer Hardware,Technology,STX
2011Q1,2011,Q1,2010-11-03,2010-10-01,149000000.0,2697000000.0,231000000.0,0.31,550000000.0,0.2039302929180571,7988000000.0,2923000000.0,5156000000.0,3116000000.0,5065000000.0,743000000.0,-974000000.0,5505990000.0,5896990000.0,6.205944798301486,1.6546854942233633,0.27215823735603406,0.7437564146424905,0.04413592001446448,6.205944798301486,0.05097502565856996,2.041523915461624,9.238238255033558,1.8836777283612727,0.0,2.8896366083445493,0.0,0.33763144717075616,1.147946084724005,0.018652979469203804,-48.72557522123894,0.2039302929180571,-0.5910290237467019,-0.4429015236667916,0.3136058032554849,0.05226462243766789,-0.24346629986244842,-0.6068601583113457,-0.3937007874015748,-0.5268143895218445,-0.07440886484599948,-0.32472199018481784,Computer Hardware,Technology,STX
2010Q4,2010,Q4,2010-08-20,2010-07-02,379000000.0,2657000000.0,381000000.0,0.758,727000000.0,0.2736168611215657,8247000000.0,2724000000.0,5418000000.0,2997000000.0,5523000000.0,757000000.0,-1123000000.0,6585000000.0,6824000000.0,5.448,1.8078078078078077,0.30338304838122954,0.9185022026431718,0.08126730600391706,5.448,0.13913362701908957,2.478359051561912,4.343667546174142,2.4174008810572687,0.0,2.549537648612946,0.0,0.32217776161028255,1.3063063063063063,0.045956105250394085,115.52631578947368,0.2736168611215657,-0.242,0.38064285714285706,0.24375401560348786,0.09345926800472262,-0.19311875693673697,-0.26833976833976836,-0.3196428571428571,-0.21123247232472325,0.09223615160349852,-0.3513464217859404,Computer Hardware,Technology,STX
2010Q3,2010,Q3,2010-05-05,2010-04-02,518000000.0,3049000000.0,560000000.0,1.0,901000000.0,0.29550672351590684,7747000000.0,2657000000.0,5156000000.0,3136000000.0,5090000000.0,685000000.0,-1169000000.0,8928230000.0,8841230000.0,5.389452332657201,1.6441326530612246,0.25493739512069186,0.7433195333082424,0.1199716779491659,5.389452332657201,0.19495671810312382,2.928248606100361,4.308991312741313,3.36026721866767,0.0,3.1357664233576643,0.0,0.3935717051761972,1.1884566326530612,0.06686459274557893,22.4892443324937,0.29550672351590684,-0.029126213592233035,1.1656554204274694,0.4825412555873648,0.11767201274789049,-0.023835319609967497,-0.028142589118198873,-0.031141868512110725,1.7060737112021125,0.19405338099732883,-0.334244123612934,Computer Hardware,Technology,STX
2010Q2,2010,Q2,2010-02-01,2010-01-01,533000000.0,3027000000.0,578000000.0,1.03,923000000.0,0.3049223653782623,7388000000.0,2335000000.0,4881000000.0,2793000000.0,5053000000.0,645000000.0,-1436000000.0,9058620000.0,9158620000.0,4.688755020080321,1.7475832438238452,0.2694910665944775,0.8526766595289079,0.13513191057819934,4.688755020080321,0.22826552462526767,2.9926065411298315,4.248883677298312,3.879494646680943,0.0,3.262015503875969,0.0,0.40971846237141313,1.2262799856784818,0.07214401732539252,13.936338461538462,0.3049223653782623,1.942857142857143,2.4635486390004457,0.533564686466494,0.0710587447830538,0.41347626339969373,1.9776536312849162,1.6153846153846154,3.36521801491681,0.15845022278700913,-0.3883301081869172,Computer Hardware,Technology,STX
2010Q1,2010,Q1,2009-11-04,2009-10-02,179000000.0,2663000000.0,221000000.0,0.35,653000000.0,0.24521216672925272,6899000000.0,1779000000.0,4307000000.0,2797000000.0,5120000000.0,622000000.0,-1969000000.0,7113600000.0,7815600000.0,3.6012145748987856,1.539864140150161,0.32352514857225684,1.254637436762226,0.05479237652012522,3.6012145748987856,0.10061832490163013,2.6712730003755163,9.935195530726258,3.9986509274873523,0.0,3.2315112540192925,0.0,0.38599797072039427,1.0253843403646765,0.02594578924481809,37.63809523809524,0.24521216672925272,3.0705158542356834,2.1000899685110213,0.598522449106869,-0.12983204309454024,0.6083743842364532,3.2098765432098766,12.05,9.984871084594076,0.11172088694842955,-0.595179626240886,Computer Hardware,Technology,STX
2009Q4,2009,Q4,2009-08-19,2009-07-03,-81000000.0,2353000000.0,-20000000.0,-0.16904,406000000.0,0.17254568635784107,7087000000.0,1524000000.0,4291000000.0,3194000000.0,5563000000.0,587000000.0,-2117000000.0,5047480000.0,6347480000.0,3.1038696537678208,1.3434564809016907,0.3847890503739241,1.7893700787401574,-0.007057163020465773,3.1038696537678208,-0.0531496062992126,2.1451253718657033,-15.57864197530864,3.3119947506561678,0.0,3.3168654173764907,0.0,0.33201636799774237,0.8058860363180964,-0.011429377733878933,45.066785714285714,0.17254568635784107,0.6981428571428572,-1.2270875763747457,0.6464428576655243,-0.23198050076580598,1.585987261146497,0.7032967032967034,0.9224806201550387,-14.268257201047426,0.06684174371586936,-0.6647201429256939,Computer Hardware,Technology,STX
2009Q3,2009,Q3,2009-05-06,2009-04-03,-273000000.0,2150000000.0,-258000000.0,-0.56,157000000.0,0.07302325581395348,6626000000.0,1584000000.0,3544000000.0,2849000000.0,5042000000.0,577000000.0,-2036000000.0,3290970000.0,4288970000.0,3.2392638036809815,1.2439452439452439,0.35466344702686387,1.4835858585858586,-0.061951261559679345,3.2392638036809815,-0.17234848484848486,1.5306837209302326,-3.013708791208791,2.0776325757575758,-0.054945054945054944,3.4540727902946275,0.004557926690307113,0.32447932387564143,0.8259038259038259,-0.041201328101418654,18.283166666666666,0.07302325581395348,0.9022687609075043,-2.5976000308677705,0.4412905240949301,-0.2275340510089903,-0.5124223602484472,0.9022206303724928,0.8941321296676241,-1.996350364963504,-0.06072520751419833,-0.5399361022364217,Computer Hardware,Technology,STX
2009Q2,2009,Q2,2009-02-10,2009-01-02,-2792000000.0,2270000000.0,-2437000000.0,-5.73,322000000.0,0.14185022026431718,7060000000.0,1840000000.0,3788000000.0,3007000000.0,5220000000.0,796000000.0,-1748000000.0,2473960000.0,3666960000.0,3.7782340862423,1.2597273029597607,0.33342776203966007,1.2793478260869566,-0.6552271380840233,3.7782340862423,-1.517391304347826,1.0898502202643172,-0.22152220630372493,1.3445434782608696,-0.020773638968481375,2.4472361809045227,0.02344419473233197,0.32152974504249293,0.7811772530761556,-0.3954674220963173,-19.634603174603175,0.14185022026431718,-48.75000000000001,-13.584764862022338,0.1917817808474894,-0.0217460651271375,-0.38666666666666666,-47.53333333333333,-31.4625,-10.628343910309153,-0.02317650209802687,-0.4151866314808001,Computer Hardware,Technology,STX
2009Q1,2009,Q1,2008-10-30,2008-10-03,60000000.0,3033000000.0,80000000.0,0.12,525000000.0,0.17309594460929772,10169000000.0,4645000000.0,4367000000.0,3587000000.0,5524000000.0,909000000.0,1102000000.0,5301050000.0,6326050000.0,9.577319587628866,1.217451909673822,0.1996263152719048,0.4370290635091496,0.01634320735444331,9.577319587628866,0.012917115177610334,1.7477909660402242,22.08770833333333,1.141237890204521,0.9833333333333333,2.759075907590759,0.011129870497354298,0.29825941587176713,0.8221354892667968,0.005900285180450388,220.87708333333333,0.17309594460929772,-0.6205053603617849,-0.7219618869103405,0.5993423391397086,1.760302601356765,-0.2402315484804631,-0.625,-0.5939086294416244,-0.7821406913280776,0.4346160682545326,0.6239065778669829,Computer Hardware,Technology,STX
2008Q4,2008,Q4,2008-08-13,2008-06-27,160000000.0,2899000000.0,197000000.0,0.31621,691000000.0,0.23835805450155226,10120000000.0,4586000000.0,4272000000.0,3287000000.0,5534000000.0,945000000.0,1101000000.0,9856880000.0,10896880000.0,9.063241106719367,1.2996653483419531,0.20059288537549408,0.4426515481901439,0.026176966926664626,9.063241106719367,0.03488879197557784,3.4000965850293206,15.401375,2.149341474051461,0.35625,2.3365079365079366,0.005782762902662912,0.2864624505928854,0.7760876178886522,0.015810276679841896,96.63607843137255,0.23835805450155226,-0.513523076923077,-0.03952569169960472,0.7929266064152258,2.347063205065055,-0.15318627450980393,-0.5348837209302325,-0.4573002754820937,-0.42405420666290233,0.34094400920028944,0.8190684629779131,Computer Hardware,Technology,STX
2008Q3,2008,Q3,2008-04-29,2008-03-28,344000000.0,3104000000.0,363000000.0,0.65,816000000.0,0.26288659793814434,10413000000.0,4663000000.0,4607000000.0,3454000000.0,5750000000.0,1073000000.0,1193000000.0,10292100000.0,11179100000.0,9.19723865877712,1.3338158656629995,0.19494862191491405,0.43534205447137037,0.05345875196983377,9.19723865877712,0.07377224962470512,3.3157538659793815,7.479723837209303,2.2071842161698476,0.1511627906976744,2.1323392357875117,0.005052418845522293,0.29808892730241043,0.898378691372322,0.03303562854124652,26.39,0.26288659793814434,-0.10958904109589036,0.6728558797524317,0.6212725546058879,2.4429453617935293,-0.08211473565804274,-0.14640198511166252,-0.1357142857142857,0.3984823820228591,0.4676078827346556,0.9073359608711778,Computer Hardware,Technology,STX
2008Q2,2008,Q2,2008-01-30,2007-12-28,403000000.0,3420000000.0,420000000.0,0.73,889000000.0,0.25994152046783625,10616000000.0,5082000000.0,4857000000.0,3187000000.0,5534000000.0,830000000.0,1685000000.0,13597100000.0,14228100000.0,9.661596958174904,1.524003765296517,0.1944235116804823,0.40613931523022434,0.05599522025911436,9.661596958174904,0.07929948839039748,3.9757602339181286,8.434925558312655,2.675541125541126,0.1315136476426799,3.049397590361446,0.003897889991248134,0.3221552373775433,1.0489488547223094,0.03796156744536549,26.5568359375,0.25994152046783625,0.14062499999999994,0.578753312593617,0.5298590919257438,3.051317121207976,0.09888751545117429,0.1352112676056338,0.06060606060606061,1.47937790452049,0.6404363462690501,1.2070118541713264,Computer Hardware,Technology,STX
2008Q1,2008,Q1,2007-10-29,2007-09-28,355000000.0,3285000000.0,396000000.0,0.64,809000000.0,0.2462709284627093,10065000000.0,4880000000.0,4349000000.0,2863000000.0,5185000000.0,763000000.0,1586000000.0,13582980000.0,14383980000.0,9.190207156308851,1.5190359762486902,0.20506706408345754,0.42295081967213116,0.053986175115207376,9.190207156308851,0.07274590163934426,4.134849315068493,9.565478873239437,2.7833975409836063,0.15211267605633802,3.2450851900393185,0.003975563536131247,0.3263785394932936,1.0537897310513447,0.03527074018877298,22.48837748344371,0.2462709284627093,-0.33402012507934525,1.443246019517206,0.5750152961002996,3.8998186695439765,0.36195286195286197,-0.34501845018450183,1.1063829787234043,4.719815861058798,0.834490111181219,1.2206462898612394,Computer Hardware,Technology,STX
2007Q4,2007,Q4,2007-08-27,2007-06-29,542000000.0,2744000000.0,188000000.0,0.96099,594000000.0,0.2164723032069971,9472000000.0,4737000000.0,3801000000.0,2649000000.0,4735000000.0,794000000.0,1537000000.0,12278280000.0,13353280000.0,8.398936170212766,1.434881087202718,0.21779983108108109,0.43550770529871224,0.0871203830369357,8.398936170212766,0.11441840827527971,4.474591836734694,5.663413284132841,2.5919949335022165,0.0996309963099631,2.707808564231738,0.0043980101447434,0.28969594594594594,0.9539448848622122,0.057221283783783786,79.21470967741935,0.2164723032069971,1.5972702702702704,2.9511068128089404,0.32778668515549403,4.267351545125635,-0.014925373134328358,1.5566037735849056,-0.2388663967611336,13.97340425531915,0.6715186647980634,1.0782273326833747,Computer Hardware,Technology,STX
2007Q3,2007,Q3,2007-05-03,2007-03-30,212000000.0,2828000000.0,247000000.0,0.37,603000000.0,0.21322489391796323,9264000000.0,4420000000.0,3809000000.0,2748000000.0,4844000000.0,832000000.0,1251000000.0,12721800000.0,13875800000.0,8.095238095238095,1.386098981077147,0.22268998272884283,0.4667420814479638,0.035117933860464495,8.095238095238095,0.04796380090497738,4.498514851485148,15.002122641509434,2.8782352941176472,0.25471698113207547,2.6742788461538463,0.004244682356270338,0.30526770293609673,0.9377729257641921,0.022884283246977548,270.67659574468087,0.21322489391796323,0.608695652173913,-0.13693560325684673,0.31401537551744535,0.0,0.1043956043956044,0.5142857142857142,0.4879518072289157,0.1111111111111112,0.697886647454371,0.9304682040531096,Computer Hardware,Technology,STX
2007Q2,2007,Q2,2007-02-02,2006-12-29,140000000.0,2996000000.0,166000000.0,0.23,546000000.0,0.1822429906542056,9278000000.0,4377000000.0,3992000000.0,2815000000.0,4901000000.0,771000000.0,1342000000.0,,,,,,,,,,,,,,,,,,,,,,,,,,,,,,,Computer Hardware,Technology,STX
2007Q1,2007,Q1,2006-11-07,2006-09-29,19000000.0,2793000000.0,12000000.0,0.03,442000000.0,0.15825277479412816,10520000000.0,5124000000.0,5238000000.0,3304000000.0,5396000000.0,939000000.0,2185000000.0,,,,,,,,,,,,,,,,,,,,,,,,,,,,,,,Computer Hardware,Technology,STX
