Quarters,Year,Quarter,FillingDate,Date,NetIncome,Revenue,OperatingIncome,EPSDiluted,GrossProfit,GrossProfitRatio,TotalAssets,CommonStockEquity,CurrentAssets,CurrentLiability,TotalLiability,Inventory,RetainedEarnings,MarketCap,EnterpriseValue,bookValuePerShare,currentRatio,debtToAssets,debtToEquity,roic,shareholdersEquityPerShare,roe,priceToSalesRatio,peRatio,pbRatio,payoutRatio,inventoryTurnover,dividendYield,assetTurnover,quickRatio,returnOnAssets,priceToFreeCashFlowsRatio,grossProfitMargin,epsdilutedGrowth,fiveYNetIncomeGrowthPerShare,fiveYRevenueGrowthPerShare,fiveYShareholdersEquityGrowthPerShare,grossProfitGrowth,netIncomeGrowth,operatingIncomeGrowth,threeYNetIncomeGrowthPerShare,threeYRevenueGrowthPerShare,threeYShareholdersEquityGrowthPerShare,Industry,Sector,Symbol
2023Q1,2023,Q1,2023-04-20,2023-03-31,1235000000.0,5924000000.0,1726000000.0,2.47,2717000000.0,0.4586428089,34358000000.0,11196000000.0,9113000000.0,7914000000.0,23162000000.0,0.0,20949000000.0,82442250000.0,96417250000.0,22.618181818181817,1.1515036643922163,0.4360265440363234,1.338067166845302,0.04604158825999924,22.618181818181817,0.11030725259021079,13.916652599594869,16.68871457489879,7.363545016077171,0.23967611336032388,0.0,0.0035903920623224133,0.172419814890273,0.973717462724286,0.03594504918796205,-91.29817275747509,0.4586428089128967,1.6559139784946235,0.8368613672961498,0.5198949494949494,0.4471078543622623,0.3694556451612903,1.650214592274678,2.172794117647059,0.671020550330895,0.2994359853099908,0.5657548756931896,Insurance Brokers,Financial Services,MMC
2022Q4,2022,Q4,2023-02-13,2022-12-31,466000000.0,5022000000.0,544000000.0,0.93,1984000000.0,0.3950617284,33454000000.0,10749000000.0,8299000000.0,7172000000.0,22705000000.0,0.0,20301000000.0,82078080000.0,94108080000.0,21.671370967741936,1.1571388733965422,0.4027022179709452,1.2533258907805378,0.015954793754725433,21.671370967741936,0.04335287003442181,16.343703703703703,44.033304721030035,7.63588054702763,0.6394849785407726,0.0,0.0036306892169017603,0.15011657798768457,1.017010596765198,0.013929574938721828,58.66910650464617,0.3950617283950617,-0.1388888888888889,15.522525027808678,0.4012890094979647,0.50188873400576,0.07417433676231727,-0.14652014652014653,-0.3122629582806574,0.21103869317713064,0.1967636022514071,0.4015617820790371,Insurance Brokers,Financial Services,MMC
2022Q3,2022,Q3,2022-10-20,2022-09-30,546000000.0,4770000000.0,791000000.0,1.08,1847000000.0,0.38721174,32023000000.0,9565000000.0,7574000000.0,7292000000.0,22232000000.0,0.0,19837000000.0,74346420000.0,86828420000.0,19.20682730923695,1.0386725178277565,0.41482684320644536,1.388813382122321,0.02405127934229695,19.20682730923695,0.05708311552535285,15.586251572327043,34.0414010989011,7.772756926293778,0.5366300366300366,0.0,0.003941010206005884,0.14895543827873717,0.9079813494240263,0.01705024513630828,59.24017529880478,0.3872117400419287,-0.4345549738219895,0.4283699684233117,0.4678528540982247,0.39567067589118904,-0.22034613761080624,-0.43536711478800416,-0.42008797653958946,0.8309276710803613,0.22142805091333076,0.27541399192570826,Insurance Brokers,Financial Services,MMC
2022Q2,2022,Q2,2022-07-21,2022-06-30,967000000.0,5379000000.0,1364000000.0,1.91,2369000000.0,0.4404164343,33440000000.0,10693000000.0,8169000000.0,7016000000.0,22523000000.0,0.0,19880000000.0,77780250000.0,90735250000.0,21.343313373253494,1.1643386545039909,0.4145933014354067,1.2965491443000094,0.03819112027652598,21.343313373253494,0.0904329935471804,14.459983268265477,20.108647880041367,7.2739408959132135,0.2843846949327818,0.0,0.0035356019040823344,0.16085526315789472,1.0255131128848347,0.028917464114832536,66.76416309012876,0.44041643428146493,-0.10328638497652581,0.9802231863618073,0.5789913734762234,0.5687777883386667,-0.032666394446712946,-0.10957642725598526,-0.056055363321799306,1.9475326455522688,0.25164846210086156,0.341730921294423,Insurance Brokers,Financial Services,MMC
2022Q1,2022,Q1,2022-04-21,2022-03-31,1086000000.0,5549000000.0,1445000000.0,2.13,2449000000.0,0.4413407821,33688000000.0,10937000000.0,7788000000.0,6587000000.0,22532000000.0,0.0,18916000000.0,85721260000.0,98854260000.0,21.743538767395627,1.1823288295126766,0.4127582521966279,1.2713724055956843,0.04080934118790557,21.743538767395627,0.09929596781567157,15.448055505496486,19.73325506445672,7.83773063911493,0.2504604051565378,0.0,0.0031730751507852316,0.16471740679173594,1.0224684985577652,0.03223699833768701,-104.03065533980582,0.441340782122905,0.34810126582278467,0.9541450768150321,0.6218617498548532,0.7143175849982772,0.09722222222222222,0.34572490706319703,0.35553470919324576,0.5227906305185646,0.36847546506761464,0.3883534046699698,Insurance Brokers,Financial Services,MMC
2021Q4,2021,Q4,2022-02-16,2021-12-31,807000000.0,5137000000.0,1066000000.0,1.58,2232000000.0,0.4344948413,34388000000.0,11009000000.0,8264000000.0,6654000000.0,23166000000.0,0.0,18389000000.0,87605280000.0,99015280000.0,21.84325396825397,1.2419597234746018,0.3827497964406188,1.1955672631483332,0.03392994645473587,21.84325396825397,0.07330366064129348,17.05378236324703,27.139182156133828,7.957605595421927,0.3420074349442379,0.0,0.0031504950386552046,0.14938350587414215,1.102795311091073,0.023467488658834478,67.18196319018405,0.43449484134708977,0.5047619047619047,0.8913144386194845,0.5603796264839667,0.8167435067265495,0.2901734104046243,0.5027932960893855,0.44054054054054054,4.274509803921569,0.38389008620689674,0.4657169484755691,Insurance Brokers,Financial Services,MMC
2021Q3,2021,Q3,2021-10-21,2021-09-30,537000000.0,4583000000.0,740000000.0,1.05,1730000000.0,0.3774819986908139,32982000000.0,9734000000.0,7877000000.0,6659000000.0,23094000000.0,0.0,17589000000.0,76623580000.0,88208580000.0,19.23715415019763,1.1829103468989337,0.3936389545812868,1.3337785083213478,0.02244620923887495,19.23715415019763,0.05516745428395316,16.719087933667904,35.67205772811918,7.871746455722211,0.5065176908752328,0.0,0.0035498210864070823,0.13895458128676247,1.054512689593032,0.016281608149899946,63.48266777133389,0.3774819986908139,-0.34375,0.4504885959514847,0.4965511154818416,0.49375593611188295,-0.1979601298099212,-0.34512195121951217,-0.3973941368078176,0.9379618491149682,0.3027640911798149,0.30088899660534074,Insurance Brokers,Financial Services,MMC
2021Q2,2021,Q2,2021-07-22,2021-06-30,820000000.0,5017000000.0,1228000000.0,1.6,2157000000.0,0.4299382100857086,32953000000.0,10108000000.0,7573000000.0,5816000000.0,22689000000.0,0.0,17597000000.0,71465440000.0,83684440000.0,19.89763779527559,1.3020976616231086,0.3977483081965223,1.2966956865848833,0.032877869641886666,19.89763779527559,0.08112386228729719,14.244656169025314,21.788243902439024,7.070185991294025,0.2939024390243902,0.0,0.003372259374601206,0.15224713986586957,1.156636863823934,0.02488392559099323,66.41769516728624,0.4299382100857086,-0.1623036649214659,0.7817462965434404,0.5241077592640966,0.5650164992962836,-0.05228471001757469,-0.16581892166836215,-0.09572901325478646,0.5412162462743004,0.3409544766331097,0.3074264336709076,Insurance Brokers,Financial Services,MMC
2021Q1,2021,Q1,2021-04-27,2021-03-31,983000000.0,5083000000.0,1358000000.0,1.91,2276000000.0,0.4477670666928979,32273000000.0,9434000000.0,7549000000.0,6123000000.0,22677000000.0,0.0,16780000000.0,61996200000.0,74325200000.0,18.534381139489195,1.2328923730197616,0.41672605583614786,1.4255882976468095,0.0408844269008406,18.534381139489195,0.10419758320966716,12.196773558921896,15.76709053916582,6.571570913716345,0.24109867751780265,0.0,0.003822814946722541,0.1575000774641341,1.0970112689857914,0.030458897530443403,-129.97106918238993,0.4477670666928979,1.6164383561643836,1.0918396105036579,0.5596028089120061,0.44578717976850885,0.2887882219705549,1.6283422459893049,1.3782837127845884,0.4218387859115628,0.26825343811394897,0.18582690413860337,Insurance Brokers,Financial Services,MMC
2020Q4,2020,Q4,2021-02-17,2020-12-31,374000000.0,4416000000.0,571000000.0,0.73,1766000000.0,0.3999094202898551,33049000000.0,9104000000.0,8155000000.0,6556000000.0,23789000000.0,0.0,16272000000.0,59319000000.0,70809000000.0,17.956607495069033,1.2438987187309336,0.41087476171744985,1.4915421792618628,0.01606306494879183,17.956607495069033,0.04108084358523726,13.43274456521739,39.651737967914436,6.515707381370826,0.6443850267379679,0.0,0.004062779210708205,0.13361977669521014,1.131025015253203,0.011316530000907743,45.17821782178218,0.3999094202898551,0.17741935483870966,0.026840236686390587,0.36208834259255973,0.4391753588862329,0.19891378139850646,0.18354430379746836,0.05740740740740741,11.972862681085493,0.2054627347394282,0.24444487328240339,Insurance Brokers,Financial Services,MMC
2020Q3,2020,Q3,2020-10-30,2020-09-30,316000000.0,3968000000.0,540000000.0,0.62,1473000000.0,0.3712197580645161,32681000000.0,8591000000.0,8312000000.0,6530000000.0,23929000000.0,0.0,15902000000.0,58152900000.0,70749900000.0,16.944773175542405,1.272894333843798,0.45852330100058136,1.7442672564311488,0.014584534468496268,16.944773175542405,0.03678267954836457,14.65546875,46.00704113924051,6.7690490047724365,0.7468354430379747,0.0,0.0040582670855623705,0.12141611333802516,1.1675344563552834,0.009669226767846761,43.30074460163812,0.3712197580645161,-0.4464285714285715,0.018850642094271543,0.3265987253886995,0.4319526627218933,-0.1630681818181818,-0.44755244755244755,-0.3898305084745763,-0.18799905646646697,0.19938106851283469,0.23129773855772232,Insurance Brokers,Financial Services,MMC
2020Q2,2020,Q2,2020-07-31,2020-06-30,572000000.0,4189000000.0,885000000.0,1.12,1760000000.0,0.42014800668417285,32169000000.0,8226000000.0,8097000000.0,5928000000.0,23777000000.0,0.0,16060000000.0,54329220000.0,68053220000.0,16.25691699604743,1.3658906882591093,0.4798097547328173,1.87636761487965,0.02518724209512907,16.25691699604743,0.06953561876975443,12.969496299832896,23.745288461538465,6.60457330415755,0.4090909090909091,0.0,0.004307074535581405,0.13021853337063632,1.2412280701754386,0.017781093599428022,47.90936507936508,0.42014800668417285,-0.24324324324324317,0.4433952474836567,0.37335845819162294,0.28224245804000814,-0.16030534351145037,-0.2413793103448276,-0.17289719626168223,0.15976742167838232,0.21751909842971603,0.19491710796058617,Insurance Brokers,Financial Services,MMC
2020Q1,2020,Q1,2020-05-01,2020-03-31,754000000.0,4651000000.0,1070000000.0,1.48,2096000000.0,0.45065577295205334,31391000000.0,7295000000.0,7749000000.0,6859000000.0,23940000000.0,0.0,15490000000.0,43662300000.0,58054300000.0,14.445544554455445,1.1297565242746757,0.5056226306903252,2.1757368060315283,0.03208729100634314,14.445544554455445,0.10335846470185059,9.38772307030746,14.476889920424401,5.985236463331049,0.3076923076923077,0.0,0.00531350845008165,0.14816348634959065,1.0260970987024347,0.024019623458953202,-57.75436507936508,0.45065577295205334,0.9473684210526315,0.6696355942648206,0.5440549404862727,0.14975613036790983,0.17357222844344905,0.928388746803069,0.8074324324324325,0.3513720440585358,0.35401056520153873,0.13892459362286494,Insurance Brokers,Financial Services,MMC
2019Q4,2019,Q4,2020-02-20,2019-12-31,391000000.0,4264000000.0,592000000.0,0.76,1786000000.0,0.41885553470919323,31357000000.0,7793000000.0,7068000000.0,6679000000.0,23414000000.0,0.0,15199000000.0,56150640000.0,69219640000.0,15.462301587301587,1.0582422518341068,0.45361482284657334,1.8252277685102014,0.018179597505609588,15.462301587301587,0.05017323238804055,13.168536585365853,35.90194373401534,7.205266264596433,0.6010230179028133,0.0,0.004185170462883415,0.13598239627515388,0.9568797724210211,0.012469305099339861,60.18289389067524,0.41885553470919323,0.28813559322033905,0.4275658676168881,0.41005291005291006,0.1858669065395745,0.16655780535597647,0.29042904290429045,0.2676659528907923,-0.08363823358089416,0.2952031783779703,0.28602799054591693,Insurance Brokers,Financial Services,MMC
2019Q3,2019,Q3,2019-10-30,2019-09-30,303000000.0,3968000000.0,467000000.0,0.59,1531000000.0,0.3858366935483871,31097000000.0,7620000000.0,7056000000.0,6204000000.0,23300000000.0,0.0,14811000000.0,50625300000.0,64278300000.0,15.059288537549406,1.137330754352031,0.4780525452616008,1.9509186351706036,0.013927288292587083,15.059288537549406,0.03976377952755906,12.758392137096774,41.77004950495049,6.643740157480315,0.768976897689769,0.0,0.004602441862072916,0.12760073318969675,1.0333655705996132,0.009743705180564041,54.611974110032364,0.3858366935483871,-0.09230769230769238,0.09681798219347634,0.3581636723532825,0.04586403222607906,-0.15507726269315672,-0.08734939759036145,-0.31323529411764706,-0.181567887200559,0.2957265603822708,0.169346644048957,Insurance Brokers,Financial Services,MMC
2019Q2,2019,Q2,2019-08-02,2019-06-30,332000000.0,4349000000.0,680000000.0,0.65,1812000000.0,0.4166475051736031,32116000000.0,8065000000.0,7526000000.0,6382000000.0,23779000000.0,0.0,14741000000.0,51120810000.0,65276810000.0,15.907297830374754,1.1792541523033533,0.48106862622991653,1.9156850588964662,0.016457419452427773,15.907297830374754,0.041165530068195906,11.754612554610254,38.49458584337349,6.338600123992561,0.6385542168674698,0.0,0.004147039141202967,0.13541536928633702,1.0728611720463805,0.010337526466558725,119.16272727272727,0.4166475051736031,-0.5357142857142857,-0.16588640700723506,0.4270521785906401,0.07141534889899881,0.012856344326439352,-0.5363128491620112,-0.27505330490405117,-0.2771871761441514,0.3237827991063498,0.2511627671535699,Insurance Brokers,Financial Services,MMC
2019Q1,2019,Q1,2019-04-26,2019-03-31,716000000.0,4071000000.0,938000000.0,1.4,1789000000.0,0.43944976664210267,30137000000.0,7909000000.0,12675000000.0,5739000000.0,22151000000.0,0.0,14642000000.0,47879050000.0,61677050000.0,15.661386138613862,2.208572922111866,0.4949065932242758,1.885826273865217,0.029240203897516116,15.661386138613862,0.09052977620432419,11.761004667157946,16.717545391061453,6.053742571753698,0.29329608938547486,0.0,0.004386051937120724,0.13508312041676346,1.0013939710751,0.023758171019013175,-137.18925501432665,0.43944976664210267,3.6666666666666665,0.753874349060188,0.35344350611531733,0.07806049541017415,0.1549386701097482,3.679738562091503,0.5104669887278583,0.5357279594903357,0.25898746349455076,0.22167722386851657,Insurance Brokers,Financial Services,MMC
2018Q4,2018,Q4,2019-02-21,2018-12-31,153000000.0,3712000000.0,621000000.0,0.3,1549000000.0,0.41729525862068967,21578000000.0,7511000000.0,5934000000.0,4924000000.0,13994000000.0,0.0,14347000000.0,40194000000.0,44952000000.0,14.902777777777779,1.2051177904142973,0.2699045323941051,0.7753960857409133,0.03305580106058171,14.902777777777779,0.020370123818399682,10.828125,65.6764705882353,5.351351351351351,1.392156862745098,0.0,0.005299298402746679,0.17202706460283623,1.093216896831844,0.007090555195106127,39.52212389380531,0.41729525862068967,-0.4444444444444445,-0.45096652522395103,0.29568651430609694,0.033108440508820024,0.09007741027445461,-0.44565217391304346,0.1478743068391867,-0.5774285714285714,0.15175896601900188,0.1944188545984953,Insurance Brokers,Financial Services,MMC
2018Q3,2018,Q3,2018-10-26,2018-09-30,276000000.0,3504000000.0,541000000.0,0.54,1421000000.0,0.4055365296803653,21129000000.0,7453000000.0,5966000000.0,4727000000.0,13591000000.0,0.0,14196000000.0,42043680000.0,47242680000.0,14.787698412698413,1.2621112756505184,0.2910691466704529,0.8251710720515228,0.028820800606436128,14.787698412698413,0.03703206762377566,11.99876712328767,38.08304347826087,5.641175365624581,0.7644927536231884,0.0,0.0050185901900119114,0.1658384211273605,1.1480854664692193,0.013062615362771547,51.33538461538461,0.4055365296803653,-0.4807692307692307,0.18831168831168843,0.30179302280257253,0.15286089584939344,-0.11131957473420888,-0.480225988700565,-0.2170767004341534,-0.10482087571870839,0.17844531070855316,0.249664654594232,Insurance Brokers,Financial Services,MMC
2018Q2,2018,Q2,2018-07-27,2018-06-30,531000000.0,3734000000.0,691000000.0,1.04,1599000000.0,0.42822710230316013,21159000000.0,7716000000.0,6175000000.0,4216000000.0,13362000000.0,0.0,14131000000.0,41558790000.0,46774790000.0,15.218934911242604,1.4646584440227703,0.2954771019424358,0.8102643856920684,0.03687904959000266,15.218934911242604,0.06881804043545879,11.129831280128549,19.56628531073446,5.38605365474339,0.3653483992467043,0.0,0.004668085861017609,0.17647336830663074,1.3370493358633777,0.025095703955763504,59.3697,0.42822710230316013,-0.22388059701492538,0.48732690782651134,0.31413705531880104,0.23700149521974848,-0.09966216216216216,-0.23043478260869565,-0.23898678414096916,0.3372922286085496,0.2217727015580325,0.2003730174723269,Insurance Brokers,Financial Services,MMC
2018Q1,2018,Q1,2018-04-27,2018-03-31,690000000.0,4000000000.0,908000000.0,1.34,1776000000.0,0.444,21379000000.0,7940000000.0,6270000000.0,4122000000.0,13358000000.0,0.0,13812000000.0,41955720000.0,47114720000.0,15.62992125984252,1.5211062590975255,0.2959446185509145,0.7968513853904282,0.04835784659563416,15.62992125984252,0.08690176322418136,10.48893,15.201347826086957,5.284095717884131,0.27391304347826084,0.0,0.004504749292825865,0.18709949015388933,1.3901018922852983,0.03227466205154591,-99.4211374407583,0.444,21.333333333333336,0.8022535318678384,0.38034569095369797,0.2899392846978466,0.11909262759924386,22.79310344827586,0.3236151603498542,0.5188927369555983,0.3200915981925277,0.24402356158522134,Insurance Brokers,Financial Services,MMC
2017Q4,2017,Q4,2018-02-22,2017-12-31,29000000.0,3685000000.0,686000000.0,0.06,1587000000.0,0.4306648575305292,20429000000.0,7359000000.0,5562000000.0,4262000000.0,12987000000.0,0.0,13140000000.0,41508900000.0,45790900000.0,14.429411764705883,1.3050211168465509,0.26858877086494687,0.7456176110884631,0.002329052087440822,14.429411764705883,0.003940752819676587,11.264287652645862,357.8353448275862,5.6405625764370155,6.724137931034483,0.0,0.004697787703360002,0.18038083117137402,1.2524636320976068,0.0014195506387977876,61.86125186289121,0.4306648575305292,-0.9210526315789473,-0.8803467332879097,0.3117562148110411,0.2020833707986405,0.1059233449477352,-0.926208651399491,0.1490787269681742,-0.8953648125917033,0.20424836601307192,0.10665037775813473,Insurance Brokers,Financial Services,MMC
2017Q3,2017,Q3,2017-10-27,2017-09-30,393000000.0,3341000000.0,597000000.0,0.76,1435000000.0,0.429512122119126,19690000000.0,7046000000.0,5215000000.0,3814000000.0,12559000000.0,0.0,13113000000.0,42910720000.0,47320720000.0,13.76171875,1.3673308862087048,0.2787201625190452,0.7788816349701958,0.035212824469398545,13.76171875,0.05577632699403917,12.84367554624364,27.296895674300256,6.090082316207778,0.49363867684478374,0.0,0.004521014795370481,0.1696800406297613,1.3075511274252754,0.01995937023869985,59.51556171983356,0.429512122119126,-0.2083333333333333,0.7326244813278009,0.24773725834797897,0.14998079877112136,-0.08012820512820513,-0.2155688622754491,-0.21858638743455497,0.4059343434343436,0.1301536134988858,-0.04425188305885354,Insurance Brokers,Financial Services,MMC
2017Q2,2017,Q2,2017-07-28,2017-06-30,501000000.0,3495000000.0,764000000.0,0.96,1560000000.0,0.44635193133047213,19442000000.0,6993000000.0,5182000000.0,3649000000.0,12368000000.0,0.0,12915000000.0,40071440000.0,44746440000.0,13.605058365758754,1.4201151000274048,0.29014504680588415,0.8066638066638067,0.04312120064470062,13.605058365758754,0.07164307164307164,11.465361945636623,19.995728542914172,5.73022165022165,0.35129740518962077,0.0,0.004392155610080397,0.17976545622878304,1.356536037270485,0.025768953811336284,60.71430303030303,0.44635193133047213,-0.11926605504587166,0.6146381559495228,0.22464902106516538,0.1820112879544908,0.0012836970474967907,-0.1195079086115993,-0.05562422744128554,0.24156562875224577,0.13120799434029012,-0.08364899487160399,Insurance Brokers,Financial Services,MMC
2017Q1,2017,Q1,2017-04-28,2017-03-31,569000000.0,3503000000.0,809000000.0,1.09,1558000000.0,0.44476163288609766,18969000000.0,6532000000.0,4981000000.0,3588000000.0,12350000000.0,0.0,12606000000.0,38053350000.0,43014350000.0,12.683495145631069,1.3882385730211817,0.3105593336496389,0.901867728107777,0.049986749719574036,12.683495145631069,0.08710961420698102,10.863074507564944,16.719398066783832,5.825681261481935,0.30755711775043937,0.0,0.004598806675364981,0.18466972428699457,1.3168896321070234,0.029996309768569773,-82.54522776572668,0.44476163288609766,0.2976190476190478,0.725737948014885,0.20834232290542964,0.10914075006970625,0.07745504840940526,0.30504587155963303,0.27804107424960506,0.36672730062021963,0.14199267085474968,-0.12692433867531394,Insurance Brokers,Financial Services,MMC
2016Q4,2016,Q4,2017-02-24,2016-12-31,436000000.0,3364000000.0,633000000.0,0.84,1446000000.0,0.42984542211652793,18190000000.0,6192000000.0,4884000000.0,4082000000.0,11918000000.0,0.0,12388000000.0,34808850000.0,38589850000.0,12.023300970873786,1.1964723174914258,0.26426608026388126,0.7763242894056848,0.04316301481952905,12.023300970873786,0.07041343669250646,10.347458382877527,19.959202981651377,5.621584302325582,0.40825688073394495,0.0,0.005113642076655793,0.18493677844969764,1.1438020578147967,0.023969213853765804,42.657904411764704,0.42984542211652793,0.1506849315068493,0.7924150485436895,0.21745703182382722,0.10770510389488212,0.09711684370257967,0.1503957783641161,0.10664335664335664,0.531148066262937,0.14913556390157248,-0.16650614395460667,Insurance Brokers,Financial Services,MMC
2016Q3,2016,Q3,2016-10-28,2016-09-30,379000000.0,3135000000.0,572000000.0,0.73,1318000000.0,0.420414673046252,18358000000.0,6671000000.0,5209000000.0,3825000000.0,11604000000.0,0.0,11953000000.0,34835500000.0,38203500000.0,12.878378378378379,1.361830065359477,0.2590696154265171,0.7129365912157097,0.03661303429221518,12.878378378378379,0.05681307150352271,11.111802232854865,22.978562005277045,5.221930745015739,0.46965699208443273,0.0,0.005109730016793213,0.1707702364091949,1.3048366013071895,0.0206449504303301,42.327460510328066,0.420414673046252,-0.18888888888888894,2.0392040392040394,0.1646994718983315,0.08542599099802156,-0.12367021276595745,-0.19703389830508475,-0.21212121212121213,0.5876737833259572,0.13322504437784105,0.004008765937195392,Insurance Brokers,Financial Services,MMC
2016Q2,2016,Q2,2016-08-01,2016-06-30,472000000.0,3376000000.0,726000000.0,0.9,1504000000.0,0.44549763033175355,18076000000.0,6624000000.0,4930000000.0,3504000000.0,11371000000.0,0.0,11751000000.0,35667660000.0,39450660000.0,12.714011516314779,1.4069634703196348,0.2631666297853507,0.7181461352657005,0.0449624867475625,12.714011516314779,0.07125603864734299,10.565065165876778,18.891769067796606,5.384610507246377,0.3495762711864407,0.0,0.004626039386940439,0.18676698384598361,1.3398972602739727,0.026111971675149368,47.747871485943776,0.44549763033175355,-0.010989010989010999,0.7572861790609983,0.21054508458932486,0.03382849701563604,0.014844804318488529,-0.018711018711018712,-0.009549795361527967,0.28654253319350187,0.1562161248296919,0.03340025748479762,Insurance Brokers,Financial Services,MMC
2016Q1,2016,Q1,2016-05-02,2016-03-31,481000000.0,3336000000.0,733000000.0,0.91,1482000000.0,0.4442446043165468,18128000000.0,6679000000.0,4798000000.0,3159000000.0,11357000000.0,0.0,11460000000.0,31671590000.0,35766590000.0,12.81957773512476,1.51883507439063,0.27653353927625773,0.7505614612966013,0.044780313767655545,12.81957773512476,0.07201676897739183,9.493881894484412,16.461325363825363,4.741965863153166,0.33471933471933474,0.0,0.005083420188250732,0.18402471315092675,1.4450775561886673,0.026533539276257723,-50.1132753164557,0.4442446043165468,0.28169014084507055,0.5453358925143954,0.20779148176051065,0.052021464460381577,0.030598052851182198,0.2826666666666667,0.234006734006734,0.22500499597997878,0.12248333892079676,0.05800129500728442,Insurance Brokers,Financial Services,MMC
2015Q4,2015,Q4,2016-02-24,2015-12-31,375000000.0,3338000000.0,594000000.0,0.71,1438000000.0,0.43079688436189334,18216000000.0,6513000000.0,5044000000.0,3708000000.0,11614000000.0,0.0,11302000000.0,28944900000.0,31984900000.0,12.477011494252874,1.360302049622438,0.24231444883618797,0.6777214801166896,0.03749017776277049,12.477011494252874,0.05757715338553662,8.67133013780707,19.2966,4.4441731920773835,0.43733333333333335,0.0,0.00566593769541439,0.18324549846288976,1.3066343042071198,0.020586297760210804,34.78954326923077,0.43079688436189334,0.16393442622950816,0.9251458014834946,0.24907791466325496,0.06587535378039636,0.16248989490703314,0.1609907120743034,0.2885032537960954,0.5116717702924598,0.16091826394153588,0.03943308840840974,Insurance Brokers,Financial Services,MMC
2015Q3,2015,Q3,2015-10-29,2015-09-30,323000000.0,3115000000.0,461000000.0,0.61,1237000000.0,0.3971107544141252,17724000000.0,6248000000.0,5526000000.0,3404000000.0,11381000000.0,0.0,10928000000.0,27572160000.0,30726160000.0,11.833333333333334,1.6233842538190364,0.25299029564432407,0.7176696542893726,0.03092430580419221,11.833333333333334,0.051696542893725994,8.851415730337079,21.340681114551085,4.412957746478873,0.5139318885448917,0.0,0.006020565672040203,0.17575039494470773,1.423913043478261,0.018223877228616566,34.4221722846442,0.3971107544141252,-0.20779220779220783,0.9772389069264069,0.2692132797867742,0.0016367887763055154,-0.11579699785561115,-0.22911694510739858,-0.2670906200317965,0.3808625675845593,0.1280822282579752,-0.011162314388120782,Insurance Brokers,Financial Services,MMC
2015Q2,2015,Q2,2015-07-31,2015-06-30,419000000.0,3225000000.0,629000000.0,0.77,1399000000.0,0.4337984496124031,17413000000.0,6783000000.0,5299000000.0,3208000000.0,10541000000.0,0.0,10768000000.0,30334500000.0,33340500000.0,12.678504672897196,1.6518079800498753,0.2260380175730776,0.5802742149491376,0.04230938387109672,12.678504672897196,0.06177207725195341,9.406046511627906,18.099343675417664,4.472136222910217,0.360381861575179,0.0,0.004977830523001862,0.18520645494745305,1.4304862842892767,0.024062482053638087,55.0535390199637,0.4337984496124031,-0.12499999999999999,0.7953350229684776,0.25140760717538957,0.14317850467289717,-0.057912457912457915,-0.13070539419087138,-0.14421768707482993,0.2973610203675823,0.08568419492127413,0.10151204315781467,Insurance Brokers,Financial Services,MMC
2015Q1,2015,Q1,2015-05-04,2015-03-31,482000000.0,3215000000.0,735000000.0,0.88,1485000000.0,0.4618973561430793,16834000000.0,6772000000.0,5177000000.0,2753000000.0,9971000000.0,0.0,10515000000.0,30232510000.0,33017510000.0,12.564007421150277,1.8804940065383218,0.23102055364143995,0.5742764323685765,0.0487692502835313,12.564007421150277,0.07117542823390431,9.403580093312597,15.68076244813278,4.464339929119906,0.3132780082987552,0.0,0.004994623337592545,0.19098253534513485,1.6287686160552124,0.02863252940477605,-48.68359098228663,0.4618973561430793,0.6296296296296295,0.9219133401161052,0.13746386503861582,0.1203975163916845,0.1,0.6394557823129252,0.3712686567164179,0.3967802473360317,0.05961791170387878,0.09869183966819142,Insurance Brokers,Financial Services,MMC
2014Q4,2014,Q4,2015-02-26,2014-12-31,294000000.0,3246000000.0,536000000.0,0.54,1350000000.0,0.41589648798521256,17840000000.0,7054000000.0,6055000000.0,3705000000.0,10707000000.0,0.0,10335000000.0,30966840000.0,32395840000.0,13.038817005545287,1.6342780026990553,0.1898542600896861,0.48015310462149136,0.03752555768854391,13.038817005545287,0.04167848029486816,9.54,26.332346938775512,4.389968812021548,0.5204081632653061,0.0,0.004940768899894209,0.1819506726457399,1.4399460188933872,0.01647982062780269,34.872567567567565,0.41589648798521256,0.0,11.59358675560556,0.17057101024890195,0.19246559093267634,0.09135004042037187,-0.010101010101010102,0.20449438202247192,0.15056030499075787,0.11829436038514449,0.20126445980036461,Insurance Brokers,Financial Services,MMC
2014Q3,2014,Q3,2014-11-04,2014-09-30,297000000.0,3141000000.0,445000000.0,0.54,1237000000.0,0.3938236230499841,17987000000.0,7833000000.0,6852000000.0,4130000000.0,10072000000.0,0.0,10042000000.0,28472960000.0,29842960000.0,14.398897058823529,1.6590799031476997,0.2234391504975816,0.5130856632197115,0.02650845770677867,14.398897058823529,0.03791650708540789,9.064934734161096,23.96713804713805,3.6350006383250353,0.5185185185185185,0.0,0.005408640338061093,0.17462611886362372,1.4878934624697338,0.01651192527936843,35.5912,0.3938236230499841,-0.2987012987012987,0.2944836305562948,0.1991764006434916,0.256665899204452,-0.13132022471910113,-0.3109048723897912,-0.312210200927357,1.267816742081448,0.11115624082847674,0.21357958666531998,Insurance Brokers,Financial Services,MMC
2014Q2,2014,Q2,2014-08-04,2014-06-30,431000000.0,3300000000.0,647000000.0,0.77,1424000000.0,0.4315151515151515,17588000000.0,8151000000.0,6414000000.0,3530000000.0,9360000000.0,0.0,9897000000.0,28449180000.0,29989180000.0,14.846994535519126,1.81699716713881,0.20155788037298158,0.4349159612317507,0.0400328047375621,14.846994535519126,0.05287694761378972,8.620963636363637,16.501844547563806,3.490268678689731,0.32018561484918795,0.0,0.004850754925098017,0.18762792813281784,1.6178470254957507,0.02450534455310439,53.17603738317757,0.4315151515151515,-0.03750000000000003,3.1233330501996086,0.19349749639892985,0.353261942996505,-0.0007017543859649122,-0.02708803611738149,-0.03863298662704309,0.5228009662959086,0.12294335453432455,0.20727010716946065,Insurance Brokers,Financial Services,MMC
2014Q1,2014,Q1,2014-05-08,2014-03-31,443000000.0,3264000000.0,673000000.0,0.8,1425000000.0,0.4365808823529412,16577000000.0,7961000000.0,5563000000.0,3343000000.0,8534000000.0,0.0,9620000000.0,27016400000.0,28687400000.0,14.527372262773723,1.6640741848638947,0.1840501900223201,0.38324331114181637,0.04303485705746413,14.527372262773723,0.0556462755935184,8.277083333333334,15.246275395033859,3.393593769626931,0.309255079006772,0.0,0.005070993914807302,0.19689931833262955,1.4483996410409812,0.026723773903601377,-56.40167014613779,0.4365808823529412,0.48148148148148145,1.3654715494359657,0.1667726342618685,0.3218368754997291,0.11154446177847113,0.46204620462046203,0.37627811860940696,0.35312745648512084,0.12350041001447697,0.19216933337590966,Insurance Brokers,Financial Services,MMC
2013Q4,2013,Q4,2014-02-27,2013-12-31,303000000.0,3115000000.0,489000000.0,0.54,1282000000.0,0.4115569823434992,16980000000.0,7905000000.0,6300000000.0,3809000000.0,9005000000.0,0.0,9452000000.0,26501280000.0,27153280000.0,14.425182481751825,1.6539774218955106,0.17402826855123674,0.3738140417457306,0.031560458134665355,14.425182481751825,0.038330170777988615,8.507634028892456,21.865742574257425,3.352470588235294,0.45874587458745875,0.0,0.005245029674038386,0.18345111896348645,1.473615122079286,0.01784452296819788,40.58388973966309,0.4115569823434992,0.20000000000000004,2.559420620437957,0.09970619204045038,0.2983168434292537,0.15703971119133575,0.1976284584980237,0.2103960396039604,0.4817158678220848,0.11032774639950728,0.23230202105417613,Insurance Brokers,Financial Services,MMC
2013Q3,2013,Q3,2013-11-07,2013-09-30,253000000.0,2932000000.0,404000000.0,0.45,1108000000.0,0.37789904502046384,16976000000.0,7042000000.0,6161000000.0,3893000000.0,9856000000.0,0.0,9151000000.0,23908950000.0,24940950000.0,12.82695810564663,1.582584125353198,0.18885485391140433,0.4552683896620278,0.02676189253255555,12.82695810564663,0.03592729338256177,8.154484993178718,23.62544466403162,3.39519312695257,0.549407114624506,0.0,0.005813722476311172,0.17271442035815268,1.4045723092730542,0.014903393025447692,37.24135514018692,0.37789904502046384,-0.3478260869565217,30.551229508196723,-0.0346237826222576,-0.04854981084489276,-0.16187594553706505,-0.3479381443298969,-0.29982668977469673,0.4894938849856883,0.14895256899881362,0.08574251774997971,Insurance Brokers,Financial Services,MMC
2013Q2,2013,Q2,2013-08-08,2013-06-30,388000000.0,3088000000.0,577000000.0,0.69,1322000000.0,0.42810880829015546,15838000000.0,6779000000.0,5214000000.0,2964000000.0,8992000000.0,0.0,9036000000.0,22276930000.0,23759930000.0,12.303085299455535,1.7591093117408907,0.171296880919308,0.40020652013571323,0.043112079451751835,12.303085299455535,0.057235580469095736,7.214031735751296,14.353692010309278,3.286167576338693,0.32989690721649484,0.0,0.005745854567931937,0.19497411289304206,1.5435222672064777,0.02449804268215684,68.33414110429447,0.42810880829015546,-0.06756756756756763,4.546726232025688,-0.058585916324887716,-0.16367768543265612,-0.0007558578987150416,-0.06053268765133172,-0.04942339373970346,0.6142299055646128,0.16345220369578506,0.1093281911675741,Insurance Brokers,Financial Services,MMC
2013Q1,2013,Q1,2013-05-09,2013-03-31,413000000.0,3126000000.0,607000000.0,0.74,1323000000.0,0.42322456813819576,15537000000.0,6640000000.0,5097000000.0,2840000000.0,8824000000.0,0.0,8786000000.0,20687000000.0,22139000000.0,12.116788321167883,1.794718309859155,0.17474415910407415,0.4088855421686747,0.04546370124746852,12.116788321167883,0.06219879518072289,6.617722328854766,12.522397094430993,3.115512048192771,0.3075060532687651,0.0,0.006139121187219027,0.20119714230546437,1.5630281690140846,0.02658170818047242,-30.377386196769457,0.42322456813819576,0.574468085106383,2.8625912408759127,-0.028364623334187707,-0.16408173086718975,1.3201839303000968,0.5945945945945946,0.49507389162561577,0.6197389333647281,0.08781191648277031,0.08051667645683153,Insurance Brokers,Financial Services,MMC
2012Q4,2012,Q4,2012-12-31,2012-12-31,259000000.0,3002000000.0,406000000.0,0.47,-4132000000.0,-1.3764157228514324,16288000000.0,6542000000.0,5963000000.0,3564000000.0,9682000000.0,0.0,8628000000.0,18786150000.0,19403150000.0,12.003669724770642,1.6731200897867564,0.17915029469548133,0.4460409660654234,0.030738243528941205,12.003669724770642,0.03959033934576582,6.257878081279147,18.13334942084942,2.8716218281870987,0.4942084942084942,0.0,0.006813530180478704,0.18430746561886052,1.5036475869809203,0.015901277013752456,37.49730538922156,-1.3764157228514324,0.06818181818181812,1.901694549379385,-0.022637497059515455,-0.2035407073439065,-2.452372583479789,0.07468879668049792,0.07407407407407407,10.012923813322697,0.07463430359853318,0.09779615018921622,Insurance Brokers,Financial Services,MMC
2012Q3,2012,Q3,2012-09-30,2012-09-30,241000000.0,2845000000.0,378000000.0,0.44,2845000000.0,1.0,15736000000.0,6510000000.0,5651000000.0,3506000000.0,9156000000.0,0.0,8371000000.0,18642880000.0,19517880000.0,11.966911764705882,1.611808328579578,0.1854982206405694,0.4483870967741935,0.029350938593700287,11.966911764705882,0.0370199692780338,6.552857644991213,19.339087136929464,2.8637296466973887,0.5269709543568465,0.0,0.0068122521842118805,0.1807956278596848,1.4555048488305762,0.015315200813421454,31.922739726027398,1.0,-0.25423728813559315,-0.8783702555572358,-0.0004644932418207817,-0.07680859833098223,-0.05981493721083939,-0.2674772036474164,-0.2702702702702703,0.050405908969922746,0.08616900981557901,0.04441401810557672,Insurance Brokers,Financial Services,MMC
2012Q2,2012,Q2,2012-06-30,2012-06-30,329000000.0,3026000000.0,518000000.0,0.59,3026000000.0,1.0,15202000000.0,6273000000.0,5195000000.0,3170000000.0,8858000000.0,0.0,8257000000.0,17565350000.0,18983350000.0,11.510091743119267,1.638801261829653,0.19221155111169583,0.46580583452893354,0.03953944724212119,11.510091743119267,0.052446995058185876,5.804808327825512,13.347530395136777,2.800151442690897,0.3677811550151976,0.0,0.006888561856154305,0.19905275621628732,1.4529968454258675,0.02164188922510196,37.29373673036093,1.0,-0.06349206349206354,0.8689887523972424,0.07933908504219411,0.11460156833881563,-0.00819403474270731,-0.05187319884726225,-0.017077798861480076,2.632723297048058,0.10243333880046485,0.049112605187403034,Insurance Brokers,Financial Services,MMC
2012Q1,2012,Q1,2012-03-31,2012-03-31,347000000.0,3051000000.0,527000000.0,0.63,3051000000.0,1.0,15010000000.0,6198000000.0,5035000000.0,3032000000.0,8745000000.0,0.0,8053000000.0,17772180000.0,19285180000.0,11.435424354243542,1.6606200527704484,0.19473684210526315,0.47160374314294934,0.04034256079831379,11.435424354243542,0.055985801871571476,5.825034414945919,12.804164265129684,2.867405614714424,0.34870317002881845,0.0,0.00680839379299557,0.20326449033977348,1.4571240105540897,0.023117921385742837,-32.07974729241877,1.0,0.33382812500000003,0.3210538635237099,0.10701303848031374,0.0631791640713986,0.049174690508940855,0.35546875,0.34782608695652173,0.8733751257967125,0.10270555919709062,0.04050239265643534,Insurance Brokers,Financial Services,MMC
2011Q4,2011,Q4,2012-02-28,2011-12-31,256000000.0,2908000000.0,391000000.0,0.47232472324723246,2908000000.0,1.0,15454000000.0,5883000000.0,5648000000.0,3739000000.0,9514000000.0,0.0,7949000000.0,17138040000.0,17953040000.0,10.854243542435425,1.510564322011233,0.18946551054743108,0.49770525242223357,0.031476246657851044,10.854243542435425,0.04351521332653408,5.893411279229711,16.7363671875,2.913146353901071,0.4765625,0.0,0.007118667012097066,0.18817134722401968,1.3423375234019792,0.016565290539666107,26.98903937007874,1.0,0.968019680196802,0.15573261927309529,-0.02143190956975541,0.03151687213727274,0.036350677120456164,0.9692307692307692,0.26129032258064516,2.040590405904059,0.037992686463303414,-0.02308014254557086,Insurance Brokers,Financial Services,MMC
2011Q3,2011,Q3,2011-11-04,2011-09-30,130000000.0,2806000000.0,310000000.0,0.24,2806000000.0,1.0,15121000000.0,6407000000.0,5030000000.0,3384000000.0,8656000000.0,0.0,7696000000.0,14337000000.0,15553000000.0,11.864814814814816,1.4864066193853427,0.19377025329012632,0.45731231465584515,0.022301844621647558,11.864814814814816,0.020290307476197908,5.1094084105488236,27.571153846153848,2.237708756048072,0.9461538461538461,0.0,0.00857920066959615,0.18556973745122676,1.3708628841607564,0.008597314992394682,23.8156146179402,1.0,-0.52,-0.24768518518518523,-0.009028098833924015,0.051845285001313496,-0.041666666666666664,-0.5390070921985816,-0.3333333333333333,16.437499999999996,-0.060711768851303756,-0.11991758241758232,Insurance Brokers,Financial Services,MMC
2011Q2,2011,Q2,2011-08-05,2011-06-30,282000000.0,2928000000.0,465000000.0,0.5,2928000000.0,1.0,15451000000.0,6727000000.0,5186000000.0,3242000000.0,8671000000.0,0.0,7688000000.0,17060930000.0,18434930000.0,12.297989031078611,1.5996298581122763,0.19629797424114945,0.4508696298498588,0.0328337941931661,12.297989031078611,0.04192061840344879,5.8268203551912565,15.124937943262411,2.5361870075813884,0.41843971631205673,0.0,0.006916387324723799,0.18950229758591677,1.471314003701419,0.01825124587405346,27.037923930269415,1.0,-0.13793103448275856,0.6455295268058332,-0.01385715863219759,0.12227326763001285,0.015256588072122053,-0.13230769230769232,-0.014830508474576272,3.060863450991422,-0.10083634426866654,-0.1640241125979489,Insurance Brokers,Financial Services,MMC
2011Q1,2011,Q1,2011-05-06,2011-03-31,325000000.0,2884000000.0,472000000.0,0.58,2884000000.0,1.0,15073000000.0,6629000000.0,4936000000.0,2889000000.0,8386000000.0,0.0,7528000000.0,16216640000.0,17918640000.0,12.185661764705882,1.7085496711664936,0.2011543820075632,0.45738422084779,0.034866076318286095,12.185661764705882,0.049027002564489365,5.622968099861303,12.474338461538462,2.4463176949766177,0.36,0.0,0.007214811452927365,0.19133550056392223,1.5721703011422639,0.021561732899887217,-36.60641083521445,1.0,0.5542857142857142,-0.2144416360294118,-0.04135391346621288,0.16144920461650417,0.0355475763016158,0.6009852216748769,0.4523076923076923,2.4764968487394956,-0.09699270256182546,-0.1593302597524454,Insurance Brokers,Financial Services,MMC
2010Q4,2010,Q4,2011-02-28,2010-12-31,203000000.0,2785000000.0,325000000.0,0.37316176470588236,2785000000.0,1.0,15310000000.0,6368000000.0,5276000000.0,3105000000.0,8895000000.0,0.0,7436000000.0,14872960000.0,16012960000.0,11.705882352941176,1.699194847020934,0.19817112998040495,0.4764447236180904,0.022271428754984304,11.705882352941176,0.03187814070351759,5.340380610412926,18.316453201970443,2.335577889447236,0.5862068965517241,0.0,0.008001097293343086,0.18190725016329196,1.58743961352657,0.013259307642064011,25.038653198653197,1.0,0.24387254901960792,4.233832956259428,0.13100099187494063,0.19461150131694469,0.10340729001584786,0.20833333333333334,0.3598326359832636,1.2784818339100348,-0.09161953242835602,-0.22329929159083736,Insurance Brokers,Financial Services,MMC
2010Q3,2010,Q3,2010-11-09,2010-09-30,168000000.0,2524000000.0,239000000.0,0.3,2524000000.0,1.0,14903000000.0,6415000000.0,5045000000.0,2947000000.0,8488000000.0,0.0,0.0,13097160000.0,14439160000.0,11.813996316758749,1.7119104173736002,0.20378447292491444,0.4734216679657054,0.017686140383739297,11.813996316758749,0.026188620420888542,5.18904912836767,19.48982142857143,2.0416461418550274,0.6666666666666666,0.0,0.008551472227566892,0.169361873448299,1.6118086189345098,0.011272898074213245,-48.15132352941176,1.0,-0.3023255813953489,1.5655758606034849,-0.1354703249971085,0.18823362842563265,-0.031465848042977744,-0.288135593220339,5.78,-0.9150563138235168,-0.11160853763194216,-0.08860531159358978,Insurance Brokers,Financial Services,MMC
2010Q2,2010,Q2,2010-08-06,2010-06-30,236000000.0,2606000000.0,-50000000.0,0.43,2606000000.0,1.0,15621000000.0,6000000000.0,5168000000.0,3845000000.0,9578000000.0,0.0,7187000000.0,12199550000.0,14312550000.0,11.090573012939002,1.3440832249674903,0.22969080084501634,0.598,-0.0016992214050334455,11.090573012939002,0.03933333333333333,4.681331542594013,12.923252118644067,2.0332583333333334,0.4745762711864407,0.0,0.009180666499993852,0.16682670763715512,1.2197659297789336,0.015107867614109212,26.52076086956522,1.0,-0.04444444444444448,0.4059194263189543,-0.16760401591463792,0.18479563936149476,-0.06762075134168158,-0.04838709677419355,-1.1138952164009113,0.35058533579790513,-0.06359736118587948,0.07397667628389691,Insurance Brokers,Financial Services,MMC
2010Q1,2010,Q1,2010-05-07,2010-03-31,248000000.0,2795000000.0,439000000.0,0.45,2795000000.0,1.0,14962000000.0,5977000000.0,4592000000.0,3174000000.0,8948000000.0,0.0,7062000000.0,13015860000.0,15438860000.0,11.21388367729831,1.4467548834278512,0.23994118433364522,0.6006357704534048,0.03215603936913362,11.21388367729831,0.04149238748536055,4.656837209302325,13.120826612903226,2.177657687803246,0.43951612903225806,0.0,0.008374398618301056,0.18680657666087422,1.2923755513547575,0.016575324154524795,-39.32283987915408,1.0,9.428260869565218,0.8438016297499369,-0.12491760052735658,0.18428246472661156,0.023060029282576867,9.782608695652174,44.9,-0.039903671137744595,0.031251084203587465,0.04258198949999427,Insurance Brokers,Financial Services,MMC
2009Q4,2009,Q4,2010-02-26,2009-12-31,23000000.0,2732000000.0,-10000000.0,0.043151969981238276,2732000000.0,1.0,15337000000.0,5828000000.0,4931000000.0,3703000000.0,9474000000.0,0.0,7033000000.0,11768640000.0,13583640000.0,10.934333958724203,1.3316230083715905,0.2342048640542479,0.6163349347975292,9.650646593321744e-05,10.934333958724203,0.0039464653397391905,4.307701317715959,127.91999999999999,2.0193273850377484,4.739130434782608,0.0,0.009261902819697094,0.1781313164243333,1.2508776667566837,0.0014996413901023668,84.66647482014389,1.0,-0.8947512927286871,1.0336966118529964,-0.07549300513908155,0.14836458308594774,0.08283789139912802,-0.8959276018099548,-1.0462962962962963,-0.8944113300901559,-0.06513388149915604,0.03912814558764122,Insurance Brokers,Financial Services,MMC
2009Q3,2009,Q3,2009-11-05,2009-09-30,221000000.0,2523000000.0,216000000.0,0.41,2523000000.0,1.0,15341000000.0,6004000000.0,4876000000.0,3401000000.0,9302000000.0,0.0,7013000000.0,12958520000.0,14740520000.0,11.458015267175572,1.433695971773008,0.2343393520630989,0.5987674883411059,0.027475237694534246,11.458015267175572,0.03680879413724184,5.136155370590567,14.6589592760181,2.1583144570286477,0.5203619909502263,0.0,0.00887447023271176,0.16446124763705103,1.3310790943840047,0.014405840557981879,22.53655652173913,1.0,2.1081081081081083,9.463558705925118,-0.15508408773612314,0.055077050936456796,-0.040319513122860404,2.145077720207254,11.285714285714286,0.31798664122137404,-0.08176594212872279,0.015781495316983387,Insurance Brokers,Financial Services,MMC
2009Q2,2009,Q2,2009-08-07,2009-06-30,-193000000.0,2629000000.0,-21000000.0,-0.37,2629000000.0,1.0,14921000000.0,5727000000.0,4490000000.0,2670000000.0,9161000000.0,0.0,6900000000.0,10507860000.0,12813860000.0,10.971264367816092,1.6816479400749065,0.24106963340258697,0.6280775275013096,-0.003228892609423583,10.971264367816092,-0.033700017461148944,3.9969037656903765,-13.61121761658031,1.8347930853850183,-0.5440414507772021,0.0,0.009992519885114572,0.17619462502513236,1.5524344569288389,-0.012934789893438778,75.05614285714286,1.0,-2.121212121212121,-1.4961439588688947,-0.13405797101449277,0.018314366998577494,0.0,-2.096590909090909,-1.0634441087613293,-2.1801323175621494,-0.07215343670446661,0.0012008207997064983,Insurance Brokers,Financial Services,MMC
2009Q1,2009,Q1,2009-05-08,2009-03-31,176000000.0,2629000000.0,331000000.0,0.33,2629000000.0,1.0,14860000000.0,5660000000.0,4510000000.0,2797000000.0,9166000000.0,0.0,7202000000.0,10428750000.0,13012750000.0,10.990291262135923,1.6124419020378977,0.26904441453566624,0.7063604240282686,0.02370702070977817,10.990291262135923,0.03109540636042403,3.966812476226702,14.813565340909092,1.842535335689046,0.5795454545454546,0.0,0.009780654440848616,0.1769179004037685,1.4873078298176619,0.011843876177658143,-20.09393063583815,1.0,1.1243750000000003,-0.5977186642866473,-0.16509391162326456,0.03366229176305258,0.0,1.2,2.3434343434343434,-0.5506348020911128,-0.07690732568402465,0.047515128138761034,Insurance Brokers,Financial Services,MMC
2008Q4,2008,Q4,2009-02-27,2008-12-31,80000000.0,2662000000.0,99000000.0,0.1553398058252427,0.0,0.0,15206000000.0,5722000000.0,4784000000.0,3386000000.0,9484000000.0,0.0,7237000000.0,12499050000.0,14416050000.0,11.110679611650486,1.4128765505020673,0.23688017887675916,0.6295001747640685,0.011365490238729674,11.110679611650486,0.013981125480601188,4.695360631104433,39.059531250000006,2.1843848304788533,1.3,0.0,0.008320632368059973,0.1750624753386821,1.3112817483756645,0.005261081152176772,21.32943686006826,0.0,8.766990291262134,-0.7825242718446601,-0.10557372432816431,0.07009847663116957,0.0,11.0,0.4142857142857143,1.178740353497635,0.14192480825634834,0.13386972902477914,Insurance Brokers,Financial Services,MMC
2008Q3,2008,Q3,2008-11-07,2008-09-30,-8000000.0,2838000000.0,70000000.0,-0.02,0.0,0.0,16026000000.0,6916000000.0,4805000000.0,3314000000.0,9110000000.0,0.0,7157000000.0,16292880000.0,18436880000.0,13.481481481481481,1.4499094749547374,0.2249469611880694,0.521255060728745,0.046573519627411845,13.481481481481481,-0.001156737998843262,5.740972515856237,-509.15250000000003,2.3558241758241762,-12.75,0.0,0.0062604033172772395,0.17708723324597528,1.3201569100784551,-0.000499188818170473,34.81384615384616,0.0,-1.1538461538461537,-1.0231952430094844,0.035452572213049455,0.3082358674463938,0.0,-1.123076923076923,-0.6153846153846154,-1.1293147398410555,0.028929005282933625,0.35594672859087856,Insurance Brokers,Financial Services,MMC
2008Q2,2008,Q2,2008-08-08,2008-06-30,65000000.0,3048000000.0,182000000.0,0.13,0.0,0.0,16432000000.0,7532000000.0,4761000000.0,3241000000.0,8900000000.0,0.0,7273000000.0,13593600000.0,16035600000.0,14.7109375,1.4689910521443998,0.21951071080817916,0.4788900690387679,0.007571726673366921,14.7109375,0.008629845990440786,4.459842519685039,52.283076923076926,1.8047796070100903,1.5846153846153845,0.0,0.007577095103578155,0.18549172346640702,1.3292193767355753,0.003955696202531646,-755.2,0.0,1.325,-0.8142658390410958,0.1095876963350786,0.44219581879933917,0.0,1.3095238095238095,3.275,-0.590843844126506,0.02872153585271316,0.5715558231829073,Insurance Brokers,Financial Services,MMC
2008Q1,2008,Q1,2008-05-08,2008-03-31,-210000000.0,3047000000.0,-80000000.0,-0.4,0.0,0.0,16473000000.0,7523000000.0,4779000000.0,2881000000.0,8950000000.0,0.0,7313000000.0,12637650000.0,14963650000.0,14.495183044315992,1.6587990281152378,0.21920718751897045,0.47999468297221853,-0.012909000678940366,14.495183044315992,-0.02791439585271833,4.147571381686905,-15.044821428571428,1.6798684035624087,-0.49047619047619045,0.0,0.008150249453023306,0.18496934377466157,1.5116279069767442,-0.012748133309051175,-21.602820512820514,0.0,-3.442352941176471,-1.4895679745299393,0.10336795055763177,0.5074540379808637,0.0,-3.4705882352941178,-1.4848484848484849,-2.6033991890259687,-0.020285711171582926,0.5308158704319395,Insurance Brokers,Financial Services,MMC
2007Q4,2007,Q4,2008-02-29,2007-12-31,85000000.0,2925000000.0,165000000.0,0.16377649325626203,0.0,0.0,17359000000.0,7822000000.0,5454000000.0,3493000000.0,9537000000.0,0.0,7732000000.0,13737930000.0,15468930000.0,15.071290944123314,1.5614085313484112,0.22259346736563165,0.49399130657120943,0.009681914867607149,15.071290944123314,0.010866785988238302,4.696728205128205,40.40567647058823,1.756319355663513,1.1764705882352942,0.0,0.0072791170139897355,0.1685004896595426,1.433438305181792,0.004896595426003802,-32.865861244019136,0.0,-0.9545065296510383,-0.7186403833802678,0.1442459274829218,0.6098469402252085,0.0,-0.9562982005141388,-0.14948453608247422,1.1278901734104045,0.016518362025634562,0.5828432538230776,Insurance Brokers,Financial Services,MMC
2007Q3,2007,Q3,2007-11-09,2007-09-30,1945000000.0,2794000000.0,194000000.0,3.6,0.0,0.0,17543000000.0,6922000000.0,6152000000.0,4173000000.0,10621000000.0,0.0,7648000000.0,13755840000.0,14805840000.0,12.962546816479401,1.474239156482147,0.22054380664652568,0.5589425021670038,0.009497782044086354,12.962546816479401,0.2809881537127998,4.923350035790981,1.7681028277634963,1.9872637965905808,0.05295629820051414,0.0,0.007487728848256449,0.1592658040243972,1.3946800862688713,0.1108704326511999,99.68,0.0,10.612903225806452,5.517198401663472,0.09644818242766463,0.3853301132274231,0.0,9.98870056497175,-0.2893772893772894,89.36427679686106,-0.08185204667960935,0.19361733675959128,Insurance Brokers,Financial Services,MMC
2007Q2,2007,Q2,2007-08-09,2007-06-30,177000000.0,2819000000.0,273000000.0,0.31,0.0,0.0,17189000000.0,5659000000.0,6009000000.0,5315000000.0,11530000000.0,0.0,5804000000.0,16922240000.0,20754240000.0,10.326642335766424,1.130573847601129,0.2879166909069754,0.8745361371267009,0.017277685722176195,10.326642335766424,0.03127761088531543,6.002923022348351,23.90146892655367,2.990323378688814,0.5932203389830508,0.0,0.006204852312696191,0.16400023270696376,0.779868297271872,0.01029728314619815,120.87314285714285,0.0,-0.3404255319148936,-0.47609814911366005,0.07334131632778523,0.11733573019509654,0.0,-0.33955223880597013,-0.29457364341085274,-0.5665753476066274,-0.11552970197051449,-0.0415171942976399,Insurance Brokers,Financial Services,MMC
2007Q1,2007,Q1,2007-05-10,2007-03-31,268000000.0,2812000000.0,387000000.0,0.47,0.0,0.0,17228000000.0,5948000000.0,6004000000.0,4888000000.0,11280000000.0,0.0,5734000000.0,16197370000.0,19648370000.0,10.755877034358047,1.2283142389525368,0.2701416299048061,0.7824478816408877,0.02495248713985252,10.755877034358047,0.04505716207128446,5.760088904694168,15.109486940298508,2.7231624075319436,0.3917910447761194,0.0,0.006482533892848037,0.163222660784769,0.8402209492635024,0.015556071511492919,-34.53597014925373,0.0,0.1500442477876105,-0.36464867577459187,0.057523736321805165,0.10337338353204971,-1.0,0.18584070796460178,-0.03970223325062035,-0.42952829653175917,-0.16834260026026257,0.01161509190934696,Insurance Brokers,Financial Services,MMC
