Quarters,Year,Quarter,FillingDate,Date,NetIncome,Revenue,OperatingIncome,EPSDiluted,GrossProfit,GrossProfitRatio,TotalAssets,CommonStockEquity,CurrentAssets,CurrentLiability,TotalLiability,Inventory,RetainedEarnings,MarketCap,EnterpriseValue,bookValuePerShare,currentRatio,debtToAssets,debtToEquity,roic,shareholdersEquityPerShare,roe,priceToSalesRatio,peRatio,pbRatio,payoutRatio,inventoryTurnover,dividendYield,assetTurnover,quickRatio,returnOnAssets,priceToFreeCashFlowsRatio,grossProfitMargin,epsdilutedGrowth,fiveYNetIncomeGrowthPerShare,fiveYRevenueGrowthPerShare,fiveYShareholdersEquityGrowthPerShare,grossProfitGrowth,netIncomeGrowth,operatingIncomeGrowth,threeYNetIncomeGrowthPerShare,threeYRevenueGrowthPerShare,threeYShareholdersEquityGrowthPerShare,Industry,Sector,Symbol
2023Q1,2023,Q1,2023-05-15,2023-03-31,260000.0,0.0,178000.0,0.01,0.0,0.0,18750000.0,-25953000.0,14014000.0,6844000.0,44703000.0,0.0,-410676000.0,7815992.112,-283007.88800000027,-0.6873434521193897,2.0476329631794274,0.0,0.0,-0.006508115034448853,-0.6873434521193897,-0.010018109659769583,0.0,7.51537703076923,-0.3011594849150387,29.861538461538462,0.0,0.993347983051291,0.0,1.9139392168322618,0.013866666666666666,-1.2573989884169883,0.0,1.0078125,1.0122772313858726,-1.0,-1.0432547908231,1.0,1.0064270529490285,1.0044197248845408,1.0247919804599424,-1.0,-1.1028520149429655,Biotechnology,Healthcare,CBIO
2022Q4,2022,Q4,2023-03-30,2022-12-31,-40454000.0,-794000.0,-40274000.0,-1.28,-1592000.0,2.0050377834,28444000.0,-21689000.0,28206000.0,16824000.0,50133000.0,0.0,-410936000.0,16640368.882499998,-4987631.117500002,-0.6875416993929732,1.6765335235378032,0.0013359583743495992,-0.001752040204712066,1.8795844046174508,-0.6875416993929732,1.8651851168795242,-20.95764342884131,-0.1028351268261482,-0.7672261921941999,-1.1131408513373213,0.0,2.7061299132230943,-0.027914498664041627,1.5849976224441273,-1.4222331598931233,-11.281606022033897,2.005037783375315,-7.533333333333334,-1.0038735454710015,-1.7115355416209332,-1.2008439689751196,0.0,-7.790525858322469,-6.795973674022455,-0.37496328984782834,0.0,-1.1468174689599726,Biotechnology,Healthcare,CBIO
2022Q3,2022,Q3,2022-11-14,2022-09-30,-4602000.0,0.0,-5166000.0,-0.15,0.0,0.0,31019000.0,29375000.0,30246000.0,1644000.0,1644000.0,0.0,-370482000.0,15868209.168,-6840790.832,0.932997532566934,18.3978102189781,0.012282794416325477,0.012970212765957447,-0.16151964179305983,0.932997532566934,-0.15666382978723403,0.0,-0.8620278774445893,0.5401943546553192,0.0,0.0,0.0,0.0,17.086374695863746,-0.14836068216254553,-2.1805976594750582,0.0,-1.0914634146341462,0.8912374200136861,-1.0,-0.8383673829684408,0.0,-1.0891307716145027,-1.1002522802251116,0.8616944832053387,0.0,-0.8619810661114545,Biotechnology,Healthcare,CBIO
2022Q2,2022,Q2,2022-08-15,2022-06-30,51632000.0,0.0,51530000.0,1.64,0.0,0.0,83373000.0,79062000.0,81308000.0,4311000.0,4311000.0,0.0,-365598000.0,56029154.34,-17949845.659999996,2.511734500685309,18.860589190443054,0.016971921365430055,0.017897346386380308,0.6304864760545118,2.511734500685309,0.6530570944322177,0.0,0.2712908387240471,0.7086736275328223,0.0,0.0,0.0,0.0,18.64857341684064,0.619289218332074,-4.5574389409468035,0.0,4.565217391304348,2.0822994321843202,-1.0,-0.6790402921060619,1.0,4.592791037506089,4.505203727637576,2.4272169491054965,0.0,-0.6765649591262712,Biotechnology,Healthcare,CBIO
2022Q1,2022,Q1,2022-05-09,2022-03-31,-14371000.0,794000.0,-14701000.0,-0.46,-4000.0,-0.0050377834,40274000.0,27084000.0,36703000.0,13190000.0,13190000.0,0.0,-417230000.0,20761019.400000002,-12146980.599999998,0.8610097440590996,2.7826383623957542,0.04740030789094701,0.07048441884507459,-0.4703296571044429,0.8610097440590996,-0.5306084773297888,26.147379596977334,-0.3611617041263656,0.7665418475852902,0.0,0.0,0.0,0.019714952574862193,2.6824109173616377,-0.356830709638973,-1.7229061742738592,-0.005037783375314861,0.2923076923076923,0.8999670744354588,-0.9156086996354793,-0.9436169299952833,0.9983700081499592,0.2944324430479183,0.27545588960078854,0.6376269465631746,0.0,-0.9026521620968017,Biotechnology,Healthcare,CBIO
2021Q4,2021,Q4,2022-03-31,2021-12-31,-20368000.0,0.0,-20290000.0,-0.65,-2454000.0,0.0,55662000.0,41089000.0,51476000.0,14165000.0,14573000.0,0.0,-402694000.0,28681096.07,-13280903.93,1.309411115542489,3.6340275326509,0.04284790341705293,0.05804473216675996,-0.46761110504614783,1.309411115542489,-0.4957044464455207,0.0,-0.3520362341663394,0.6980237063447639,0.0,0.0,0.0,0.0,3.435863042710907,-0.36592289173942727,-1.5913608206180991,0.0,0.18750000000000003,0.8431737433769002,-1.0,-0.926178251358656,-305.75,0.19296299231317854,0.19576677632882794,0.2834423443703627,0.0,-0.869396369251336,Biotechnology,Healthcare,CBIO
2021Q3,2021,Q3,2021-11-12,2021-09-30,-25238000.0,2299000.0,-25229000.0,-0.8,-8000.0,-0.0034797738147020443,78537000.0,60736000.0,73964000.0,17251000.0,17801000.0,0.0,-382365000.0,128970793.05000001,72207793.05000001,1.9355154302511284,4.287519564083242,0.03048244776347454,0.03941649104320337,-0.3850344911788047,1.9355154302511284,-0.41553609062170704,56.098648564593304,-1.2775456954790396,2.1234653755598,0.0,0.0,0.0,0.02927282682047952,3.8051127470871253,-0.32135171957166686,-5.837895756382402,-0.0034797738147020443,-0.25000000000000006,0.8668586058008078,-0.46913993702002044,-0.9220225419908007,-0.14285714285714285,-0.26645925331192294,-0.26689765993773223,-0.24840869019900164,0.0,-0.822122675017448,Biotechnology,Healthcare,CBIO
2021Q2,2021,Q2,2021-08-05,2021-06-30,-19928000.0,1132000.0,-19914000.0,-0.64,-7000.0,-0.006183745583038869,101786000.0,85164000.0,96826000.0,15568000.0,16622000.0,0.0,-357127000.0,135739446.66,64986446.66,2.7166761694827732,6.219552929085303,0.028176763012595054,0.033676201211779624,-0.21907590759075907,2.7166761694827732,-0.23399558498896247,119.91117196113073,-1.7028734275893216,1.5938594554036916,0.0,0.0,0.0,0.011121372290884798,5.684352517985611,-0.1957833100819366,-6.631140530532487,-0.006183745583038869,0.189873417721519,0.8996231579901346,-0.7471828462948609,-0.9117108010963609,0.46153846153846156,0.11186380247793921,0.1124877440057046,-0.1707998876268351,0.0,-0.7632005030670377,Biotechnology,Healthcare,CBIO
2021Q1,2021,Q1,2021-05-06,2021-03-31,-22438000.0,1467000.0,-22438000.0,-0.79,-13000.0,-0.008861622358554875,119076000.0,104089000.0,116520000.0,14181000.0,14987000.0,0.0,-337199000.0,143062577.28,61502577.28,3.6669866430075824,8.21662788237783,0.01246262890926803,0.014257030041599016,-0.20958928421308276,3.6669866430075824,-0.21556552565592907,97.52050257668712,-1.5939764827524734,1.3744255135509036,0.0,0.0,0.0,0.01231986294467399,7.616247091178337,-0.18843427726829923,-5.873812501231729,-0.008861622358554875,0.07774517533188764,0.8323077552747185,-0.6386993204274772,-0.9001650472743503,0.0,-0.18675622785211826,-0.19091343346956105,-0.4093845146572958,76.43317313261252,-0.7692351040730598,Biotechnology,Healthcare,CBIO
2020Q4,2020,Q4,2021-03-04,2020-12-31,-18907000.0,2031000.0,-18841000.0,-0.8565962235917755,0.0,0.0,94846000.0,76069000.0,89510000.0,17796000.0,18777000.0,0.0,-314761000.0,139275853.32999998,110559853.32999998,3.446364739641549,5.029781973477186,0.017333361449085885,0.021611957564842445,-0.2374207694343284,3.446364739641549,-0.24855065795527745,68.5750139487937,-1.8415911214100595,1.8309147396442702,0.0,0.0,0.0,0.021413660038378003,4.645257361204765,-0.19934420007169518,-6.286997396740847,0.0,-0.17341948437229518,0.8727612303432419,-0.35672358705219526,-0.9164307272791009,1.0,-0.17925528597268134,-0.17024844720496896,-0.3385219045263433,1.60123767768602,0.006748497518967387,Biotechnology,Healthcare,CBIO
2020Q3,2020,Q3,2020-11-05,2020-09-30,-16033000.0,893000.0,-16100000.0,-0.73,-18000.0,-0.020156774916013438,111804000.0,94059000.0,107972000.0,16820000.0,17745000.0,0.0,-295854000.0,94910644.89999999,71431644.89999999,4.261415570678522,6.419262782401902,0.012915459196450933,0.015352066256285948,-0.16607012078764685,4.261415570678522,-0.17045684091899765,106.28291702127659,-1.47992647820121,1.0090543690662244,0.0,0.0,0.0,0.007987191871489392,6.20909631391201,-0.14340274051017854,-7.188566606074376,-0.020156774916013438,0.23958333333333331,0.9481237706897504,-0.8661075963269899,-0.9575428549646859,0.7857142857142857,0.07044294990723562,0.07263406485801509,0.45949640037948625,-0.45158204444817207,-0.2617517979358742,Biotechnology,Healthcare,CBIO
2020Q2,2020,Q2,2020-08-06,2020-06-30,-17248000.0,1658000.0,-17361000.0,-0.96,-84000.0,-0.05066344993968637,123684000.0,108961000.0,121345000.0,13664000.0,14723000.0,0.0,-279821000.0,105022958.25,47315958.25,6.090107159974234,8.88063524590164,0.004099155913456874,0.004653040996319784,-0.1563575121134067,6.090107159974234,-0.15829516983140757,63.3431593787696,-1.522248351258117,0.9638582451519351,0.0,0.0,0.0,0.013405129200219915,8.734777517564403,-0.13945215225898258,-6.93129344310982,-0.05066344993968637,-2.428571428571428,0.9282452367115883,0.0,-0.9802524155852804,-1.0070665432825776,-3.255613126079447,-2.425611681136543,0.36391501295865164,2.2373797068207115,-0.22178119758485978,Biotechnology,Healthcare,CBIO
2020Q1,2020,Q1,2020-05-11,2020-03-31,-4053000.0,16366000.0,-5068000.0,-0.28,11887000.0,0.7263228644751314,110563000.0,97519000.0,108275000.0,11853000.0,13044000.0,0.0,-262573000.0,63769010.870000005,-4908989.129999995,6.68283895556682,9.134818189487893,0.004477085462586941,0.005075933920569325,-0.05083249749247743,6.68283895556682,-0.041561131676903985,3.8964322907246736,-3.9334450326918335,0.6539137077902768,0.0,0.0,0.0,0.14802420339534925,8.933940774487471,-0.03665783309063611,-13.265864545454546,0.7263228644751314,0.6997879294636297,0.9867597015167351,5.016513590942788,-0.9791635227352955,0.0,0.7022042615723733,0.6376635447200972,0.9391852284314383,2.7496973715156963,-0.5623754791837666,Biotechnology,Healthcare,CBIO
2019Q4,2019,Q4,2020-01-14,2019-12-31,-13610000.0,0.0,-13987000.0,-0.9326740243979575,0.0,0.0,98554000.0,68336000.0,96066000.0,28899000.0,30218000.0,0.0,-258520000.0,99374591.30999999,85807591.30999999,4.682969296933051,3.3241980691373403,0.004900866530024149,0.007068016857878717,-0.19805723510004106,4.682969296933051,-0.19916295949426363,0.0,-1.8253966074577515,1.4542055623682977,0.0,0.0,0.0,0.0,3.1788297172912556,-0.13809688089778194,-12.286670537833826,0.0,0.12011884490758727,0.9351338113856968,-1.0,-0.9861822247735882,0.0,-0.07114748937509838,-0.06002273588480485,0.7746540174779412,-1.0,-0.7359843839494992,Biotechnology,Healthcare,CBIO
2019Q3,2019,Q3,2019-11-07,2019-09-30,-12706000.0,0.0,-13195000.0,-1.06,0.0,0.0,91792000.0,81272000.0,89138000.0,9077000.0,10520000.0,0.0,-244910000.0,59031064.2,37928064.2,6.759924209531699,9.820204913517681,0.00514206031026669,0.005807658234078157,-0.15772361610824898,6.759924209531699,-0.15633920661482428,0.0,-1.1614800920824808,0.7263395043803524,0.0,0.0,0.0,0.0,9.358818993059382,-0.13842164894544187,-6.48621736072959,0.0,0.07826086956521727,0.9300123232726887,-1.0,-0.9807309021677552,0.0,0.07793904208998549,0.08246992559627286,0.8250485914816309,-1.0,-0.7276582258371691,Biotechnology,Healthcare,CBIO
2019Q2,2019,Q2,2019-08-01,2019-06-30,-13780000.0,0.0,-14381000.0,-1.15,0.0,0.0,100873000.0,93111000.0,98057000.0,6196000.0,7762000.0,0.0,-232204000.0,88964805.72,73643805.72,7.765808225046051,15.825855390574564,0.00457010300080299,0.004951079893890088,-0.15043044383309448,7.765808225046051,-0.1479954033358035,0.0,-1.614020423076923,0.9554704140219739,0.0,0.0,0.0,0.0,15.160587475790832,-0.13660741724742995,-7.725992680851064,0.0,0.08730158730158738,0.954545001692146,-1.0,-0.978645387847621,0.0,0.08638864947291652,0.08482881506936489,0.8185224615787591,-1.0,-0.747619169803685,Biotechnology,Healthcare,CBIO
2019Q1,2019,Q1,2019-05-02,2019-03-31,-15083000.0,0.0,-15714000.0,-1.26,0.0,0.0,111870000.0,105814000.0,109002000.0,4370000.0,6056000.0,0.0,-218425000.0,106834822.97999999,83946822.97999999,8.84467249201034,24.94324942791762,0.004022526146419952,0.004252745383408623,-0.14496309963099632,8.84467249201034,-0.14254257470656057,0.0,-1.7707820556255385,1.0096473338121608,0.0,0.0,0.0,0.0,24.090846681922198,-0.13482613748100475,-7.135164828691644,0.0,-0.3909894792621132,0.9729846920482427,-1.0,-0.9770938369639881,0.0,-0.3918058503275814,-0.34491612461485793,0.7325450144257106,-1.0,-0.7592007972547501,Biotechnology,Healthcare,CBIO
2018Q4,2018,Q4,2019-03-08,2018-12-31,-10837000.0,0.0,-11684000.0,-0.90583,0.0,0.0,124920000.0,119945000.0,123991000.0,4801000.0,4975000.0,0.0,-203342000.0,94392693.53999999,63179693.53999999,10.025840078384524,25.826077900437408,0.0,0.0,-0.09741131351869607,10.025840078384524,-0.09034974363249823,0.0,-2.1775559089231336,0.7869664724665472,0.0,0.0,0.0,0.0,25.021245573838783,-0.086751520973423,-10.275712338340952,0.0,-0.41535937500000003,0.9782659939414474,-1.0,-0.9761145314292472,0.0,-0.4085001299714063,-0.4001198322348712,0.8654477380356631,-1.0,-0.7568881337110647,Biotechnology,Healthcare,CBIO
2018Q3,2018,Q3,2018-10-25,2018-09-30,-7694000.0,0.0,-8345000.0,-0.64,0.0,0.0,133416000.0,129951000.0,132809000.0,3304000.0,3465000.0,0.0,-192505000.0,125876363.66,89878363.66,10.88118134473285,40.19642857142857,0.0,0.0,-0.06421651237774238,10.88118134473285,-0.059206931843541026,0.0,-4.0900820009098,0.9686448250494416,0.0,0.0,0.0,0.0,39.11047215496368,-0.0576692450680578,-17.925998812304186,0.0,-0.18518518518518512,0.9840002243236389,0.0,-0.9762386791734512,0.0,-0.18697932736809628,-0.17303907787461345,0.9539903762342649,-1.0,-0.8915891006529276,Biotechnology,Healthcare,CBIO
2018Q2,2018,Q2,2018-08-02,2018-06-30,-6482000.0,0.0,-7114000.0,-0.54,0.0,0.0,139542000.0,136963000.0,138977000.0,2439000.0,2579000.0,0.0,-184811000.0,139321139.67,92788139.66999999,11.472474412611874,56.981139811398116,0.0,0.0,-0.05194103517008243,11.472474412611874,-0.04732665026320977,0.0,-5.3733855164301145,1.0172173482619393,0.0,0.0,0.0,0.0,55.82041820418204,-0.046451964283154894,-18.786561444174755,0.0,0.03571428571428574,0.9859441198760249,0.0,-0.9767724839871145,0.0,-0.28560095200317337,-0.06512951040574937,0.9595870081893698,0.0,-0.9627997256932141,Biotechnology,Healthcare,CBIO
2018Q1,2018,Q1,2018-04-17,2018-03-31,-5042000.0,6000.0,-6679000.0,-0.56,0.0,0.0,145886000.0,142851000.0,145433000.0,2900000.0,3035000.0,0.0,-178329000.0,231933460.20000002,105383460.20000002,15.890573946604707,50.14931034482758,0.0,0.0,-0.04675501046545001,15.890573946604707,-0.035295517707261415,38655.576700000005,-11.500072401824672,1.6236040363735642,0.0,0.0,0.0,4.112800405796307e-05,49.48896551724138,-0.03456123274337496,-43.7197851460886,0.0,0.12494530908181749,0.977738082566722,-0.9999395693955782,-0.9699775008559843,0.0,0.12358769337736833,-0.14582261108251846,0.9732632536633116,-0.9964195455917232,-0.9504546518383888,Biotechnology,Healthcare,CBIO
2017Q4,2017,Q4,2018-03-19,2017-12-31,-5753000.0,318000.0,-5829000.0,-0.63996,0.0,0.0,39513000.0,30774000.0,39109000.0,8739000.0,8739000.0,0.0,-173494000.0,122619085.16000001,113232085.16000001,3.4232628587326186,4.475225998397986,0.12869182294434742,0.16523688828231625,-0.16255333389107338,3.4232628587326186,-0.18694352375381815,385.59460742138367,-5.3284844933078395,3.9845026697861834,0.0,0.0,0.0,0.008047984207729102,3.71518480375329,-0.14559765140586642,-19.34970572195045,0.0,0.5224179104477612,0.9870921878517265,-0.9808084391470901,-0.9937710296179062,0.0,0.0069048852062834455,0.008336168764886015,0.9554918880492288,-0.9103476770210986,-0.9898991700086801,Biotechnology,Healthcare,CBIO
2017Q3,2017,Q3,2017-11-02,2017-09-30,-5793000.0,318000.0,-5878000.0,-1.34,0.0,0.0,34393000.0,24882000.0,34078000.0,9511000.0,9511000.0,0.0,-167741000.0,21811438.66,16326438.66,5.772334505879861,3.5830091473031227,0.15956735382199866,0.22056104814725505,-0.19354626275930195,5.772334505879861,-0.23281890523269833,68.58942974842768,-0.941284250819955,0.8765950751547302,0.0,0.0,0.0,0.00924606751373826,2.8915992009252443,-0.16843543744366588,-4.425124499898559,0.0,0.11584716011570519,0.9455900377934277,-0.9693583677391412,-0.9903377838657731,0.0,0.014293006636038795,0.01110363391655451,0.9110017268784306,-0.05026721115882598,-0.9835460169572008,Biotechnology,Healthcare,CBIO
2017Q2,2017,Q2,2017-08-03,2017-06-30,-5877000.0,111000.0,-5944000.0,-1.5155750675136213,0.0,0.0,39630000.0,30346000.0,39272000.0,9284000.0,9284000.0,0.0,-161948000.0,18031472.400000002,-8586527.599999998,7.825700357115595,4.230073244291254,0.1455967701236437,0.19014038093982732,-0.164580795215417,7.825700357115595,-0.19366638107164041,162.44569729729733,-0.7670355793772334,0.5941960192447111,0.0,0.0,0.0,0.002800908402725208,3.503123653597587,-0.14829674489023467,-4.0962000000000005,0.0,0.6683643178307174,-1.0332758247900098,-0.9997292902425764,-0.9873192991137393,0.0,-0.42025132914451424,-0.42507791896427716,0.940058968823812,-0.7441414483433976,-0.9784806949767361,Biotechnology,Healthcare,CBIO
2017Q1,2017,Q1,2017-04-11,2017-03-31,-4138000.0,271000.0,-4171000.0,-4.57,0.0,0.0,29060000.0,13836000.0,28536000.0,15224000.0,15224000.0,0.0,-152120000.0,8544032.64,6662032.640000001,15.270714134350499,1.8744088281660536,0.4353406744666208,0.9143538594969645,-0.157473477555027,15.270714134350499,-0.2990748771321191,31.527795719557197,-0.516193368777187,0.6175218733738074,0.0,0.0,0.0,0.009325533379215416,0.9695218076720967,-0.14239504473503098,-1.9892974714784635,0.0,-0.10417144859079228,-1.642916048011575,-0.9958386899662971,-0.9728255256971615,0.0,-0.10346666666666667,0.20095785440613026,0.902136025945795,0.1049552879490183,-0.9604515070565084,Biotechnology,Healthcare,CBIO
2016Q4,2016,Q4,2017-03-08,2016-12-31,-3750000.0,71000.0,-5220000.0,-4.13885,0.0,0.0,38090000.0,16071000.0,37521000.0,21965000.0,22019000.0,0.0,-147982000.0,8835327.072,17974327.072,17.73747086247086,1.7082176189392215,0.5093987923339459,1.207329973243731,-0.14715002537069402,17.73747086247086,-0.2333395557214859,124.44122636619718,-0.5890218048,0.5497683449691992,0.0,0.0,0.0,0.0018640063008663692,0.7782836330525836,-0.09845103701758992,-1.7327568291821926,0.0,0.3101882176077548,0.8657656448715625,-0.9986846426674487,-0.9676365042534292,0.0,0.21400125759798785,0.0861344537815126,0.9006947639757482,-0.7297798459821919,-0.9577424136533348,Biotechnology,Healthcare,CBIO
2016Q3,2016,Q3,2016-11-03,2016-09-30,-4771000.0,109000.0,-5712000.0,-5.99997,0.0,0.0,51616000.0,19604000.0,50775000.0,31994000.0,32012000.0,0.0,-144232000.0,14334869.999999998,34684870.0,24.82147379083312,1.5870163155591674,0.5747636391816491,1.5133136094674555,-0.11593026323801019,24.82147379083312,-0.24336870026525198,131.51256880733942,-0.7511459861664221,0.7312216894511324,0.0,0.0,0.0,0.002111748295102294,0.6134275176595612,-0.09243257904525728,-2.7937770415123753,0.0,0.04761912320520937,0.7879091989522029,-0.9976855083667325,-0.9566491539239227,0.0,0.012828470929029587,-0.16215666327568667,0.8499770930314855,0.0,-0.9457971535032588,Biotechnology,Healthcare,CBIO
2016Q2,2016,Q2,2016-08-04,2016-06-30,-4833000.0,109000.0,-4915000.0,-6.299969,0.0,0.0,57219000.0,23482000.0,56291000.0,33635000.0,33737000.0,0.0,-139461000.0,17399614.8,36410614.8,30.77019842991007,1.6735840642188198,0.5303133574511962,1.2922238310195042,-0.09131274848586185,30.77019842991007,-0.20581722170172898,159.62949357798166,-0.9000421477343264,0.7409766970445447,0.0,0.0,0.0,0.0019049616386165435,0.7257915861453843,-0.08446495045352069,-4.487906835181842,0.0,-0.35483874436368185,0.178916313487002,-0.9979850831993856,-0.9523845340009351,0.0,-0.3454899777282851,-0.07502187226596675,0.8360515977576891,0.0,-0.9377017327696364,Biotechnology,Healthcare,CBIO
2016Q1,2016,Q1,2016-05-05,2016-03-31,-3592000.0,109000.0,-4572000.0,-4.649977,0.0,0.0,61543000.0,27989000.0,60736000.0,33331000.0,33554000.0,0.0,-134629000.0,19202652.0,29558652.0,36.730489101192894,1.822207554528817,0.5026729278715695,1.1052913644646112,-0.07759015697921086,36.730489101192894,-0.12833613205187752,176.17111926605506,-1.3364874721603561,0.6860785308514059,0.0,0.0,0.0,0.001771119379945729,0.8435090456331943,-0.058365695529954666,-3.9732364990689013,0.0,0.3092925977056531,-1.1034200547410715,-0.9989869768314262,-0.9056992507902268,0.0,0.29980506822612085,0.02391118701964133,0.8128977177898615,-0.9870486447458765,-0.9306040750129443,Biotechnology,Healthcare,CBIO
2015Q4,2015,Q4,2016-03-09,2015-12-31,-5130000.0,109000.0,-4684000.0,-6.732195115549665,0.0,0.0,69521000.0,31425000.0,68698000.0,37756000.0,38096000.0,0.0,-131037000.0,35776369.5,40423369.5,41.2396162780016,1.8195253734505774,0.4853641345780412,1.0737629276054097,-0.07187576724772894,41.2396162780016,-0.16324582338902147,328.2235733944954,-1.7434877923976608,1.1384684009546542,0.0,0.0,0.0,0.0015678715783720026,0.8737684076703041,-0.07379065318393004,-6.82755143129771,0.0,0.5174029464269954,0.14088603976917644,-0.9983187135375459,-0.876005912075133,0.0,-0.015640467234211048,-0.20566280566280568,0.86421285472515,-0.9223944634384663,-0.9249603787482197,Biotechnology,Healthcare,CBIO
2015Q3,2015,Q3,2015-11-05,2015-09-30,-5051000.0,109000.0,-3885000.0,-13.94993,0.0,0.0,74513000.0,36206000.0,72854000.0,37906000.0,38307000.0,0.0,-125907000.0,25214747.400000002,36893747.400000006,100.36980977251432,1.9219648604442567,0.4666970864144512,0.9604761641716842,-0.05473295670672434,100.36980977251432,-0.13950726398939403,231.32795779816516,-1.2480076915462286,0.6964245539413357,0.0,0.0,0.0,0.001462831989048891,0.9868886192159553,-0.06778682914390778,-5.855723966558291,0.0,-0.02197701162898455,-2.5353715798463803,-0.9962212591991334,-0.6972233682072618,0.0,-0.16489852398523985,0.11644302933818512,0.4330971849941712,-0.8744930940196529,-0.831992620250019,Biotechnology,Healthcare,CBIO
2015Q2,2015,Q2,2015-07-31,2015-06-30,-4336000.0,0.0,-4397000.0,-13.649945,0.0,0.0,101174000.0,99531000.0,100191000.0,1643000.0,1643000.0,0.0,-324344000.0,1219505.5993759905,-76978494.400624,308.3975757275296,60.98052343274498,0.0,0.0,-0.04417719102591153,308.3975757275296,-0.043564316645065354,0.0,-0.07031282284225038,0.012252520314032718,0.0,0.0,0.0,0.0,60.73280584297018,-0.04285686045822049,-0.22595990353455447,0.0,0.3500000190476952,-1.96454781475602,-1.0,-0.026626313144541103,0.0,0.3578199052132701,0.35556206947090724,-1.294980453008642,-1.0,-0.5002750893352413,Biotechnology,Healthcare,CBIO
2015Q1,2015,Q1,2015-05-07,2015-03-31,-6752000.0,60000.0,-6823000.0,-20.999916,0.0,0.0,107136000.0,103233000.0,105236000.0,3903000.0,3903000.0,0.0,-320008000.0,1294703.976947712,-71818296.02305229,320.72786923954004,26.96284909044325,0.0,0.0,-0.0662994103645052,320.72786923954004,-0.06540544205825656,21.5783996157952,-0.04793779535499526,0.012541570785966814,0.0,0.0,0.0,0.0005600358422939068,26.858057904176274,-0.0630227001194743,-0.291140988744707,0.0,-0.4605151172938634,-1.8324040164272322,-0.997424822724875,0.10533011537443324,0.0,-0.4589455488331893,-0.44218981187909534,-3.953014438987569,-0.9974065290371941,-0.42925974750264995,Biotechnology,Healthcare,CBIO
2014Q4,2014,Q4,2015-03-16,2014-12-31,-4628000.0,127000.0,-4731000.0,-14.378431110600209,0.0,0.0,111999000.0,109085000.0,108141000.0,2914000.0,2914000.0,0.0,-313256000.0,1146488.706856604,-55283511.2931434,338.90906605441313,37.110844200411805,0.0,0.0,-0.04352030834743358,338.90906605441313,-0.04242563138836687,9.027470132729166,-0.06193219030124266,0.010510049107178841,0.0,0.0,0.0,0.0011339386958812132,36.899794097460536,-0.04132179751604925,-0.37565160775118084,0.0,0.02187150883121176,0.8531866733955215,-0.9689648318888648,0.32453607292907155,0.0,0.047736625514403296,0.051523656776263034,0.5336681052050792,-0.9933769432073539,-0.38163212767085775,Biotechnology,Healthcare,CBIO
2014Q3,2014,Q3,2014-11-06,2014-09-30,-4860000.0,25000.0,-4988000.0,-14.699941,0.0,0.0,116121000.0,112909000.0,98989000.0,3212000.0,3212000.0,0.0,-308628000.0,1102810.3174614876,-44126189.68253851,350.8168502948615,30.818493150684933,0.004116395828489249,0.00423349777254249,-0.04409072753267092,350.8168502948615,-0.04304351291748222,44.1124126984595,-0.05672892579534401,0.00976724900106712,0.0,0.0,0.0,0.00021529266885404017,30.502179327521795,-0.04185289482522541,-0.143669921503581,0.0,0.41666666997355817,-3.708833312878804,-0.9985320703461511,0.7923116042476847,0.0,0.4026548672566372,0.3945867216895254,0.469826887929521,-0.9986973188185886,-0.38729636256959954,Biotechnology,Healthcare,CBIO
2014Q2,2014,Q2,2014-08-07,2014-06-30,-8136000.0,36000.0,-8239000.0,-25.199899,0.0,0.0,124515000.0,117018000.0,98747000.0,7497000.0,7497000.0,0.0,-303768000.0,1965470.0164130875,-40752529.983586915,363.65953029874544,13.171535280778977,0.005613781472111794,0.005973439983592268,-0.07037915625456549,363.65953029874544,-0.06952776495923704,54.59638934480799,-0.06039423600089379,0.01679630498225134,0.0,0.0,0.0,0.00028912179255511386,13.037615046018407,-0.06534152511745572,-0.22051722387670677,0.0,0.4545454565131917,0.37718777819873606,-0.9906000713326751,0.9547234111760602,0.0,0.45756383758917263,0.2991663831235114,-2.278148758405522,-0.9984217339663959,-0.4372536127897054,Biotechnology,Healthcare,CBIO
2014Q1,2014,Q1,2014-05-08,2014-03-31,-14999000.0,87000.0,-11756000.0,-46.199815,0.0,0.0,134108000.0,124101000.0,98479000.0,9865000.0,10007000.0,0.0,-295632000.0,2067624.48016908,-42055375.51983092,386.12632233976353,9.982665990876837,0.006845229218242014,0.007397200667198491,-0.12172361866241865,386.12632233976353,-0.12086123399489125,23.765798622633103,-0.0344627055165191,0.01666082046211618,0.0,0.0,0.0,0.0006487308736242432,9.892346680182463,-0.11184269394816118,-0.13927148593352284,0.0,-0.09999999523807628,-1.372419625811226,-0.9895196272779476,0.7220544465063561,0.0,-0.12217566960945683,0.11662158100390742,-2.02387169889974,-0.9980829787321643,-0.008670933133000587,Biotechnology,Healthcare,CBIO
2013Q4,2013,Q4,2014-03-14,2013-12-31,-13366000.0,93000.0,-13308000.0,-41.999832,0.0,0.0,145873000.0,134611000.0,93606000.0,10979000.0,11262000.0,0.0,-280633000.0,1802493.9810795665,-51546506.01892044,419.746426522314,8.525913106840331,0.007787596059586078,0.008439132017442855,-0.09808668535174146,419.746426522314,-0.09929351984607498,19.381655710532975,-0.03371416244724612,0.013390391432197713,0.0,0.0,0.0,0.0006375408745963955,8.434921213225248,-0.09162764870812282,-0.16139810002503283,0.0,-0.05263158950010828,-0.825286985804196,-0.9894214220793937,0.7394898273194431,0.0,-0.03596341652456984,-0.012323140118667275,-4.318657145984747,-0.9965914843345113,0.26204072718589716,Biotechnology,Healthcare,CBIO
2013Q3,2013,Q3,2013-11-06,2013-09-30,-12902000.0,0.0,-13146000.0,-39.89984,0.0,0.0,157847000.0,146733000.0,98590000.0,10636000.0,11114000.0,0.0,-267267000.0,2304787.0850044587,-58083212.91499554,457.9367209492482,9.269462203836028,0.008558920980443087,0.009207199471148276,-0.08877393911563707,457.9367209492482,-0.08792841419448931,0.0,-0.04465949242374164,0.01570735339020165,0.0,0.0,0.0,0.0,9.100037608123355,-0.08173737860079698,-0.23738666031563072,0.0,-0.027027006156652506,-0.250825520762584,-1.0,0.7475285097830793,0.0,-0.042922964998787484,-0.052690582959641255,-5.415178697392893,-1.0,0.38141676523525314,Biotechnology,Healthcare,CBIO
2013Q2,2013,Q2,2013-08-07,2013-06-30,-12371000.0,0.0,-12488000.0,-38.849845,0.0,0.0,167486000.0,158181000.0,102521000.0,8606000.0,9305000.0,0.0,-254365000.0,1891118.1371757623,-59602881.86282424,493.91740409295005,11.912735300952823,0.009344064578531937,0.00989372933538162,-0.0781741013859502,493.91740409295005,-0.07820787578786327,0.0,-0.03821675970365698,0.011955406383672896,0.0,0.0,0.0,0.0,11.655240529862887,-0.07386289003259974,-0.18119365116180533,0.0,-0.5416666947752451,-0.34687908604998374,-1.0,0.6909605619637468,0.0,-0.5337217951896851,-0.5093062605752962,-3.7732353004496417,-1.0,0.558916938597439,Biotechnology,Healthcare,CBIO
2013Q1,2013,Q1,2013-05-08,2013-03-31,-8066000.0,3536000.0,-8274000.0,-25.199899,0.0,0.0,178745000.0,169455000.0,111627000.0,8372000.0,9290000.0,0.0,-241994000.0,1864499.5560315035,-66220500.44396849,529.2888466872399,13.33337314859054,0.009935942264119276,0.010480658581924405,-0.04832068959475796,529.2888466872399,-0.04759965772624,0.527290598425199,-0.057788853088008414,0.011002918509524675,0.0,0.0,0.0,0.019782371534868108,13.165551839464882,-0.04512573778287505,-0.19856225303849878,0.0,0.4893617103192895,0.010784898316530329,-0.41368674375652076,0.5972290485958713,0.0,0.49174543163201007,0.4911439114391144,-1.9997240850236357,-0.8474232565594967,0.8240974922521099,Biotechnology,Healthcare,CBIO
2012Q4,2012,Q4,2013-03-15,2012-12-31,-15870000.0,590000.0,-16260000.0,-49.349803,0.0,0.0,189579000.0,175915000.0,127743000.0,11349000.0,13664000.0,0.0,-233928000.0,1898826.0635486941,-78354173.9364513,549.5712210437526,11.255881575469205,0.010481118689306306,0.011295227808884973,-0.09082063369118705,549.5712210437526,-0.09021402381832135,3.218349260252024,-0.029912193817717297,0.010793997462119172,0.0,0.0,0.0,0.003112159047151847,11.132346462243369,-0.08371180352254205,-0.16097202980236472,0.0,-0.9583333647488034,-0.4718352117996326,-0.8823523965067234,1.4183701516290301,-1.0,-1.014215001903795,-1.0079031859718448,0.4937651786905461,-0.8550209158843832,1.1478531553925897,Biotechnology,Healthcare,CBIO
2012Q3,2012,Q3,2012-11-08,2012-09-30,-7879000.0,768000.0,-8098000.0,-25.199899,768000.0,1.0,203499000.0,190570000.0,148097000.0,9810000.0,12929000.0,0.0,-218058000.0,2052133.3795211425,-73954866.62047885,597.4131012689974,15.096534148827727,0.010786293790141475,0.011518077346906649,-0.04200970093118564,597.4131012689974,-0.04134438788896468,2.6720486712514875,-0.06511401762663861,0.010768396807058522,0.0,0.0,0.0,0.003773974319284124,14.908053007135576,-0.03871763497609325,-0.19724465393321247,1.0,-1.558139535398802,0.35860639869415456,-0.8526059730581249,0.952548797600453,-0.9771734284440482,-1.5436792713221088,-1.5689194885485458,-5.430833568770112,-0.9545017408960471,2.0521636376190466,Biotechnology,Healthcare,CBIO
2012Q2,2012,Q2,2012-08-09,2012-06-30,14492000.0,33645000.0,14234000.0,45.149819,33645000.0,1.0,212622000.0,196363000.0,159168000.0,13075000.0,16259000.0,0.0,-210179000.0,1853020.9998746985,-67357979.0001253,617.1346857959992,12.173460803059273,0.01144754540922388,0.012395410540682307,,617.1346857959992,0.07380209102529499,0.055075672458751626,0.03196627449411224,0.009436711599816149,0.0,0.0,0.0,0.1582385642125462,11.994263862332696,0.06815851605196076,-0.1063365660435383,1.0,5.142856754128689,2.0051829709494737,5.7845677198199885,1.0853452904214764,0.47197794986218666,5.415227976980965,6.167170191339376,2.1218957618477563,7.88424620296957,2.317189617396322,Biotechnology,Healthcare,CBIO
2012Q1,2012,Q1,2012-05-09,2012-03-31,2259000.0,22857000.0,1986000.0,7.349971,22857000.0,1.0,231104000.0,178702000.0,179344000.0,48195000.0,52402000.0,0.0,-224671000.0,2205125.753990697,-83790874.2460093,561.95067342132,3.7212158937649136,0.011561894212129603,0.014952266902440935,,561.95067342132,0.01264115678615796,0.09647485470493491,0.24403782138011257,0.012339681447273657,0.0,0.0,0.0,0.09890352395458321,3.6700280112044816,0.009774819994461368,-0.08839596544498907,1.0,1.238379686681591,1.2700986570020354,5.386480232393455,0.6927063781965176,0.20649247822644498,1.2303926568077512,1.1957614588467225,1.3611271073791835,1.782860004450004,1.5061996551245473,Biotechnology,Healthcare,CBIO
2011Q4,2011,Q4,2012-03-06,2011-12-31,-9805000.0,18945000.0,-10145000.0,-30.83304245557432,18945000.0,1.0,258126000.0,174288000.0,198693000.0,78611000.0,83838000.0,0.0,-226930000.0,2398935.6347123496,-101657064.36528765,548.0703012235733,2.5275470354021703,0.012501646482725491,0.01851533094647939,-0.05715009999155001,548.0703012235733,-0.05625745891857156,0.12662632012205594,-0.061166130410819725,0.013764204275178726,0.0,0.0,0.0,0.07339438878687153,2.4833929093892713,-0.037985324996319625,-0.11543889296532167,1.0,-0.08758960681481093,-1.3341535219847844,-0.5715776297410415,0.5367769916351035,-0.0005275652862041678,-0.08294676386127678,-0.08723609473797021,-0.3503290924580956,1.1732079065171142,1.271282501516728,Biotechnology,Healthcare,CBIO
2011Q3,2011,Q3,2011-11-03,2011-09-30,-9054000.0,18955000.0,-9331000.0,-28.349887,18955000.0,1.0,279739000.0,182012000.0,216814000.0,93581000.0,97727000.0,0.0,-217125000.0,6457932.15087095,-120294067.84912905,572.57184201834,2.3168591915025485,0.013544768516367042,0.020817308748873702,-0.05022039709151189,572.57184201834,-0.049743972924862094,0.34069808234613297,-0.17831710158137148,0.03548080429241451,0.0,0.0,0.0,0.06775959018942657,2.2879110075763243,-0.03236588391321911,-0.35389807928928924,1.0,-2.8571427016514757,-0.0658793389806963,9.876017506527145,1.180004577899781,-0.08619775345899822,-3.0115197164377494,-2.629327110073901,0.11522574384110555,2.425644599797262,1.1849866412808474,Biotechnology,Healthcare,CBIO
2011Q2,2011,Q2,2011-08-09,2011-06-30,-2257000.0,20743000.0,-2571000.0,-7.349971,20743000.0,1.0,300018000.0,189099000.0,237025000.0,89064000.0,110919000.0,0.0,-208071000.0,8350331.046424081,-155444668.9535759,646.2227720403797,2.6612885116320846,0.01448913065216087,0.022987958688306127,-0.0132905306907354,646.2227720403797,-0.01193554698861443,0.40256139644333416,-0.9249369790013381,0.0441585150975102,0.0,0.0,0.0,0.0691391849822344,2.6242814156112457,-0.007522881960415708,-0.3556813496794344,1.0,-1.17073171581545,0.751870461806562,16.862652135362808,0.8319520753058307,-0.4680463661076063,-1.179311988559625,-1.2089904080637295,0.7310643509320494,2.261263659271154,1.2123885749074133,Biotechnology,Healthcare,CBIO
2011Q1,2011,Q1,2011-05-09,2011-03-31,12587000.0,38994000.0,12302000.0,43.049828,38994000.0,1.0,239555000.0,107563000.0,200324000.0,93352000.0,131992000.0,0.0,-205814000.0,9944932.939906143,-126253067.06009385,389.50368272775336,2.1458993915502615,0.011016259314144978,0.024534458875263798,0.11163136785176313,389.50368272775336,0.117019793051514,0.25503751705149874,0.19752389250627916,0.09245682009525713,0.0,0.0,0.0,0.16277681534511906,2.119343988345188,0.05254325728955772,-0.4392056238089539,1.0,6.4937071171497225,1.022650160138143,-0.39360007818577786,1.0059510623344865,0.6596722706958927,6.816543438077634,10.065585851142226,2.7896374507352535,6.495930505225111,0.17540091857528994,Biotechnology,Healthcare,CBIO
2010Q4,2010,Q4,2011-03-11,2010-12-31,-2164000.0,23495000.0,-1357000.0,-7.836207333589229,23495000.0,1.0,262787000.0,91847000.0,218079000.0,98657000.0,170940000.0,0.0,-218401000.0,9911272.016083393,-152883727.9839166,332.59340802595653,2.2104767021093283,0.01164060627047761,0.03330538830881793,-0.02995319218288421,332.59340802595653,-0.023560921968055572,0.4218460104738622,-1.1450175619320002,0.10791067771493237,0.0,0.0,0.0,0.08940701024023258,2.1778485054278964,-0.00823480613576775,-0.5720791928475263,1.0,-1.9328856013928186,0.9969942270492183,-0.10760921705528348,1.0051256039982994,0.07785117900724838,-1.8704746580852776,-1.5614398014067026,0.7673692769797621,4.430428185894541,0.4635663946720993,Biotechnology,Healthcare,CBIO
2010Q3,2010,Q3,2010-11-05,2010-09-30,2486000.0,21798000.0,2417000.0,8.399966,21798000.0,1.0,278259000.0,90364000.0,233029000.0,95799000.0,187895000.0,0.0,-216237000.0,8247646.745872566,-173990353.25412744,331.4978741200251,2.432478418355098,0.012797429732731017,0.03940728608737993,0.023322267021598567,331.4978741200251,0.027510955690319153,0.3783671321163669,0.8294093670426956,0.09127137738338903,0.0,0.0,0.0,0.07833708882731556,2.3979791020783097,0.008934122526135723,-0.4799328918168499,1.0,-0.38461539588621063,1.0032999100617297,-0.40813666305783225,0.0,0.042866711319490956,-0.3426758328926494,-0.5132903745469191,1.23682074286108,3.8955377614723288,0.08344757445939696,Biotechnology,Healthcare,CBIO
2010Q2,2010,Q2,2010-08-09,2010-06-30,3782000.0,20902000.0,4966000.0,13.649945,20902000.0,1.0,292783000.0,86027000.0,244608000.0,96272000.0,206756000.0,0.0,-218723000.0,7108328.043100378,-211821671.9568996,316.8336887386243,2.5408010636529834,0.00920818490144578,0.031338998221488605,0.03998601131333395,316.8336887386243,0.04396294186708824,0.34007884619177003,0.4698789029019287,0.08262903557139475,0.0,0.0,0.0,0.07139075697701028,2.509899036064484,0.012917416653289297,-1.9300374811567682,1.0,-0.4347826158970493,1.0042720840576045,-0.3613292030592665,0.0,0.07090890460088124,-0.44341427520235466,-0.29947806460713783,1.3074075992824157,3.9393041542530365,0.07060525986438955,Biotechnology,Healthcare,CBIO
2010Q1,2010,Q1,2010-05-10,2010-03-31,6795000.0,19518000.0,7089000.0,24.149903,19518000.0,1.0,293107000.0,78238000.0,287436000.0,84944000.0,214869000.0,0.0,-222505000.0,7179409.753418075,-231716590.2465819,290.1647795336624,3.383829346392918,0.010419403153114733,0.039034740151844376,0.07984802845446126,290.1647795336624,0.08685037961093076,0.3678353188553169,0.26414311086895054,0.09176371780232209,0.0,0.0,0.0,0.06659001661509278,3.366170653607082,0.02318266025717571,0.0414563445745356,1.0,1.2465865412806831,1.008362165714766,-0.4108431077511478,0.0,2.5104472991796936,1.2573181353429015,1.2662835249042146,1.9581948408917684,5.431848866188123,-0.12596639478289426,Biotechnology,Healthcare,CBIO
2009Q4,2009,Q4,2010-03-11,2009-12-31,-26407000.0,3428000.0,-26622000.0,-97.93682524023394,-12922000.0,-3.7695449241540255,319379000.0,68991000.0,314429000.0,101160000.0,250388000.0,0.0,-229300000.0,7632231.12138983,-72868768.87861016,255.8700159105154,3.108234480031633,0.01067070784240667,0.04939774753228682,-0.36764265038664934,255.8700159105154,-0.3827600701540781,2.226438483485948,-0.0722557571987525,0.11062647477772215,0.0,0.0,0.0,0.010733329367303424,3.0927935943060496,-0.0826823303974275,-0.6481724943855481,-3.7695449241540255,-19.65470799792417,0.9624338857229161,-0.8666482454114107,1.0039432181905827,-2.0373284097294695,-20.79535232383808,-23.111295681063122,-2.0613916915006216,-0.9085725690512029,-0.28254613975117693,Biotechnology,Healthcare,CBIO
2009Q3,2009,Q3,2009-11-06,2009-09-30,1334000.0,12663000.0,1204000.0,5.249979,12457000.0,0.9837321329858644,83920000.0,46840000.0,78574000.0,13541000.0,37080000.0,0.0,-202893000.0,6926066.60319547,-37546933.39680453,195.7342961254304,5.802673362380917,0.04475691134413727,0.08018787361229718,0.02397607825893596,195.7342961254304,0.028479931682322802,0.5469530603486906,1.2979884938522244,0.14786649451740969,0.0,0.0,0.0,0.15089370829361295,5.691750978509711,0.015896091515729266,3.579362585630734,0.9837321329858644,1.1282051288312853,1.0020170726931845,-0.608342778788468,0.0,3.843312597200622,1.1381953796747126,1.1221838847168661,1.2086140049859555,8.651677311174387,-0.2547631051829441,Biotechnology,Healthcare,CBIO
2009Q2,2009,Q2,2009-08-07,2009-06-30,-9653000.0,2830000.0,-9854000.0,-40.949836,2572000.0,0.9088339222614841,82049000.0,44236000.0,76289000.0,12808000.0,37813000.0,31000.0,-204226000.0,788977.209166185,-41031022.790833816,186.04142571759016,5.956355402873204,0.04995795195553877,0.09266208517949182,-0.20386883210923762,186.04142571759016,-0.2182159327244778,0.27879053327427034,-0.02043347169704198,0.01783563634067694,0.0,8.32258064516129,0.0,0.034491584297188266,5.840021861336664,-0.11764920961864252,-0.11688551246906445,0.9088339222614841,-1.0526315895001084,0.9875486108925697,-0.9012555068722374,0.0,-0.5650262134280399,-1.0639298695745136,-0.9505146476642914,-0.30602051321354345,1.999173518553117,-0.4725983195236294,Biotechnology,Healthcare,CBIO
2009Q1,2009,Q1,2009-05-11,2009-03-31,-4677000.0,6141000.0,-5052000.0,-19.94992,5913000.0,0.9628724963361016,91370000.0,53312000.0,85182000.0,12256000.0,38058000.0,88000.0,-194573000.0,862997.2716885785,-37703002.72831142,224.22422422422423,6.9502284595300265,0.04858268578307978,0.08326455582232893,-0.08613459051517905,224.22422422422423,-0.08772884153661464,0.14053041388838602,-0.04612985202526078,0.016187673913726337,0.0,2.590909090909091,0.0,0.0672102440626026,6.844647519582246,-0.05118747947904126,-0.10950352387876901,0.9628724963361016,0.12629584294101004,0.9934727946338826,-0.7897842048360355,0.0,-0.06641171006754898,0.13851411090677607,0.1361183087002223,0.9902248077495726,-0.8890801331439571,1.003425827262827,Biotechnology,Healthcare,CBIO
2008Q4,2008,Q4,2009-03-13,2008-12-31,-5428992.0,6517853.0,-5848023.0,-22.833724480783303,6333627.0,0.971735171075506,98551000.0,57373000.0,91966000.0,13792000.0,41178000.0,100000.0,-189896000.0,1146369.5101524205,-45257630.48984758,241.30432953962367,6.6680684454756385,0.048685452202412965,0.08362818747494466,,241.30432953962367,-0.09462625276698099,0.17588146129598511,-0.052789242927251526,0.019980992978446663,0.0,1.84226,0.0,0.06613685299996956,6.557134570765661,-0.055088147253706206,-0.2321995701747722,0.971735171075506,0.2985002864594143,0.9912415549400087,-0.7124634344773632,1.0037187460919212,0.6027341207622723,0.2901332561357015,0.2835382534916959,0.9912415549400087,-0.7124634344773632,1.0037187460919212,Biotechnology,Healthcare,CBIO
2008Q3,2008,Q3,2008-11-07,2008-09-30,-7647903.0,4135384.0,-8162366.0,-32.54987,3951764.0,0.9555978356544398,105854500.0,62256628.0,98670700.0,14233458.0,43597872.0,109509.0,-184466554.0,1869445.074324422,-54433376.92567558,262.0482117376682,6.932306962931987,0.04911477547010283,0.08350950199230193,,262.0482117376682,-0.12284479975369048,0.45206081813065535,-0.06110972753983745,0.030028048970535664,0.0,1.6767571615118393,0.0,0.039066681151958584,6.786297117678641,-0.07224920055359008,-0.2205355052333654,0.9555978356544398,-0.14814813900316426,0.9883519384870085,-0.8711658671994824,0.0,-0.20616879040580013,-0.12422043702271841,-0.09805905710794545,0.9883519384870085,-0.8711658671994824,0.0,Biotechnology,Healthcare,CBIO
2008Q2,2008,Q2,2008-08-07,2008-06-30,-6802850.0,5155768.0,-7433449.0,-28.349887,4978091.0,0.965538208856566,114305275.0,69284412.0,106830620.0,14087114.0,45020863.0,119193.0,-176818651.0,2335507.56823932,-56954066.43176068,292.0927993254637,7.58357034663026,0.044408011791231855,0.0732642430450301,,292.0927993254637,-0.09818730943404701,0.4529892672128226,-0.0858282766869518,0.03370899024501096,0.0,1.490666398194525,0.0,0.045105249954562464,7.436664954936831,-0.05951475117836863,-0.2699691340612693,0.965538208856566,-0.12500002480168673,0.991203743203273,-0.8196686135733476,0.0,0.22236193922285918,-0.17670817149563547,-0.10944317465756798,0.991203743203273,-0.8196686135733476,0.0,Biotechnology,Healthcare,CBIO
2008Q1,2008,Q1,2008-05-08,2008-03-31,-5781255.0,4275995.0,-6700162.0,-25.199899,4072518.0,0.9524141164804917,121687036.0,75221473.0,97527069.0,13592913.0,46465563.0,129750.0,-170015801.0,2253473.468274195,-57745626.5317258,331.37942685962247,7.174846848501127,0.04493089962352276,0.07268546841671128,,331.37942685962247,-0.07685644496751612,0.5270056368808185,-0.09744741705192883,0.02995784818351264,0.0,1.568223506743738,0.0,0.03513928139395227,7.066393789175286,-0.04750921043060002,-0.2731768420256996,0.9524141164804917,0.25189948723295646,0.9915489983383964,-0.8466832550046796,0.0,0.20315344459314538,0.24392132891345655,0.22583517366350317,0.9915489983383964,-0.8466832550046796,0.0,Biotechnology,Healthcare,CBIO
2007Q4,2007,Q4,2008-03-14,2007-12-31,-7646367.0,3556365.0,-8654697.0,-33.68517808762307,3384870.0,0.9517780092875732,98964995.0,51584295.0,92412995.0,15195991.0,47380700.0,140413.0,-164234546.0,2539384.8359999596,-48259237.16400004,227.24859578404812,6.081406273536224,0.026317083126210436,0.05048959184185807,,227.24859578404812,-0.14823052248751292,0.7140394295860969,-0.08302586169353236,0.049227867435233136,0.0,1.2213612699678804,0.0,0.035935585102591074,6.00403474837541,-0.07726334953081138,-0.8350388373969545,0.9517780092875732,0.13293918965125678,0.9870792090066268,-0.8356684312182437,1.0035021328837275,0.14623895580901333,-0.03742233951795146,-0.029929085323121666,0.9870792090066268,-0.8356684312182437,1.0035021328837275,Biotechnology,Healthcare,CBIO
2007Q3,2007,Q3,2007-11-09,2007-09-30,-7370544.0,3126327.0,-8403197.0,-38.849845,2953023.0,0.9445662593836154,97708632.0,58560625.0,93887641.0,11730596.0,39148007.0,158121.0,-156588179.0,2382212.7897646786,-46617557.21023532,305.9657725344312,8.003654801512216,0.029390248755094637,0.049037745071880634,,305.9657725344312,-0.12586177145479577,0.7619845236165886,-0.0808017966436629,0.040679429049206337,0.0,1.0960214013318914,0.0,0.03199642586337715,7.9044230148237995,-0.07543390843912337,0.14953260732790447,0.9445662593836154,0.1395348672383382,0.9860657895847172,-0.8791014663189596,0.0,0.11987796345350532,0.10796246311993546,0.07360515690961572,0.9860657895847172,-0.8791014663189596,0.0,Biotechnology,Healthcare,CBIO
2007Q2,2007,Q2,2007-08-08,2007-06-30,-8262594.0,2842049.0,-9070859.0,-45.149819,2636915.0,0.9278217933610574,69911764.0,53965337.0,66755367.0,8370168.0,15946427.0,171038.0,-149217635.0,2259780.1529475753,-37198194.847052425,295.9388493745647,7.975391533359904,0.044732915049890604,0.057951217834514776,,295.9388493745647,-0.15310928198224724,0.7951235720944907,-0.06837381072298769,0.04187466026474689,0.0,1.1993475134180709,0.0,0.04065194235407935,7.794380112800603,-0.11818603232497467,-0.3394441456332384,0.9278217933610574,-0.7199999847618439,0.9861028677639173,-0.8706961999109125,0.0,0.39837535046685607,-0.7237503708237732,-0.6075023020372055,0.9861028677639173,-0.8706961999109125,0.0,Biotechnology,Healthcare,CBIO
2007Q1,2007,Q1,2007-05-11,2007-03-31,-4793382.0,2051190.0,-5642828.0,-26.249895,1885699.0,0.9193195169633237,73910839.0,60505662.0,71108073.0,6706704.0,13405177.0,206395.0,-140955041.0,2053690.34482343,-51844758.65517657,331.983550519876,10.602536357650495,0.017338810076286647,0.02118026574108056,,331.983550519876,-0.07922204041003633,1.0012189728028267,-0.10711071769490883,0.03394211842229625,0.0,0.8018169044792752,0.0,0.027752221835825732,10.417768847409995,-0.06485357310042171,0.15032407223461222,0.9193195169633237,-1.2844835983545626,0.9912730006905658,-0.9084000721245149,0.0,-0.9251322068180111,-1.2850311014732727,-1.3509977522521022,0.9912730006905658,-0.9084000721245149,0.0,Biotechnology,Healthcare,CBIO
