Quarters,Year,Quarter,FillingDate,Date,NetIncome,Revenue,OperatingIncome,EPSDiluted,GrossProfit,GrossProfitRatio,TotalAssets,CommonStockEquity,CurrentAssets,CurrentLiability,TotalLiability,Inventory,RetainedEarnings,MarketCap,EnterpriseValue,bookValuePerShare,currentRatio,debtToAssets,debtToEquity,roic,shareholdersEquityPerShare,roe,priceToSalesRatio,peRatio,pbRatio,payoutRatio,inventoryTurnover,dividendYield,assetTurnover,quickRatio,returnOnAssets,priceToFreeCashFlowsRatio,grossProfitMargin,epsdilutedGrowth,fiveYNetIncomeGrowthPerShare,fiveYRevenueGrowthPerShare,fiveYShareholdersEquityGrowthPerShare,grossProfitGrowth,netIncomeGrowth,operatingIncomeGrowth,threeYNetIncomeGrowthPerShare,threeYRevenueGrowthPerShare,threeYShareholdersEquityGrowthPerShare,Industry,Sector,Symbol
2023Q1,2023,Q1,2023-05-12,2023-03-31,704694.0,0.0,-465368.0,0.04,-465368.0,0.0,353765426.0,331437355.0,643490.0,1775321.0,22328071.0,0.0,-21685444.0,87371250.0,86892948.0,38.427519420289855,0.36246402763218594,0.0,0.0,-0.0006749138413687032,38.427519420289855,0.002126175548317419,0.0,30.996166421170045,0.2636131645450767,0.0,0.0,0.0,0.0,0.26941719272176695,0.001991980980074633,28.458244467056396,0.0,1.0689655172413794,0.0,0.0,21416.405311625054,0.6519028103263467,-0.796422176680593,-0.3853412835679605,0.0,0.0,21416.405311625054,Shell Companies,Financial Services,ZT
2022Q4,2022,Q4,2023-04-13,2022-12-31,3461546.0,0.0,-335923.0,-0.58,-1336891.0,0.0,350683713.0,330732661.0,1137602.0,1140847.0,19951052.0,0.0,-18814313.0,343275000.0,342377502.0,9.586453942028985,0.997155622094812,0.0,0.0,-0.0008557800460185366,9.586453942028985,0.010466296221043617,0.0,24.792029341802763,1.0379228920484511,0.3600249715011732,0.0,0.0036304508047483803,0.0,0.7866944471958115,0.009870849063355275,96.6704693717032,0.0,-15.384180790960452,1.0348865733295847,0.0,-0.7273909601133183,-2.6303699640463596,3.2690582959641254,0.08779042612124306,1.0348865733295847,0.0,-0.7273909601133183,Shell Companies,Financial Services,ZT
2022Q3,2022,Q3,2022-11-14,2022-09-30,-1525543.0,0.0,-368252.0,-0.0354,-368252.0,0.0,347369083.0,327271113.0,1379480.0,399970.0,20097970.0,0.0,-18719353.0,84180000.0,83186926.0,37.944476869565214,3.4489586719003924,0.0,0.0,-0.0013770324611634991,37.944476869565214,-0.004661404381266,0.0,-13.795088044060378,0.257217935394133,-0.8169176483389848,0.0,0.014804502257068189,0.0,2.4828712153411505,-0.004391706328107502,-367.66247379454927,0.0,-1.7678958785249457,-1.1360134706155436,0.0,0.035939328025126956,-32.389427871973886,-1.7676815914589716,-32.389427871973886,-1.1360134706155436,0.0,0.035939328025126956,Shell Companies,Financial Services,ZT
2022Q2,2022,Q2,2022-08-12,2022-06-30,1987208.0,0.0,-11029.0,0.0461,-11029.0,0.0,347268072.0,328796656.0,1542042.0,187141.0,18471416.0,0.0,-16384237.0,83748750.0,82702842.0,38.121351420289855,8.240000854970317,0.0,0.0,-3.3409835890820474e-05,38.121351420289855,0.006043881419523926,0.0,10.535981890169525,0.2547129007297447,0.0,0.0,0.0,0.0,5.588876836182344,0.005722403411736625,-234.42289121215939,0.0,-0.9580909090909091,1.2096604366728734,0.0,-0.041563255695528795,0.0,-0.9582820809810154,0.9822595614835118,1.2096604366728734,0.0,-0.041563255695528795,Shell Companies,Financial Services,ZT
2022Q1,2022,Q1,2022-05-13,2022-03-31,47634399.0,0.0,-621687.0,1.1,0.0,0.0,348142415.0,326809450.0,1918962.0,644832.0,21332965.0,0.0,-18215112.0,83446875.0,82073712.0,37.89095072463768,2.9759100044662796,0.0,0.0,-0.003854895068090825,37.89095072463768,0.14575588007017545,0.0,0.4379549062852667,0.255338011186641,0.0,0.0,0.0,0.0,2.1294895414619623,0.13682446305774032,-286.3526163897973,0.0,2.8965517241379315,0.0,0.0,21117.351159661117,0.0,2.9202991423187186,-0.3966665318721609,0.0,0.0,21117.351159661117,Shell Companies,Financial Services,ZT
2021Q4,2021,Q4,2022-03-29,2021-12-31,-24805718.0,0.0,-445122.0,-0.58,0.0,0.0,347379227.0,303303094.0,2144578.0,368465.0,44076133.0,0.0,-41712960.0,83576250.0,81941674.0,35.16557611594203,5.820303149552875,0.0,0.0,-0.0028834218617694754,35.16557611594203,-0.08178524548780237,0.0,-0.8423083137524984,0.2755535688666598,-0.0008791521374225088,0.0,0.0002609353733865781,0.0,4.436177113158645,-0.0714081789352361,272.930559274765,0.0,-3.230048753479645,0.0,0.0,0.0,0.0,-3.211613698394908,-0.11786894632686068,0.0,0.0,0.0,Shell Companies,Financial Services,ZT
2021Q3,2021,Q3,2021-11-12,2021-09-30,11216117.0,0.0,-398188.0,0.260084,0.0,0.0,347680596.0,315917259.0,2332157.0,244541.0,31763337.0,0.0,-29090221.0,83921250.0,82133153.0,36.628088,9.5368752070205,0.0,0.0,-0.001260418633855012,36.628088,0.03550333728363983,0.0,1.870550432025629,0.26564313157705643,0.0005899546162009544,0.0,7.884772927000014e-05,0.0,7.400685365644207,0.03225983022647603,-109.34265094650603,0.0,1.2366715077657782,0.0,0.0,0.0,0.0,2.332310789134083,-1.5001130170530175,0.0,0.0,0.0,Shell Companies,Financial Services,ZT
2021Q2,2021,Q2,2021-08-16,2021-06-30,-8418544.0,0.0,-159268.0,-1.098924,0.0,0.0,348175190.0,304701142.0,2709673.0,347564.0,43474048.0,0.0,-40299721.0,73389640.12,71361350.12,39.77450953005164,7.796184299869952,0.0004882599475281395,0.0005579237376143474,-0.0005224108748213369,39.77450953005164,-0.027628856080887283,0.0,-2.179404185569381,0.24085777834071917,,0.0,,0.0,6.324849524116422,-0.024179046186490197,0.0,0.0,0.0,0.0,0.0,0.0,0.0,0.0,0.0,0.0,0.0,0.0,Shell Companies,Financial Services,ZT
2021Q1,2021,Q1,2021-03-31,2021-03-31,0.0,0.0,0.0,0.0,0.0,0.0,483168.0,13745.0,30212.0,469423.0,469423.0,0.0,-11255.0,73389640.12,73474428.12,0.0017942191811363797,0.06435986306593414,0.23801245115570568,8.366678792288106,,0.0017942191811363797,0.0,0.0,0.0,5339.369961440524,0.0,0.0,,0.0,0.06435986306593414,0.0,0.0,0.0,0.0,0.0,0.0,0.0,0.0,0.0,0.0,0.0,0.0,0.0,Shell Companies,Financial Services,ZT
