Year,Date,FillingDate,NetIncome,Revenue,OperatingIncome,EPSDiluted,GrossProfit,GrossProfitRatio,TotalAssets,CommonStockEquity,CurrentAssets,CurrentLiability,TotalLiability,Inventory,RetainedEarnings,EnterpriseValue,bookValuePerShare,currentRatio,debtToAssets,debtToEquity,roic,shareholdersEquityPerShare,roe,priceToSalesRatio,peRatio,pbRatio,payoutRatio,inventoryTurnover,dividendYield,assetTurnover,quickRatio,returnOnAssets,priceToFreeCashFlowsRatio,grossProfitMargin,epsdilutedGrowth,fiveYNetIncomeGrowthPerShare,fiveYRevenueGrowthPerShare,fiveYShareholdersEquityGrowthPerShare,grossProfitGrowth,netIncomeGrowth,operatingIncomeGrowth,threeYNetIncomeGrowthPerShare,threeYRevenueGrowthPerShare,threeYShareholdersEquityGrowthPerShare,Industry,Sector,Price,MarketCap,AvgVolume,Symbol
2022,2022-12-31,2023-03-16,-163747000.0,278166000.0,-38307000.0,-2.69,70263000.0,0.2525937749,293442000.0,216396000.0,170681000.0,35794000.0,77046000.0,77091000.0,-153603000.0,247172960.0,3.5583838981796654,4.768424875677487,0.16643834215960907,0.22569733266788666,-0.11987468514619352,3.5583838981796654,-0.7567006783859221,0.856995319341688,-1.455824900608866,1.1016236899018466,0.0,2.696851772580457,0.0,0.9479420123908643,2.2756886629043973,-0.558021687420342,-251.46303797468354,0.2525937749401437,-13.80952380952381,-14.3669184779221,3.6208354053508316,5.81296224597674,-0.4057644979321893,-13.806741748787736,-3.5534595387281698,-48.056458784323034,0.8836066374737145,1.167975470988777,Specialty Retail,Consumer Cyclical,3.71,226450980,926580,GRWG
2021,2021-12-31,2022-03-10,12786000.0,422489000.0,15002000.0,0.21,118241000.0,0.2798676415,459338000.0,371291000.0,216889000.0,47076000.0,88047000.0,105571000.0,10144000.0,777050150.0,6.269371696806984,4.607209618489251,0.09919057426121941,0.1227123738523153,0.027247645358986827,6.269371696806984,0.034436600941040854,1.8293024197079688,60.44581182543408,2.0815483003897213,0.34342249335210384,2.8819278021426338,0.0056814936052790406,0.9197780283799729,1.8979097629365282,0.027835711393353044,-56.90745526838966,0.2798676415243947,0.9090909090909091,5.582338929216461,7.182056161909112,15.126730820053641,1.3162573030589206,1.399604532561316,0.7779960602489645,1.999647336229695,4.77893861495472,3.899913897720397,Specialty Retail,Consumer Cyclical,3.71,226450980,926580,GRWG
2020,2020-12-31,2021-03-29,5328378.0,193365479.0,8437589.0,0.11,51048301.0,0.2639990409,354733695.0,316997251.0,250228660.0,27349474.0,37736444.0,54024491.0,-2641558.0,1602276490.0,7.213499852087837,9.149304297406232,0.0358581696052302,0.040126849554288406,0.015313957304036337,7.213499852087837,0.01680890917252781,9.140555538354393,331.7084298448796,5.575656869024394,0.0,2.634308539806511,0.0,0.5451003998929395,6.76720206757907,0.015020783407677131,-380.6660560105085,0.2639990409042971,1.7500000000000002,3.7263722126104737,14.141118851018604,38.82737299967703,1.2625940597859742,1.8360478261702657,2.942575676795845,1.6919829937793005,3.4451084028444092,12.811129872404749,Specialty Retail,Consumer Cyclical,3.71,226450980,926580,GRWG
2019,2019-12-31,2020-03-27,1878804.0,79733568.0,2140121.0,0.04,22561847.0,0.2829654757,72022352.0,53891743.0,42643569.0,12081264.0,18130609.0,22659357.0,-6887188.0,129636232.0,1.6413395565572273,3.5297274358047304,0.11102492181871539,0.1483766446373798,0.02649799559008976,1.6413395565572273,0.034862557702021256,1.6883654322355173,71.65164647296896,2.4979596596087084,0.0,2.5230954700082617,0.0,1.1070669838718958,1.4431149753866814,0.026086401621541046,-23.65396945493189,0.28296547572033903,1.1818181818181819,2.2866406588737087,7.356143681548348,8.062208924730037,2.500914570091541,1.3702985264365346,1.5028895716938995,2.214508598044893,1.7851901993162727,3.2220245493476813,Specialty Retail,Consumer Cyclical,3.71,226450980,926580,GRWG
2018,2018-12-31,2019-04-01,-5073755.0,29000730.0,-4255648.0,-0.22,6444558.0,0.22222054410354497,35892974.0,30058519.0,24977884.0,3414716.0,5834455.0,8869469.0,-8765992.0,41075033.5,1.2794860945870303,7.314776397217221,0.07958526925074529,0.09503302541286215,-0.12929177640236594,1.2794860945870303,-0.1687959077424939,1.822659722703532,-10.41801634095458,1.758518525147563,0.0,2.5431254114536057,0.0,0.8079779067624767,4.539873301322863,-0.14135788803680632,-23.72533756625536,0.22222054410354497,-0.22222222222222227,-3.856205683079609,3.2478132525049292,6.064333677399125,0.9710810798411404,-0.995512829084765,-0.4929410951642739,-3.856205683079609,3.2478132525049292,6.064333677399125,Specialty Retail,Consumer Cyclical,3.71,226450980,926580,GRWG
2017,2017-12-31,2018-03-27,-2542582.0,14363886.0,-2850513.0,-0.18,3269555.0,0.22762329080027507,9254408.0,7578821.0,7166026.0,1593050.0,1675587.0,4585341.0,-3692237.0,57241518.63999999,0.5222961422222762,4.4983057656696275,0.013425386043061857,0.016393578895714783,-0.37004919470366665,0.5222961422222762,-0.33548516319358906,4.061055597350188,-22.942245182259605,7.696782868997697,0.0,2.419521470704142,0.0,1.5521128958221855,1.1731163491415837,-0.27474280364557085,-12.721965435185464,0.22762329080027507,-2.6,-2.9399410637539694,2.406242880675273,1.8837157689215491,0.48327773687245296,-4.895924349092393,-5.691455023908843,-2.9399410637539694,2.406242880675273,1.8837157689215491,Specialty Retail,Consumer Cyclical,3.71,226450980,926580,GRWG
2016,2016-12-31,2017-03-31,-431244.0,7980471.0,-425993.0,-0.05,2204277.0,0.27620888541540967,4442953.0,3558309.0,3607573.0,842918.0,884644.0,2574438.0,-1149655.0,21076079.55,0.38875651654152993,4.279862335363582,0.03894909534266962,0.048632370038689726,-0.11416567373058281,0.38875651654152993,-0.12119352197911985,2.6952888557580126,-49.87820016046601,6.044914747426376,0.0,2.2436718227434493,0.0,1.7962087377471696,1.1838387601166425,-0.0970624717389538,-11.933331308353404,0.27620888541540967,-0.12427765160884141,-0.05939197214818675,2.0002057610283392,1.146413129248664,0.9978763901351388,0.18441776547216485,0.17221833585946913,-0.05939197214818675,2.0002057610283392,1.146413129248664,Specialty Retail,Consumer Cyclical,3.71,226450980,926580,GRWG
2015,2015-12-31,2015-12-31,-528756.0,3455146.0,-514620.0,-0.044473,1103310.0,0.3193236986222869,2610062.0,2153373.0,2068596.0,438556.0,456689.0,1311639.0,-718411.0,26726068.599999998,0.18111914768132792,4.716834338146097,0.030720726174320763,0.03723600138016033,-0.23040389405951764,0.18111914768132792,-0.24554779873250013,7.914369638793845,-51.71629749827897,12.698823009297506,0.0,1.7930512892648054,0.0,1.323779281871465,1.680449019053439,-0.20258369341417942,-19.681998422290615,0.3193236986222869,0.0,0.0,0.0,0.0,0.0,0.0,0.0,0.0,0.0,0.0,Specialty Retail,Consumer Cyclical,3.71,226450980,926580,GRWG
TTM,,,,,,,,,,,,,,,,209880980.0,3.452562758078259,4.938944640327879,0.16334386487547897,0.21911410848445442,-0.13016026223437285,3.452562758078259,-0.7292908603857626,0.8942643330463697,-1.3883948588388235,1.0745641020773316,0.0,2.498167528876305,0.0,0.8959217104262267,2.393785974746105,-0.576968118792965,39.68646687697161,0.25436566545299455,,,,,,,,,,,Specialty Retail,Consumer Cyclical,3.71,226450980,926580,GRWG
