Quarters,Year,Quarter,FillingDate,Date,NetIncome,Revenue,OperatingIncome,EPSDiluted,GrossProfit,GrossProfitRatio,TotalAssets,CommonStockEquity,CurrentAssets,CurrentLiability,TotalLiability,Inventory,RetainedEarnings,MarketCap,EnterpriseValue,bookValuePerShare,currentRatio,debtToAssets,debtToEquity,roic,shareholdersEquityPerShare,roe,priceToSalesRatio,peRatio,pbRatio,payoutRatio,inventoryTurnover,dividendYield,assetTurnover,quickRatio,returnOnAssets,priceToFreeCashFlowsRatio,grossProfitMargin,epsdilutedGrowth,fiveYNetIncomeGrowthPerShare,fiveYRevenueGrowthPerShare,fiveYShareholdersEquityGrowthPerShare,grossProfitGrowth,netIncomeGrowth,operatingIncomeGrowth,threeYNetIncomeGrowthPerShare,threeYRevenueGrowthPerShare,threeYShareholdersEquityGrowthPerShare,Industry,Sector,Symbol
2023Q1,2023,Q1,2023-05-04,2023-04-01,-118679000.0,241895000.0,-28583000.0,-1.68,119511000.0,0.494061473,973728000.0,-802269000.0,235234000.0,266866000.0,1775997000.0,10668000.0,2298701000.0,290855520.0,1652584520.0,-11.364227434982151,0.8814686022198407,1.543116763613658,-1.872907964784879,-0.08515753507993612,-11.364227434982151,0.14792918584664247,1.202404018272391,-0.6126937368868967,-0.36254114268406235,0.0,11.47206599175103,0.0,0.24842153044792797,0.6441659859255207,-0.12188105918695981,-7.847809616318601,0.49406147295314085,-2.652173913043478,-3.7981097715884515,-0.4535753085787637,0.26026350736841775,-0.05889440113394755,-2.6516615384615383,-13.234561752988048,-17.716645388367798,-0.42285248011853344,-0.08784586677623749,Personal Services,Consumer Cyclical,WW
2022Q4,2022,Q4,2023-03-06,2022-12-31,-32500000.0,223924000.0,-2008000.0,-0.46,126990000.0,0.5671120559,1028430000.0,-683815000.0,281331000.0,196558000.0,1712245000.0,20528000.0,2418959000.0,272164740.0,1602176740.0,-9.698265469656356,1.4312874571373335,1.4666413854127165,-2.2057691042167837,-0.0010030909604529447,-9.698265469656356,0.04752747453624153,1.2154335399510547,-2.0935749230769227,-0.3980093153850091,0.0,4.722038191738114,0.0,0.2177338272901413,1.0307339309516783,-0.031601567437744914,-21.242955042147987,0.5671120558761008,0.8430034129692833,-1.472865501175167,-0.3434710642585301,0.3833498204307928,-0.16646428313565384,0.8422605758217011,-1.035309840331997,-2.056761504923027,-0.3567343576754718,0.04699828695880436,Personal Services,Consumer Cyclical,WW
2022Q3,2022,Q3,2022-11-03,2022-10-01,-206036000.0,249718000.0,56868000.0,-2.93,152351000.0,0.610092184,1092835000.0,-659503000.0,289759000.0,199953000.0,1752338000.0,26394000.0,2457912000.0,276605190.0,1598858190.0,-9.370203031982156,1.4491355468535105,1.3822251300516546,-2.2904277918371867,0.045017443968080564,-9.370203031982156,0.312411012535197,1.107670211999135,-0.33562725688714595,-0.41941460463409563,0.0,3.6889823444722287,0.0,0.228504760553972,1.0826694273154192,-0.18853349316227977,6.303960754820183,0.6100921839835334,-43.528875379939215,-5.222240497079176,-0.2930046931461442,0.4431501526114578,-0.0651133393060959,-43.56759679861562,0.48974405993765224,-5.18394238217133,-0.3149883415609033,0.1285320885703258,Personal Services,Consumer Cyclical,WW
2022Q2,2022,Q2,2022-08-04,2022-07-02,-4623000.0,269454000.0,38173000.0,-0.0658,162962000.0,0.6047859746,1390613000.0,-456108000.0,265460000.0,208222000.0,1846721000.0,32330000.0,2661818000.0,473152650.00000006,1836392650.0,-6.487561339876254,1.27488930084237,1.0871716286270874,-3.3146425846510037,0.020502196548564593,-6.487561339876254,0.010135757320634587,1.7559681800975309,-25.58688351719663,-1.0373697676866005,0.0,3.293906588308073,0.0,0.19376634620847066,0.8686498064565704,-0.003324433181625657,17.517684191040356,0.6047859746004884,0.45166666666666666,-1.0935986791712082,-0.27872856242441835,0.6351132629649597,-0.09514819709269398,0.4391604998180274,3.255629877369008,-1.0819896173254753,-0.30285548303534215,0.43457065106230697,Personal Services,Consumer Cyclical,WW
2022Q1,2022,Q1,2022-05-05,2022-04-02,-8243000.0,297761000.0,8970000.0,-0.12,180098000.0,0.6048407951,1419426000.0,-449329000.0,257625000.0,216664000.0,1868755000.0,29496000.0,2675767000.0,742210740.0,2128215740.0,-6.4111092086864705,1.1890530960381052,1.0663782402182291,-3.368678629690049,0.0063520633093681715,-6.4111092086864705,0.018345132408546967,2.4926391972084994,-22.51033422297707,-1.6518202475246424,0.0,3.9891171684296176,0.0,0.20977564170305463,0.7703448657829635,-0.005807277026065466,-37.710128035768726,0.6048407951343527,-1.2857142857142858,-1.7065811910651005,-0.17370055466567982,0.6551924464075729,0.06657112231059417,-1.2754184904273447,-0.8340640435096287,0.26572689585399445,-0.2166152069560217,0.47576542547936607,Personal Services,Consumer Cyclical,WW
2021Q4,2021,Q4,2022-03-01,2022-01-01,29929000.0,275791000.0,54057000.0,0.42,168857000.0,0.6122643596,1428934000.0,-456404000.0,271173000.0,229132000.0,1885338000.0,30566000.0,2682349000.0,1129277430.0,2492041430.0,-6.519032723429175,1.183479391791631,1.0613212366701332,-3.322841167036222,0.04204229759465404,-6.519032723429175,-0.06557567418339892,4.094685577121806,9.432969945537772,-2.4742934549215168,0.0,3.4984623437806714,0.0,0.19300471540323066,0.7991681650751532,0.020944984163019424,48.2432258202324,0.6122643596056434,-0.35384615384615387,1.0540348010086635,-0.05868761101191115,0.6550385019977059,-0.05156231569842224,-0.3540038851715951,-0.3219397162675765,-0.3468781256966444,-0.20239874113416376,0.4609129517978464,Personal Services,Consumer Cyclical,WW
2021Q3,2021,Q3,2021-11-04,2021-10-02,46330000.0,293497000.0,79723000.0,0.65,178037000.0,0.6066058597,1467884000.0,-491377000.0,300920000.0,247437000.0,1959261000.0,25560000.0,2656970000.0,1301771250.0,2685651250.0,-7.032228980322004,1.2161479487707982,1.0710042482920994,-3.1993967971638884,0.05225237437392391,-7.032228980322004,-0.09428605734497138,4.435381792658869,7.024450949708611,-2.6492311402446593,0.0,4.517214397496088,0.0,0.19994563603118504,0.8832106758488019,0.03156243953881915,17.038667687595712,0.6066058596851075,4.416666666666667,0.22055586140927694,-0.04571953002201513,0.6361632365376229,-0.04294560975347532,4.229119638826185,0.3359978549762874,-0.3693961756960833,-0.23402949797648853,0.44504253936709604,Personal Services,Consumer Cyclical,WW
2021Q2,2021,Q2,2021-08-10,2021-07-03,8860000.0,311379000.0,59673000.0,0.12,186026000.0,0.5974262876,1435314000.0,-537897000.0,259426000.0,246692000.0,1973211000.0,29354000.0,2610250000.0,2558054880.0,4012768880.0,-7.729737885842386,1.0516190229111604,1.100998109124554,-2.93788215959561,0.04665069838216528,-7.729737885842386,-0.01647155496312491,8.21524534409835,72.17987810383747,-4.755659317676061,0.0,4.270389044082578,0.0,0.2169413800743252,0.6442203233181457,0.006172865310308406,61.147747764975854,0.5974262875788027,1.4615384615384615,-0.7340350522971811,-0.07983086987870437,0.61266729756174,-0.03830227208106082,1.4860920612278488,20.078417520310843,-0.8804567126438038,-0.27488437821106215,0.4463272970658744,Personal Services,Consumer Cyclical,WW
2021Q1,2021,Q1,2021-05-05,2021-04-03,-18227000.0,331796000.0,2831000.0,-0.26,193435000.0,0.5829937673,1436374000.0,-555778000.0,251176000.0,327326000.0,1992152000.0,34369000.0,2606171000.0,2196871200.0,3669174200.0,-8.044959759133809,0.7673573135039685,1.1039019085558497,-2.852966472224521,0.0017259805306263783,-8.044959759133809,0.032795468694334785,6.6211503453929526,-30.13210072968673,-3.952785464699934,0.0,4.025749949082021,0.0,0.23099554851313098,0.4680410355425478,-0.012689591986488198,-99.79880979421252,0.5829937672545781,-1.619047619047619,-0.5512710505943382,-0.0062975590802942,0.6075005246042606,0.06235102865741809,-2.4453255094758544,-0.94060880693142,-1.439145748310069,-0.23409097127966566,0.476326010753303,Personal Services,Consumer Cyclical,WW
2020Q4,2020,Q4,2021-02-25,2021-01-02,12611000.0,323427000.0,47667000.0,0.42,182082000.0,0.5629771169,1481174000.0,-548211000.0,299192000.0,340099000.0,2029385000.0,39456000.0,2617841000.0,1643706000.0,3093731000.0,-8.137920285014474,0.8797203167313047,1.0909670302071195,-2.9476095882789655,0.03036120335182897,-8.137920285014474,-0.02300391637526427,5.082154551104268,32.58476726667195,-2.99830904523988,0.0,3.582344890510949,0.0,0.21835854531608034,0.5893636852798744,0.008514192120574625,2212.255720053836,0.562977116938289,-0.46153846153846156,2.0345965475784755,0.1575061665792352,0.6057692020563337,-0.04215764666273883,-0.7687116001834021,-0.48547095269963947,-0.8079501217127908,-0.007478914070511785,0.48256211167089413,Personal Services,Consumer Cyclical,WW
2020Q3,2020,Q3,2020-10-29,2020-09-26,54525000.0,320699000.0,92642000.0,0.78,190096000.0,0.5927552004,1503009000.0,-584750000.0,321404000.0,364349000.0,2087759000.0,33298000.0,2596926000.0,1232395560.0,2695963560.0,-8.59762104303589,0.8821322413400339,1.1097505071493252,-2.8524412141941,0.06513892886913578,-8.59762104303589,-0.09324497648567764,3.8428419171871444,5.650598624484182,-2.10755974348012,0.0,3.9222475824373837,0.0,0.21337131048450142,0.6608334316822607,0.036277227880870976,17.24932900372309,0.5927552003592154,2.9000000000000004,1.1007898990668217,-0.014936982661708568,0.6342351005581576,-0.023501189185857165,2.8929744395259176,0.8170442286947142,0.15630225840016213,-0.06040622421263087,0.48906294245939114,Personal Services,Consumer Cyclical,WW
2020Q2,2020,Q2,2020-08-04,2020-06-27,14006000.0,333637000.0,50985000.0,0.2,194671000.0,0.5834814484,1469540000.0,-649153000.0,277638000.0,371385000.0,2118693000.0,35191000.0,2538840000.0,1692377820.0,3237661820.0,-9.597034343075945,0.7475746193303445,1.1538937354546321,-2.6121623099639066,0.030308462438250028,-9.597034343075945,-0.021575807244208992,5.072512401202505,30.208086177352563,-2.6070553783160517,0.0,3.948907391094314,0.0,0.2270349905412578,0.5054619868869232,0.00953087360670686,65.6800488997555,0.5834814484005071,3.2271714922048997,-0.5758747041238629,-0.09074986793689313,0.5948322029676559,-0.07734927082197819,3.3123658576853225,1.050307636626855,-0.7052619935033018,-0.07175097894729918,0.4602239018328884,Personal Services,Consumer Cyclical,WW
2020Q1,2020,Q1,2020-04-28,2020-03-28,-6057000.0,400361000.0,24867000.0,-0.0898,210991000.0,0.5270018808,1633672000.0,-704473000.0,432642000.0,560283000.0,2338145000.0,34131000.0,2496660000.0,1145063280.0,2718558280.0,-10.446541906400142,0.7721847709104149,1.1420701340293522,-2.6484592028367304,0.017001710423817675,-10.446541906400142,0.008597916456698837,2.860076980525076,-47.261981178801385,-1.6254182630136287,0.0,5.548328499018488,0.0,0.2450681654579377,0.5979085569256964,-0.003707598587721403,-91.99512171607616,0.5270018808025757,-1.213809523809524,0.06971362295304737,0.04692007906311527,0.5732093831486278,0.20462343920388693,-1.2061396045332335,-0.6225753574355706,-1.539602332924851,0.1546779820841417,0.43815548277259775,Personal Services,Consumer Cyclical,WW
2019Q4,2019,Q4,2020-02-25,2019-12-28,29383000.0,332583000.0,65886000.0,0.42,175151000.0,0.5266384632,1498314000.0,-685543000.0,295390000.0,394070000.0,2183857000.0,27204000.0,2500083000.0,2534271300.0,4089405300.0,-10.176545683960514,0.7495876367142893,1.1598837092892411,-2.535026978614033,0.04682545677313743,-10.176545683960514,-0.04286091463263428,7.6199664444664945,21.56239407140183,-3.696735726278293,0.0,5.7870901338038525,0.0,0.22197149596146068,0.5411601999644733,0.019610709103699223,146.65921875,0.5266384631806196,-0.3823529411764707,2.668433000386525,-0.14610578397045804,0.5848274435889266,-0.1007244479357598,-0.3759716263857622,-0.30447909299158654,1.0957703561621073,0.17973835274695815,0.46149734284794636,Personal Services,Consumer Cyclical,WW
2019Q3,2019,Q3,2019-11-06,2019-09-28,47086000.0,348567000.0,94729000.0,0.68,194769000.0,0.5587706237,1516443000.0,-723602000.0,329890000.0,365786000.0,2240045000.0,25227000.0,2471238000.0,2513580300.0,4074023300.0,-10.752206603465185,0.901866118440837,1.186727756994493,-2.487009433362539,0.06011952140338431,-10.752206603465185,-0.06507168305228565,7.211182642074551,13.345688208809413,-3.4737055729530875,0.0,6.096563206088715,0.0,0.22985829338788202,0.7374038372162959,0.031050293350953516,41.11524167825305,0.5587706237251375,-0.12820512820512817,0.046948142565676254,-0.14922148761610415,0.5529336213679019,-0.09751452639773138,-0.1253482929003975,-0.10186493225754459,0.2879731864970165,0.17673399757677224,0.44369728835188743,Personal Services,Consumer Cyclical,WW
2019Q2,2019,Q2,2019-08-07,2019-06-29,53834000.0,369023000.0,105473000.0,0.78,215814000.0,0.5848253361,1476275000.0,-770160000.0,284103000.0,350198000.0,2246435000.0,30625000.0,2420958000.0,1282068400.0,2896954400.0,-11.473690483284667,0.8112639135574732,1.2162578110446902,-2.331374000207749,0.06837208995175316,-11.473690483284667,-0.06989976108860496,3.474223557881216,5.9538042872534085,-1.664677988989301,0.0,5.002742857142857,0.0,0.24996900983895276,0.6039840318905305,0.03646610556976173,21.37243736142831,0.5848253360901624,5.875,-0.15940769869673624,-0.21728517954123755,0.5375567673709453,0.07397933793817306,6.019019205668469,3.8167785541398365,0.6753434722385012,0.13054616495064017,0.4250599945994839,Personal Services,Consumer Cyclical,WW
2019Q1,2019,Q1,2019-05-03,2019-03-30,-10726000.0,363164000.0,21897000.0,-0.16,200948000.0,0.5533257702,1526184000.0,-818934000.0,327436000.0,372152000.0,2345118000.0,31859000.0,2375903000.0,1349324600.0,3023101600.0,-12.229466579057403,0.8798447946000559,1.2234009791742018,-2.2799578476409574,0.014323068976758118,-12.229466579057403,0.01309751457382402,3.7154690442885308,-31.449855491329476,-1.647659762569389,0.0,5.0916852380802915,0.0,0.23795558071634876,0.6058331004535781,-0.0070279861405964155,-337.1625687156422,0.5533257701754579,-1.253968253968254,-1.4195766469119135,-0.2527993775223065,0.5279022357341728,0.08490937852619304,-1.2449697384949183,-0.7274696006073655,0.05822669781662664,0.1220806916638418,0.40334577668955607,Personal Services,Consumer Cyclical,WW
2018Q4,2018,Q4,2019-02-26,2018-12-29,43785000.0,330386000.0,80347000.0,0.63,185221000.0,0.5606200021,1414541000.0,-808943000.0,366424000.0,341316000.0,2223484000.0,25851000.0,2382438000.0,2762094616.895,4271828616.895,-12.092727408625457,1.0735623293370367,1.234823168787614,-2.1592473140876427,0.08392685315563583,-12.092727408625457,-0.054126186888322166,8.360204781361801,15.770781185879866,-3.4144489993670755,0.0,5.615450079300607,0.0,0.2335641031260317,0.7741242719356842,0.030953503645352095,105.47579397773704,0.5606200020581986,-0.37,0.19863867189999923,-0.26341595893682085,0.5374883693268676,-0.14008282496262664,-0.37567729424513774,-0.3240198552919401,4.617324828172238,0.19071913534401402,0.41418379528779337,Personal Services,Consumer Cyclical,WW
2018Q3,2018,Q3,2018-11-02,2018-09-29,70132000.0,365765000.0,118860000.0,1.0,215394000.0,0.5888863068,1381503000.0,-845212000.0,336120000.0,312029000.0,2226715000.0,14270000.0,2340255000.0,4801804856.598,6327248856.598,-12.671654098139458,1.0772075672453523,1.263271958149928,-2.0648239731570306,0.11225153315574811,-12.671654098139458,-0.08297563214909395,13.128114654485803,17.11702524025409,-5.681183959288321,0.0,10.537561317449194,0.0,0.26475874464261023,0.7968522156594419,0.05076500014838911,64.14722743130811,0.5888863067816767,-0.00990099009900991,-0.01762441391772139,-0.2162195624669164,0.5273506283149055,-0.12010098286722713,-0.00831447963800905,-0.06928305196228897,1.7552610772593005,0.14558716951027953,0.4609152620512351,Personal Services,Consumer Cyclical,WW
2018Q2,2018,Q2,2018-08-07,2018-06-30,70720000.0,409747000.0,127708000.0,1.01,244794000.0,0.5974271929,1336552000.0,-927000000.0,291455000.0,379622000.0,2263552000.0,18649000.0,2271593000.0,6713039867.2,8308253867.2,-13.960843373493976,0.7677505518647497,1.3190425812089617,-1.9018004314994605,0.11930462563654767,-13.960843373493976,-0.0762891046386192,16.383377711612287,23.73105156674208,-7.241682704638619,0.0,8.845139149552255,0.0,0.3065701895623964,0.5140797951646638,0.05291226978074927,81.87033351870822,0.5974271928775562,0.8035714285714284,-0.0812222950586003,-0.2570453378822981,0.4992033134295527,0.10765012239652855,0.8081407240744528,1.0573840478146699,1.1815453513303493,0.13754055297359566,0.4106008218639766,Personal Services,Consumer Cyclical,WW
2018Q1,2018,Q1,2018-05-04,2018-03-31,39112000.0,408223000.0,62073000.0,0.56,221003000.0,0.5413781193,1307114000.0,-1000101000.0,257019000.0,356421000.0,2307215000.0,24478000.0,2210168000.0,4148172065.1000004,5811282065.1,-15.362534562211982,0.72111070896496,1.3623333542445417,-1.7805451649383413,0.11745936679990458,-15.362534562211982,-0.039108050086941216,10.16153441893279,26.514701786536104,-4.147753142032655,0.0,7.648500694501185,0.0,0.31230864331649727,0.41270576088389854,0.029922409216028595,63.09966633860664,0.5413781193122387,-0.3846153846153846,-0.3123587998980283,-0.2814021198792665,0.4710788223631028,0.36040356039248034,-0.3788788311894553,0.25430407371484,7.222715207821441,0.10578335245760302,0.372367845651388,Personal Services,Consumer Cyclical,WW
2017Q4,2017,Q4,2018-02-28,2017-12-30,62970000.0,312489000.0,49488000.0,0.91,162454000.0,0.5198710995,1246000000.0,-1015986000.0,208988000.0,343027000.0,2261986000.0,31728000.0,2203317000.0,2860487935.3999996,4600795935.4,-15.72733746130031,0.6092465024619054,1.4633723916532906,-1.7946723675326235,0.46943476254847033,-15.72733746130031,-0.0619792005007943,9.15388360998307,11.356550481975543,-2.815479677279017,0.0,4.728788451840646,0.0,0.2507937399678973,0.31183259626793225,0.05053772070626003,102.82866976058666,0.519871099462701,0.4,-0.06380607701582053,-0.33947731780610974,0.4740112505955252,-0.08263688109866281,0.40812629978308995,-0.4584254415723697,4.728620007105517,-0.16335627959627308,0.3583717793711595,Personal Services,Consumer Cyclical,WW
2017Q3,2017,Q3,2017-11-07,2017-09-30,44719000.0,323687000.0,91378000.0,0.65,177088000.0,0.5470964234,1315492000.0,-1085352000.0,280547000.0,293210000.0,2400844000.0,23421000.0,2144459000.0,2808974935.5,4546998935.5,-16.827162790697674,0.9568125234473586,1.4566952896710887,-1.7655755920659841,0.0764414685756987,-16.827162790697674,-0.04120230118892304,8.678059160547072,15.703475790491737,-2.5880773569312074,0.0,6.259297211903847,0.0,0.2460577487358342,0.683857985744006,0.03399412539186859,37.59032914246715,0.5470964233966764,-0.02985074626865674,-0.42775857553248836,-0.35202802442325826,0.45618939688311744,-0.06309089850962632,-0.010050251256281407,-0.05018398020913457,0.03745172939492652,-0.17567599942652767,0.3003428032097563,Personal Services,Consumer Cyclical,WW
2017Q2,2017,Q2,2017-08-08,2017-07-01,45173000.0,341673000.0,96206000.0,0.67,189013000.0,0.5531985261,1247320000.0,-1143232000.0,214857000.0,272822000.0,2390552000.0,22948000.0,2097931000.0,2148905871.4,3964332871.4,-17.779657853810264,0.7875354626826282,1.5392297084950133,-1.679372165929575,0.07862142453706035,-17.779657853810264,-0.0395134146000112,6.289364015886535,11.892645337923096,-1.879676103712982,0.00022137117304584598,6.652431584451804,4.653530958750211e-06,0.2739256966937113,0.4754235362250845,0.03621604720520796,45.503565302276336,0.553198526076102,3.1875,-0.4875780762095842,-0.38066086066757143,0.4370984836101209,0.1518370232240687,3.2404017647611,2.1821519531637614,-0.2636665205015447,-0.24346741462000165,0.28339687523096074,Personal Services,Consumer Cyclical,WW
2017Q1,2017,Q1,2017-05-10,2017-04-01,10653000.0,329063000.0,30233000.0,0.16,164097000.0,0.4986795842,1301024000.0,-1189971000.0,266658000.0,299918000.0,2490995000.0,25473000.0,2061068000.0,996480000.0,2859792000.0,-18.593296875,0.8891030214925413,1.536101563076469,-1.6794568943276769,0.2726215366700464,-18.593296875,-0.008952319006093426,3.028234714933007,23.38496198254013,-0.8373985584522649,9.387027128508402e-05,6.476111961684921,1.0035324341682723e-06,0.25292615662739504,0.5490200654845658,0.00818816562953489,31.279781523683962,0.4986795841525787,-0.20000000000000004,-0.7765586656441719,-0.2515317362497145,0.26600018152899857,0.25766993416464207,-0.19896232799458605,-0.35302803338326555,-0.5639795527379128,-0.29160595676644896,0.28223738719314995,Personal Services,Consumer Cyclical,WW
2016Q4,2016,Q4,2017-03-01,2016-12-31,13299000.0,267412000.0,46730000.0,0.2,130477000.0,0.4879249996,1270976000.0,-1207573000.0,235211000.0,292388000.0,2478549000.0,32629000.0,2056893000.0,731655000.0,2625298000.0,-18.897856025039122,0.804448198968494,1.5754026826627725,-1.6581183911862885,0.044564601048880326,-18.897856025039122,-0.011012998800072542,2.7360589651922878,13.753947665237988,-0.6058888365341061,0.0015790660951951275,4.196726838088817,2.8702052196732065e-05,0.21039893750944155,0.46573046773465393,0.010463612216123672,42.46401625072548,0.4879249996260452,-0.6226415094339622,-0.7616735742204914,-0.23973987616607195,-2.3620498143461197,-0.09581228387490212,-0.6162790697674418,-0.300365313211163,-0.6188686113694962,-0.3758710017149146,0.27721200428841664,Personal Services,Consumer Cyclical,WW
2016Q3,2016,Q3,2016-11-08,2016-10-01,34658000.0,280819000.0,66792000.0,0.53,144303000.0,0.5138648026,1261418000.0,-1233125000.0,215082000.0,313693000.0,2494543000.0,29455000.0,2043924000.0,658416000.0,2565464000.0,-19.327978056426332,0.6856448820981023,1.5903467367676694,-1.626835884439939,0.07748221102462385,-19.327978056426332,-0.028105828687278258,2.344627678326609,4.749379652605459,-0.5339410035478966,2.8853367187950835e-05,4.6347309455101,1.5187966270564506e-06,0.22262168448523803,0.39819505057492516,0.027475428446399212,17.333579044359617,0.513864802595266,0.15217391304347827,-0.5042573759054081,-0.24386438308688912,-2.023404833813972,-0.10397521235904823,0.13655145274480227,-0.0941123814948936,-0.49245272496499115,-0.37088443691268924,0.27907149188561603,Personal Services,Consumer Cyclical,WW
2016Q2,2016,Q2,2016-08-09,2016-07-02,30494000.0,309761000.0,73731000.0,0.46,161048000.0,0.5199105117,1265804000.0,-1271218000.0,216206000.0,362325000.0,2537022000.0,29010000.0,2010395000.0,745927000.0,2689314000.0,-19.956326530612245,0.5967184157869316,1.6257532761786184,-1.6188293431968395,0.06417738618046911,-19.956326530612245,-0.023988017790811646,2.4080726753852164,6.115358759100151,-0.586781338841961,0.0003279333639404473,5.126266804550155,1.3406137597915077e-05,0.24471482156795207,0.3955785551645622,0.02409061750476377,-150.50988700564972,0.5199105116525321,3.705882352941176,-0.596438624333476,-0.26648573728966635,-1.697324932864022,0.07599901117770072,3.8235185185185183,4.438592608984289,-0.587036907882308,-0.4145336828334448,0.2841362133162224,Personal Services,Consumer Cyclical,WW
2016Q1,2016,Q1,2016-05-10,2016-04-02,-10800000.0,306910000.0,13557000.0,-0.17,149673000.0,0.4876771692,1290483000.0,-1301543000.0,241238000.0,414890000.0,2592026000.0,29779000.0,1979483000.0,915670000.0,2849522000.0,-20.496740157480314,0.5814505049531201,1.5975909795014736,-1.584015280324968,0.011743061507202933,-20.496740157480314,0.008297843405865193,2.983513082011013,-21.196064814814815,-0.7035265066156093,-0.0006481481481481481,5.280130293159609,7.644675483525724e-06,0.23782568232204532,0.3747981392658295,-0.008368959529106544,26.5843107653002,0.4876771692026979,0.055555555555555455,-1.1684771670876348,-0.3001192882917794,-1.334043065066364,0.23903541449361745,0.045008400389070655,-0.16960676221977214,-1.19466276333328,-0.44613137520889445,0.29431176230004846,Personal Services,Consumer Cyclical,WW
2015Q4,2015,Q4,2016-03-02,2016-01-02,-11309000.0,259238000.0,16326000.0,-0.18,120798000.0,0.4659733527,1422084000.0,-1290158000.0,358973000.0,503127000.0,2712242000.0,27838000.0,1994513000.0,1424999937.5,3418046937.5,-20.642528,0.7134838718653541,1.5713368549255882,-1.7320149935124225,0.013430713130845482,-20.642528,0.008765593051393706,5.496879074441247,-31.501457633300912,-1.1045158325569426,-0.001856928110354585,4.973058409368489,1.473684275161591e-05,0.18229443549044924,0.5382477982696218,-0.00795241350018705,-255.0107261095204,0.46597335267206197,-1.473684210526316,-1.2851870967741936,-0.10344190438276042,-1.2907553173298631,-0.11582322027199134,-1.518999541073887,-0.7413006274957216,-1.1737836158289507,-0.43362488361545903,0.3096264695798576,Personal Services,Consumer Cyclical,WW
2015Q3,2015,Q3,2015-11-10,2015-10-03,21790000.0,273324000.0,63108000.0,0.38,136622000.0,0.4998536535,1395152000.0,-1342185000.0,322089000.0,515727000.0,2737337000.0,12272000.0,1950574000.0,341458000.0,2369021000.0,-23.505866900175132,0.6245339103828188,1.6054329564090508,-1.6687885798157482,0.04706404595744994,-23.505866900175132,-0.01623472174104166,1.2492792436814915,3.917599816429555,-0.25440457164995883,0.0003212482790270766,11.139341590612776,2.0500325076583355e-05,0.19590983634758077,0.4667876609136229,0.015618369898046951,16.24288840262582,0.49985365353938915,-0.22448979591836732,-0.35506443388812287,0.08735377234818988,-1.476982037053413,-0.1427047513867624,-0.21835204648993795,-0.10586568432983848,-0.6850308297103713,-0.3819375771697797,0.24035086515975773,Personal Services,Consumer Cyclical,WW
2015Q2,2015,Q2,2015-08-11,2015-07-04,27877000.0,309754000.0,70580000.0,0.49,159364000.0,0.5144856886,1341177000.0,-1352503000.0,250575000.0,457777000.0,2693680000.0,18545000.0,1926543000.0,233539000.0,2280890000.0,-23.686567425569176,0.5473735028190582,1.6381678182670893,-1.6244496315350132,0.049951611265332645,-23.686567425569176,-0.020611414540300466,0.7539499086371766,2.0943699106790543,-0.17267170571895218,0.000430462388348818,8.109463467241843,5.138328073683624e-05,0.23095683865738825,0.38928998180336716,0.02078547425134788,10.953473101636884,0.514485688643246,6.077720207253886,-0.33408856770450535,0.10585451683588863,-1.6045592724983002,0.013102102312098306,6.083333333333333,2.9115495455553093,-0.6439018899092085,-0.36771969614072286,0.25008654094731997,Personal Services,Consumer Cyclical,WW
2015Q1,2015,Q1,2015-05-14,2015-04-04,-5484000.0,322103000.0,18044000.0,-0.0965,157303000.0,0.4883624182,1446421000.0,-1390292000.0,345232000.0,606163000.0,2836713000.0,28112000.0,1897669000.0,408960000.0,2485136000.0,-24.476971830985917,0.5695365767953504,1.5812719809792584,-1.6451112428180554,0.012453887216030536,-24.476971830985917,0.003944495113256783,1.269655979609007,-18.64332603938731,-0.29415403382886474,-0.00036469730123997083,5.862265224815026,4.890453834115806e-06,0.22268965951130412,0.39960208722736296,-0.0037914272538908103,-22.471564371668773,0.4883624182326771,0.6288461538461538,-1.1669908406627936,0.12686643849104812,-1.6850928215894707,-0.053930354243098576,0.6300344059906902,-0.5680773649942551,-1.129604676866252,-0.1744930279543347,0.03373280158721296,Personal Services,Consumer Cyclical,WW
2014Q4,2014,Q4,2015-03-04,2015-01-03,-14823000.0,327827000.0,41776000.0,-0.26,166270000.0,0.5071882426,1515187000.0,-1389808000.0,427728000.0,377030000.0,2904995000.0,32382000.0,1883349000.0,1220751056.6999998,3277539056.7,-24.511604938271606,1.1344667533087553,1.556243552775994,-1.696637233344462,0.03582332909946989,-24.511604938271606,0.010665501997398201,3.723766061672772,-20.5887987704918,-0.8783594976428397,-0.6658571139445456,4.989098882094991,0.008085186529906528,0.2163607528311687,0.8836750391215553,-0.009782950883290313,-86.70106936789772,0.5071882425791653,-1.3880597014925373,-2.0757603341759006,0.429645090359008,-1.561878591167926,-0.11354342714869886,-1.3911907526654703,-0.5429021598792043,-1.2993692033920747,0.0503736988891919,-3.36077175753967,Personal Services,Consumer Cyclical,WW
2014Q3,2014,Q3,2014-11-05,2014-09-27,37892000.0,345184000.0,91394000.0,0.67,187567000.0,0.5433826597,1558330000.0,-1363668000.0,438987000.0,378358000.0,2921998000.0,23460000.0,1895470000.0,1567187943.3,3609806943.3,-24.050582010582012,1.1602424159129714,1.5208588681473116,-1.7379596793354395,0.06030501074938237,-24.050582010582012,-0.02778682201239598,4.540152334117456,10.339833891718568,-1.149244495947694,2.639079489074211e-05,6.718542199488491,6.38085562280627e-07,0.22150892301373906,0.949975948704666,0.02431577393748436,24.518342641468106,0.5433826596829517,-0.2947368421052631,-0.021128961841802726,0.4446134445066117,-1.4616276840042468,-0.16937390950073955,-0.29832228435983854,-0.20224503334380783,-0.39012909877964647,0.045830935136328,-2.762144477531431,Personal Services,Consumer Cyclical,WW
2014Q2,2014,Q2,2014-08-07,2014-06-28,54002000.0,397547000.0,114564000.0,0.95,225814000.0,0.5680183727,1526364000.0,-1404304000.0,399551000.0,385729000.0,2930668000.0,28509000.0,1855225000.0,1162564056.6,3262094056.6,-24.811024734982333,1.035833447835138,1.556640486803934,-1.6919413460333375,0.07731808330572043,-24.811024734982333,-0.0384546366029008,2.924343679112155,5.382041667901189,-0.8278578260832412,0.0001111069960371838,6.023817040232909,5.161005938500645e-06,0.26045360084488367,0.8134208213538521,0.03537950318534766,21.05445889128348,0.5680183726704012,1.4999999999999998,0.25022324588268446,0.45179797159413765,-1.404532176148668,0.013073126962763571,1.5081045933769912,1.2440209194366638,-0.19568152679692502,0.059481327001977335,-2.3534927144490183,Personal Services,Consumer Cyclical,WW
2014Q1,2014,Q1,2014-05-08,2014-03-29,21531000.0,409358000.0,51053000.0,0.38,222900000.0,0.5445111614,1483065000.0,-1461015000.0,368024000.0,398989000.0,2944080000.0,32669000.0,1794310000.0,1164660000.0,3315027000.0,-25.904521276595744,0.9223913441222691,1.6061332443284684,-1.6303734047905052,0.033097496545991485,-25.904521276595744,-0.014737015020379668,2.8450891395795366,13.523059774278945,-0.7971581400601636,0.003390460266592355,5.707490281306438,6.267923685882577e-05,0.2760216173937083,0.6819135364634112,0.014517907171971559,15.554309066869667,0.544511161379526,-0.29629629629629634,-0.37214483586268965,0.43048406473344886,-1.3435233489089495,0.047664258621256915,-0.3008961620884473,-0.354919006343029,-0.6218395395491766,0.051019778960618614,-1.9498480136333574,Personal Services,Consumer Cyclical,WW
2013Q4,2013,Q4,2014-02-26,2013-12-28,30798000.0,378168000.0,79142000.0,0.54,212759000.0,0.5626044509,1408931000.0,-1474622000.0,315725000.0,345820000.0,2883553000.0,40939000.0,1773267000.0,1845408056.4,4058851056.4,-26.14578014184397,0.9129749580706726,1.6949020214616615,-1.619398055908565,0.050796086302556845,-26.14578014184397,-0.020885352314016746,4.879863067208225,14.979934219754533,-1.2514448152814757,0.3204753555425677,4.040377146486236,0.005348410594486228,0.2684077502730794,0.6095801283904921,0.02185912581950429,136.82865399273376,0.562604450931861,-0.4953271028037383,-0.0894314595916123,0.53930397522532,-1.341058313914245,-0.0747959418852926,-0.4888977397192074,-0.36442338580147765,-0.13934500027401484,0.4493239343851984,-1.9014655998367362,Personal Services,Consumer Cyclical,WW
2013Q3,2013,Q3,2013-11-06,2013-09-28,60258000.0,393898000.0,124520000.0,1.07,229959000.0,0.5838034212,1408236000.0,-1509394000.0,304412000.0,384178000.0,2917630000.0,33562000.0,1742505000.0,2128703056.3,4341448056.3,-26.809840142095915,0.7923722857633702,1.6999991478701013,-1.58606699112359,0.08656981894931973,-26.809840142095915,-0.03992198193447172,5.404198691793307,8.831620101480302,-1.4103031125736554,0.16334760529722195,4.884661224003337,0.004623942250126979,0.2797102190257883,0.5611122969040393,0.04278970286230433,19.02904418053743,0.5838034211902574,-0.06956521739130422,-0.8983104727434528,0.5455805195760426,-1.3183183888032404,-0.17353473929356966,-0.0717542670528067,-0.1913025406556866,0.8088457081214743,0.5892952549840951,-1.825145429873524,Personal Services,Consumer Cyclical,WW
2013Q2,2013,Q2,2013-08-08,2013-06-29,64916000.0,465129000.0,153976000.0,1.15,278244000.0,0.598208239,1310819000.0,-1561127000.0,252412000.0,337121000.0,2871946000.0,36216000.0,1693974000.0,2576000000.0,4856023000.0,-27.877267857142858,0.7487282014469582,1.8309163965429247,-1.5373509009837123,0.11285979348423657,-27.877267857142858,-0.04158277962010778,5.538248528902734,9.920512662517714,-1.6500899670558513,0.15179616735473536,5.160288270377734,0.0038253105590062113,0.35483846358650584,0.4679744068153571,0.04952323699915854,58.18444650238294,0.5982082390046632,0.32183908045977,0.9713644151362012,0.6370306664266752,-1.4614035004778045,-0.006803498126003927,0.33152831620618217,0.4931874824232198,0.5811397922576128,0.6931778246120689,-2.065365917514134,Personal Services,Consumer Cyclical,WW
2013Q1,2013,Q1,2013-05-09,2013-03-30,48753000.0,486928000.0,103119000.0,0.87,280150000.0,0.5753417343,1314720000.0,-1620713000.0,273811000.0,586296000.0,2935433000.0,44290000.0,1641666000.0,2349738055.7999997,4628378055.799999,-29.045035842293906,0.46701836614952175,1.825499726177437,-1.4808426908403893,0.08137773715257998,-29.045035842293906,-0.030081205000515206,4.825637580504715,12.049197258630238,-1.449817491314008,8.204623305232499e-05,4.668728832693611,1.702317409434877e-06,0.3703663137398077,0.27920879555719297,0.037082420591456736,25.552851970507632,0.5753417343015805,-0.09374999999999997,0.21029663282869707,0.5867521622332285,-1.5821499439291018,0.1431707635556426,-0.1593585653935684,-0.15848015733766393,0.5111608257404547,0.734029813610409,-2.186203660381911,Personal Services,Consumer Cyclical,WW
2012Q4,2012,Q4,2013-02-27,2012-12-29,57995000.0,407915000.0,122539000.0,0.96,245064000.0,0.6007722197,1218607000.0,-1665459000.0,217967000.0,447855000.0,2884066000.0,46846000.0,1603513000.0,2836243888.6,5172392888.6,-29.90052064631957,0.48669100490113987,1.9746842091010472,-1.4448653494321986,0.10346859938845615,-29.90052064631957,-0.03482223218944447,6.9530267055636585,12.226243161479436,-1.7029803126945784,0.3361669109405983,3.4763053409042395,0.006873879950297021,0.3347387631943686,0.2402072099228545,0.04759122506271505,118.01455867349061,0.6007722197026342,-0.2,1.2242833640069724,0.8107680190092429,-1.7458008369585574,-0.042093865920346474,-0.13908022088949587,-0.07156170444902413,3.2844771861722095,0.810844077726581,-2.1251117134715902,Personal Services,Consumer Cyclical,WW
2012Q3,2012,Q3,2012-11-08,2012-09-29,67364000.0,430610000.0,131984000.0,1.2,255833000.0,0.5941176471,1197956000.0,-1720434000.0,224892000.0,498613000.0,2918390000.0,40173000.0,1553654000.0,2935679944.4,5269682944.4,-30.943057553956834,0.4510351715659239,2.015594896640611,-1.4034795871274341,0.11695423740948485,-30.943057553956834,-0.03915523641127762,6.817491336476162,10.89483976753162,-1.7063601070427579,0.14443916632028977,4.350608617728325,0.003314394002166553,0.3594539365385707,0.24373010731769928,0.05623244927192651,28.115230849678213,0.5941176470588235,-0.11764705882352951,0.9370983746217868,0.8167709892539369,-1.5928337187303643,-0.128408579877625,-0.13036069298494746,-0.1402141907913594,0.7746556050827887,0.8377793774151883,-2.1670870613044926,Personal Services,Consumer Cyclical,WW
2012Q2,2012,Q2,2012-08-09,2012-06-30,77462000.0,484752000.0,153508000.0,1.36,293524000.0,0.6055137472,1193578000.0,-1784594000.0,247198000.0,507068000.0,2978172000.0,40362000.0,1494135000.0,2913140056.5,5316062056.5,-31.585734513274335,0.4875046344868933,2.089368269187267,-1.3974181242344197,0.13311200020495892,-31.585734513274335,-0.04340595115751818,6.009547266437271,9.401835921161343,-1.6323825231397169,0.12551960961503705,4.737822704524057,0.003337635613607169,0.40613349106635677,0.26336507135137693,0.06489898439817088,55.60382616289057,0.6055137472357,0.8378378378378379,0.860312250909351,0.7487111517318457,-1.508687339185044,0.01789052069425901,0.41858804138815126,0.4936462529433514,0.7965297541936831,0.7733942571164123,-2.0610954507402255,Personal Services,Consumer Cyclical,WW
2012Q1,2012,Q1,2012-05-10,2012-03-31,54605000.0,503535000.0,102774000.0,0.74,288365000.0,0.5726811443,1176123000.0,-1856797000.0,231292000.0,1289154000.0,3032920000.0,45585000.0,646372000.0,5658027146.6,7329204146.6,-25.331473396998636,0.17941378609537728,1.4886096097091885,-0.9429075984073649,-0.5962366389465888,-25.331473396998636,-0.029408169013629384,11.236611450246755,25.904345511400056,-3.0471974839468183,0.23829319659371853,4.7201930459581005,0.0022997415287798893,0.4281312413752643,0.09587450374431604,0.046427967142892365,62.99435688392082,0.5726811443097302,0.12121212121212115,0.1773140895763921,0.4630950882370633,-1.0466684104845163,0.27783981636577954,-0.142253499002529,-0.12135694072788517,0.22518821449125753,0.35389359773279505,-1.2916810055767096,Personal Services,Consumer Cyclical,WW
2011Q4,2011,Q4,2012-02-28,2011-12-31,63661000.0,401278000.0,116969000.0,0.66,225666000.0,0.5623682335,1121628000.0,-409766000.0,214526000.0,494207000.0,1531394000.0,53437000.0,1378616000.0,4010228854.2000003,5014560854.200001,-5.620932784636488,0.4340812655425763,0.93774495643832,-2.5668332658151236,0.115274017883046,-5.620932784636488,-0.15535940024306555,9.993642447879028,15.748373628281051,-9.786631526773819,0.20230596440520884,3.286337182102289,0.0032115374130111157,0.3577638931981013,0.19150679775883384,0.056757677233449946,318.7527902551467,0.5623682334939867,-0.3944954128440367,0.9820562651478161,0.9386504704366904,-7.266019588903533,-0.10158728894869477,-0.21065096094234345,-0.1542310501160529,0.4561803254254945,0.2636783358684881,0.49670916851447433,Personal Services,Consumer Cyclical,WW
2011Q3,2011,Q3,2011-11-10,2011-10-01,80650000.0,428434000.0,138299000.0,1.09,251183000.0,0.5862816677,1086499000.0,-470509000.0,189293000.0,481595000.0,1557008000.0,38454000.0,1325581000.0,4287200000.0,5292579000.0,-6.3927853260869565,0.393054329882993,0.9818692884208822,-2.267331761985424,0.15041388753870297,-6.3927853260869565,-0.17141011117746952,10.006675473935308,13.28952262864228,-9.111834205084282,0.15961562306261623,4.609429448171841,0.0030026590781862287,0.3943252593881817,0.20806486778309574,0.07422924457362592,39.13214125980083,0.5862816676547613,-0.06837606837606826,1.1091998446284614,0.9916279869136011,-5.031017153202043,-0.12525509315688665,-0.07259409174016536,-0.10964398377647588,-0.8958890360639823,0.28594492458830306,0.4471988009406949,Personal Services,Consumer Cyclical,WW
2011Q2,2011,Q2,2011-08-11,2011-07-02,86963000.0,486013000.0,155330000.0,1.17,287150000.0,0.5908278174,1104470000.0,-542396000.0,196573000.0,471016000.0,1646866000.0,35888000.0,1249105000.0,5680869243.378,6783250243.378,-7.398562289424507,0.41733826451755357,1.0527791610455695,-2.143752903782476,0.15523625028050497,-7.398562289424507,-0.16033119713272223,11.688718703775415,16.331282394173385,-10.473656227881474,0.1483159504616906,5.54121154703522,0.0022704271912321813,0.44004183001801767,0.22343826961292185,0.07873731291931876,98.98536779944591,0.59082781736291,0.16999999999999993,1.0377543929336779,1.0541443684026288,-5.715981550674808,0.014155441439277818,0.1816748875572405,0.14439590071538558,1.0172910334168088,0.306622603110884,0.34674921477190296,Personal Services,Consumer Cyclical,WW
2011Q1,2011,Q1,2011-05-12,2011-04-02,73593000.0,503432000.0,135731000.0,1.0,283142000.0,0.5624235249,1126032000.0,-640182000.0,224907000.0,570284000.0,1762588000.0,38320000.0,1169098000.0,5214536927.1,6388238927.1,-8.781646090534979,0.3943771875065757,1.1109346803643236,-1.9540505668700463,0.13778240112196838,-8.781646090534979,-0.11495637178177456,10.357976702116671,17.71410639293139,-8.145397601150924,0.17629394099982335,5.7486951983298535,0.0024880445150506064,0.4470849851513989,0.2174548119884128,0.06535604671980903,29.373701173362477,0.5624235249249154,3.166666666666667,0.7807032143991987,1.029835272560114,-20.044929237391756,0.4999390789801291,0.5044155525573408,0.4092258814734831,0.3984072208244643,0.2557171861979014,0.219297676773352,Personal Services,Consumer Cyclical,WW
2010Q4,2010,Q4,2011-03-02,2011-01-01,48918000.0,356693000.0,96316000.0,0.24,188769000.0,0.5292198053,1091987000.0,-694766000.0,190442000.0,539135000.0,1782711000.0,40571000.0,1103817000.0,2890479154.2,4215030154.2,-9.011232166018159,0.3532362024353826,1.2500927208840398,-1.964812613167599,0.08990113759787496,-9.011232166018159,-0.07040931766954629,8.103548861906457,14.772063219060467,-4.160363567301796,0.2660370415797866,4.139015552981194,0.004502367706437203,0.32664583003277514,0.15627996698415053,0.044797236597138974,71.73650892710893,0.529219805266714,-0.5932203389830508,0.6768796775139583,0.891161834159583,-10.471776421638694,0.05747609364233736,0.10083939059792515,0.06488882992249605,0.35540496045434017,0.143901273687907,0.17248769290155705,Personal Services,Consumer Cyclical,WW
2010Q3,2010,Q3,2010-11-12,2010-10-02,44437000.0,330606000.0,90447000.0,0.59,178509000.0,0.5399448286,1103057000.0,-712678000.0,209097000.0,586964000.0,1811261000.0,25696000.0,1065548000.0,2346875000.0,3662842000.0,-9.489720372836219,0.35623479463817204,1.259138920291517,-1.9488492699367737,0.08172701895494297,-9.489720372836219,-0.062352142201667515,7.098706617544751,13.203383441726489,-3.293036967606689,0.2995926817741972,5.919092465753424,0.005672649800266312,0.29971796561737063,0.18621244233036438,0.04028531617133113,27.964955553966778,0.5399448285875029,-0.19178082191780824,0.2351344636012294,0.7648814544311336,-88.5029356790321,-0.1566676587723401,-0.21079458672255177,-0.19357513507730167,-0.05397329611967214,0.03267023842758972,0.2048210839828321,Personal Services,Consumer Cyclical,WW
2010Q2,2010,Q2,2010-08-12,2010-07-03,56306000.0,376742000.0,112158000.0,0.73,211671000.0,0.5618460379,1090056000.0,-698440000.0,202536000.0,546970000.0,1783595000.0,23955000.0,1032581000.0,1934592076.8,3275749076.8,-9.094270833333333,0.3702872186774412,1.2905015889091938,-2.014087108413035,0.0967554296310076,-9.094270833333333,-0.08061680316133096,5.135058148016414,8.589635548609383,-2.7698758329992557,0.24041842787624765,6.8908787309538715,0.00699734076363607,0.3456171059101551,0.18921695888257126,0.05165422693879947,25.977093400292723,0.5618460378720717,0.2586206896551725,1.1956674181823896,0.6200686861870867,-24.902125204614634,-5.668853899462876e-05,0.2631177513067277,0.2267492097520426,-0.005192515701388518,-0.0001617739531259912,0.2776903101900331,Personal Services,Consumer Cyclical,WW
2010Q1,2010,Q1,2010-05-13,2010-04-03,44577000.0,387997000.0,91427000.0,0.58,211683000.0,0.5455789607,1092964000.0,-702834000.0,208044000.0,616584000.0,1793047000.0,29715000.0,1292625000.0,1970675922.9,3333232922.9,-9.115875486381324,0.3374138803472033,1.293958446938783,-2.0122105646568036,0.07857858894806709,-9.115875486381324,-0.06342464934821025,5.079100928357693,11.05208921024295,-2.803899530899188,0.3038562487381385,5.933501598519267,0.00687327624121347,0.35499522399639877,0.15104511307461757,0.04078542385659546,32.51833145605756,0.545578960662067,-0.06451612903225812,0.149813517021952,0.5657374294584611,-4.761284540659743,0.6241205490382623,1.3829047949965254,0.8203484320557491,-0.0862647822837704,0.07181752410940972,0.2634785154622155,Personal Services,Consumer Cyclical,WW
2009Q4,2009,Q4,2010-03-03,2010-01-02,18707000.0,311315000.0,50225000.0,0.62,130337000.0,0.4186659814,1087509000.0,-736512000.0,199951000.0,536055000.0,1820779000.0,32488000.0,1260349000.0,3657994560.0000005,5064857560.0,-9.567824573254697,0.3730046357183498,1.3360808968017737,-1.9728123913799096,0.037137469361892356,-9.567824573254697,-0.025399450382342717,11.750139119541302,48.88537125140322,-4.9666462460896765,0.7206393328700487,5.570610687022901,0.0036853526649312457,0.2862642975828246,0.1599817182938318,0.01720169672159035,192.95255617681192,0.4186659814014744,-0.08823529411764713,-0.40375818250970963,0.842095696582477,-6.163505141466054,-0.26774909407567626,-0.6441438870817402,-0.5039016199130778,-0.44842118980885465,0.4243447406758185,-13.070231467966329,Personal Services,Consumer Cyclical,WW
2009Q3,2009,Q3,2009-11-12,2009-10-03,52569000.0,324494000.0,101240000.0,0.68,177995000.0,0.5485309436,1076725000.0,-752305000.0,188046000.0,517188000.0,1824938000.0,23201000.0,1252995000.0,3308690000.0,4720524000.0,-9.770194805194805,0.363593122810274,1.3695465415960435,-1.9601424953974784,0.08567097689015668,-9.770194805194805,-0.06987724393696705,10.19645971882377,15.734986398828207,-4.39806993174311,0.25644391181114345,6.314339899142278,0.004074422203349362,0.3013712879333163,0.1956986627686644,0.048823051382665024,44.52550127842821,0.5485309435613601,-0.12820512820512817,0.419453680636134,0.7897551902502474,-6.005319189348332,-0.1420645976025334,-0.10539123923624111,-0.0907131309502425,0.3141052906394209,0.4418432611977542,-8.217298791467952,Personal Services,Consumer Cyclical,WW
2009Q2,2009,Q2,2009-08-13,2009-07-04,58762000.0,372526000.0,111340000.0,0.78,207469000.0,0.5569248858,1085560000.0,-794520000.0,197452000.0,507235000.0,1878346000.0,28193000.0,1212106000.0,2813580000.0,4290614000.0,-10.318441558441558,0.38927124508363975,1.4096411068941377,-1.9260056386245783,0.09246478088181476,-10.318441558441558,-0.07395911997180687,7.5527077304671355,11.970235866716585,-3.5412324422292705,0.2295190769544944,5.854538360585961,0.004793537059546911,0.34316481815836986,0.1843287628022514,0.05413058697814953,60.911865947911934,0.5569248857797845,0.278688524590164,0.5204993003819537,0.924500921130121,-6.238036649891099,-0.02217058720949414,0.2554641598119859,0.18642442325110556,0.3109686669840338,0.4990567860479602,-8.366476948807314,Personal Services,Consumer Cyclical,WW
2009Q1,2009,Q1,2009-05-14,2009-04-04,46805000.0,390578000.0,93845000.0,0.61,212173000.0,0.5432282412,1087242000.0,-850889000.0,213858000.0,527357000.0,1935596000.0,34226000.0,1164416000.0,3913561520.0000005,5422652520.0,-11.053664683416041,0.40552794406824977,1.442986014153243,-1.843806889030179,0.07986435213212828,-11.053664683416041,-0.055007174848893337,10.01992308834599,20.903544065804937,-4.599379613557115,0.29118683901292597,5.212557704668965,0.003482505623164447,0.35923740988666736,0.19065642439561814,0.04304929353354635,38.14090051457976,0.5432282412219839,0.21999999999999997,0.7536571589955126,0.9117324782273978,-7.592029668849238,0.14939110273245357,-0.017857142857142856,-0.06085503272421592,0.07252689146663319,0.4913811849348546,-25.48974789898137,Personal Services,Consumer Cyclical,WW
2008Q4,2008,Q4,2009-03-04,2009-01-03,47656000.0,346153000.0,99926000.0,0.5,184596000.0,0.5332786369,1106752000.0,-887516000.0,225041000.0,495124000.0,1994268000.0,40121000.0,1131080000.0,3700778190.0,5290956190.0,-11.16835919312419,0.45451442466937575,1.4795545885618457,-1.8450371598934554,0.08190755932528256,-11.16835919312419,-0.05369593336908856,10.691163127287645,19.41402021781098,-4.169815744166866,0.28235689105254325,4.026744099100222,0.003635992029017011,0.31276473862256404,0.1720215541965245,0.04305933036488753,-5234.48117397454,0.5332786369033347,-0.9523355576739753,0.6751938363776544,1.1456531443296423,-7.560920990993547,-0.05055419827697055,-0.9418744915420653,-0.07335212730442524,0.5849601807503778,0.7806139360109734,-13.217913521662965,Personal Services,Consumer Cyclical,WW
2008Q3,2008,Q3,2008-11-06,2008-09-27,819881000.0,352618000.0,107836000.0,10.49,194425000.0,0.5513757097,1110399000.0,-900828000.0,221991000.0,491740000.0,2011227000.0,32121000.0,1094072000.0,3966515240.0,5551210240.0,-11.564347792597918,0.45143978525236916,1.4791980180097424,-1.8233225432602007,0.139745356303573,-11.564347792597918,-0.9101415586549264,11.248759961204476,1.2094789487742734,-4.403188222390956,0.016751211456296707,4.924908938077893,0.003462485120818545,0.317559724027129,0.21720218001382843,0.7383661188455681,85.00525566842398,0.5513757096915075,16.779661016949156,96.95158328550626,1.2239621455894534,-8.436301393273576,-0.07443552111053456,16.685094909404658,0.06480503194336101,20.970479494919246,0.8147988316430299,-107.63268687686515,Personal Services,Consumer Cyclical,WW
2008Q2,2008,Q2,2008-08-07,2008-06-28,46360000.0,400014000.0,101273000.0,0.59,210061000.0,0.5251341203,1107130000.0,-892923000.0,215696000.0,425921000.0,2000053000.0,32502000.0,1036988000.0,4233708000.0,5789766000.0,-11.325761035007611,0.5064225525390859,1.4727267800529296,-1.8260253123729593,0.07983568921384478,-11.325761035007611,-0.05191937042723729,10.583899563515278,22.83060828300259,-4.741403234097453,0.300625539257981,5.844348040120608,0.003291913377115285,0.3613071635670608,0.28481338088518765,0.04187403466620903,65.59007250418293,0.5251341203057893,-0.18055555555555558,0.16686724492910804,1.0914404812321021,-8.986976231857993,-0.14572886801276969,-0.1918698903550822,-0.1270472020135848,0.7610428081161527,0.675634079468999,-31.257812170169,Personal Services,Consumer Cyclical,WW
2008Q1,2008,Q1,2008-05-08,2008-03-29,57367000.0,437027000.0,116012000.0,0.72,245895000.0,0.5626540237,1095106000.0,-893876000.0,216992000.0,468694000.0,1988982000.0,39844000.0,1000434000.0,4408829160.0,5937967160.0,-11.248392414461348,0.4629715763376531,1.45054451349915,-1.7770921246347369,0.10222238305270918,-11.248392414461348,-0.06417780542267608,10.088230612753904,19.213263548730104,-4.932260358259983,0.24261334913800617,4.797008332496738,0.0031568472024894705,0.3990727838218401,0.2355844111509855,0.05238488328983678,44.5066541490006,0.5626540236644418,0.3846153846153845,0.8934656994392658,1.3276870589896563,-14.03160695069677,0.36391622200281776,0.4406579608237067,0.28799182875921486,0.43564238443713754,0.7110645553780107,-5.641178410016075,Personal Services,Consumer Cyclical,WW
2007Q4,2007,Q4,2008-02-27,2007-12-29,39820000.0,344039000.0,90072000.0,0.52,180286000.0,0.5240277992,1046221000.0,-926330000.0,186336000.0,358431000.0,1972551000.0,44607000.0,950213000.0,3983640780.0,5591942780.0,-10.889544588907437,0.5198657482193225,1.5753124817796622,-1.779198557749398,0.07750040976905875,-10.889544588907437,-0.042986840542787126,11.579038364836544,25.010301230537415,-4.300455323696738,0.3493219487694626,3.671015759858318,0.0034917807021746573,0.32883970021630227,0.2293077328690878,0.03806079212709361,93.44688669950739,0.5240277991739308,-0.16129032258064513,0.7437889736399084,1.2477533951554813,-25.713427017865275,-0.040659404981721624,-0.1957342812708287,-0.15424557977070208,0.148497761488898,0.8421730711740455,-6.876802928664085,Personal Services,Consumer Cyclical,WW
2007Q3,2007,Q3,2007-11-08,2007-09-29,49511000.0,337450000.0,106499000.0,0.62,187927000.0,0.5569032449,1037488000.0,-944689000.0,183998000.0,317943000.0,1982177000.0,37656000.0,920837000.0,3557405460.0,5194973460.0,-11.934069404616025,0.5787137946109837,1.6253200037012476,-1.784978971915625,0.08832374845343852,-11.934069404616025,-0.052409840698896676,10.54202240331901,17.962702530750743,-3.765689512633258,0.2781806063299065,3.970761631612492,0.003871641890379288,0.3252567740542541,0.28952673906958165,0.04772199774840769,57.554813376692714,0.5569032449251741,-0.1506849315068493,0.8016354579833708,1.3907991983261518,-87.63837138451709,-0.14429276555442228,-0.14670044637471347,-0.11472152950955944,0.300419980471124,0.8104511788876663,-7.113882864052924,Personal Services,Consumer Cyclical,WW
2007Q2,2007,Q2,2007-08-09,2007-06-30,58023000.0,386277000.0,120300000.0,0.73,219616000.0,0.5685453703,1046309000.0,-991266000.0,202141000.0,287075000.0,2037575000.0,33659000.0,867055000.0,3974340879.9999995,5677311880.0,-12.590542480090434,0.7041400330923975,1.6862848355504922,-1.779920828516261,0.09569670459467303,-12.590542480090434,-0.05853423803499767,10.288836456739592,17.12398910776761,-4.009358618171106,0.23737138720852075,4.9514542915713475,0.0034654802936782813,0.36918061490439247,0.4200156753461639,0.055454937308194806,45.79050256930202,0.5685453702912676,0.1587301587301587,0.8930961065313381,1.3841635361793572,-55.10084624918636,-0.028707647264348296,0.07797347007022629,0.039353751781934426,0.4683675995960338,0.9516653038824731,-7.391442213361255,Personal Services,Consumer Cyclical,WW
2007Q1,2007,Q1,2007-05-10,2007-03-31,53826000.0,399401000.0,115745000.0,0.63,226107000.0,0.5661152576,1019181000.0,-1052856000.0,186631000.0,268168000.0,2072037000.0,34924000.0,817301000.0,4138460900.0,5902648900.0,-12.376930853690077,0.6959480624086394,1.7838588042751975,-1.7268030955800224,0.09302321992263023,-12.376930853690077,-0.05112380040575349,10.36166884910153,19.221477074276372,-3.930699829796287,0.3170958272953591,4.96203184056809,0.0041242385544829,0.3918842678582116,0.3683735568747949,0.052812993962799544,43.35101085225844,0.5661152575982534,0.6578947368421053,0.7928249086070969,1.3340618061875935,-17.6549280683279,0.5334174279261866,0.21514357955571609,0.4789614239531823,0.8249676127061335,0.76904589705693,-8.381180606937509,Personal Services,Consumer Cyclical,WW
