Quarters,Year,Quarter,FillingDate,Date,NetIncome,Revenue,OperatingIncome,EPSDiluted,GrossProfit,GrossProfitRatio,TotalAssets,CommonStockEquity,CurrentAssets,CurrentLiability,TotalLiability,Inventory,RetainedEarnings,MarketCap,EnterpriseValue,bookValuePerShare,currentRatio,debtToAssets,debtToEquity,roic,shareholdersEquityPerShare,roe,priceToSalesRatio,peRatio,pbRatio,payoutRatio,inventoryTurnover,dividendYield,assetTurnover,quickRatio,returnOnAssets,priceToFreeCashFlowsRatio,grossProfitMargin,epsdilutedGrowth,fiveYNetIncomeGrowthPerShare,fiveYRevenueGrowthPerShare,fiveYShareholdersEquityGrowthPerShare,grossProfitGrowth,netIncomeGrowth,operatingIncomeGrowth,threeYNetIncomeGrowthPerShare,threeYRevenueGrowthPerShare,threeYShareholdersEquityGrowthPerShare,Industry,Sector,Symbol
2023Q1,2023,Q1,2023-05-11,2023-03-31,-14040000.0,7843000.0,-14767000.0,-0.7,4244000.0,0.5411194696,101026000.0,86659000.0,52308000.0,8323000.0,14367000.0,0.0,-279849000.0,394827450.0,368427450.0,4.312895038072961,6.284753093836357,0.05841070615485123,0.06809448528139028,-0.1501706904693268,4.312895038072961,-0.1620143320370648,50.341380849164864,-7.030403311965811,4.556104386157236,0.0,0.0,0.0,0.07763348049017085,5.749249068845368,-0.13897412547265062,-44.32777029302795,0.5411194695907179,-0.12903225806451607,0.02957019091991463,-0.21654846563337954,-0.36168632179122745,0.11186795913020697,-0.12789203084832904,-0.1725424805462919,0.055807871037752574,-0.24083669363698904,0.2145688784896762,Information Technology Services,Technology,DMRC
2022Q4,2022,Q4,2023-03-02,2022-12-31,-12448000.0,7218000.0,-12594000.0,-0.62,3817000.0,0.5288168468,113777000.0,97590000.0,64141000.0,10134000.0,16187000.0,0.0,-265809000.0,368339289.99999994,340718289.99999994,4.898850459314292,6.3292875468719165,0.052532585671972366,0.06124602930628138,-0.11519886182518287,4.898850459314292,-0.12755405266933087,51.03065807702964,-7.397559648136246,3.7743548519315495,-0.0023296915167095116,0.0,7.873175842848588e-05,0.06343988679610114,5.720248667850799,-0.1094069978993997,-47.22298589743589,0.528816846771959,0.1842105263157895,0.1753531107372329,-0.176140278596132,-0.34286978064063456,-0.08355342136854742,0.16624246483590088,0.1687677381030955,0.1388001724628707,-0.1848058715173667,0.18553171782839506,Information Technology Services,Technology,DMRC
2022Q3,2022,Q3,2022-11-03,2022-09-30,-14930000.0,7821000.0,-15151000.0,-0.76,4165000.0,0.5325405958,119921000.0,100828000.0,70448000.0,12946000.0,19093000.0,0.0,-253361000.0,267219550.0,232915550.0,5.112722478576137,5.441680828054998,0.05045821832706532,0.060013091601539253,-0.13439680236461493,5.112722478576137,-0.1480739477129369,34.166928781485744,-4.474540354989953,2.650251418256834,0.0,0.0,0.0,0.06521793514063425,4.955739224470879,-0.12449862826360687,-23.397211277471325,0.5325405958317351,-0.013333333333333345,-0.9278272706137409,-0.5065230672035317,-0.2866475679573743,0.04203152364273205,-0.01987840699501332,-0.013512609539099605,-0.16314848286149433,-0.18859855450243312,0.09174446794544974,Information Technology Services,Technology,DMRC
2022Q2,2022,Q2,2022-08-04,2022-06-30,-14639000.0,7747000.0,-14949000.0,-0.75,3997000.0,0.5159416548,132754000.0,115279000.0,78915000.0,11130000.0,17475000.0,0.0,-238431000.0,276281460.0,235350460.0,5.899943702338912,7.090296495956873,0.04610030582882625,0.05308859375948785,-0.11551722926752934,5.899943702338912,-0.126987569288422,35.66302568736285,-4.718243390942004,2.396633038107548,0.0,0.0,0.0,0.058356057067960286,6.672057502246181,-0.11027163023336396,-19.36778548895899,0.5159416548341293,0.2718446601941748,-0.10780462142666442,-0.27145931182890376,-0.24558675175981776,0.19527511961722488,0.17670547213317586,0.14293085655314758,-0.10168228673056914,-0.25161083525422806,0.10289483170064113,Information Technology Services,Technology,DMRC
2022Q1,2022,Q1,2022-05-13,2022-03-31,-17781000.0,7411000.0,-17442000.0,-1.03,3344000.0,0.4512211577,93499000.0,71523000.0,29609000.0,15190000.0,21976000.0,0.0,-223792000.0,457361280.0,460400280.0,4.1237892066420665,1.9492429229756418,0.06702745483908919,0.08762216349985319,-0.2047499439396582,4.1237892066420665,-0.24860534373558157,61.713841586830384,-6.430477475957483,6.3946042531773,0.0,0.0,0.0,0.07926287981689643,1.6537195523370638,-0.1901731569321597,-36.9167228993462,0.4512211577384968,-1.06,-0.6753002401817602,-0.28718734684165914,-0.3861258441693276,-0.32512613521695255,-1.1568413391557497,-1.1154639175257732,-0.39151918155347804,-0.1328030569119737,-0.04961646336100517,Information Technology Services,Technology,DMRC
2021Q4,2021,Q4,2022-03-07,2021-12-31,-8244000.0,7125000.0,-8245000.0,-0.5,4955000.0,0.6954385965,64876000.0,55380000.0,44011000.0,7716000.0,9496000.0,0.0,-206011000.0,653986200.0,641977200.0,3.343193480229399,5.70386210471747,0.027436956655774093,0.03214156735283496,-0.13987105531048524,3.343193480229399,-0.14886240520043337,91.78753684210527,-19.832187045123725,11.809068255687974,0.0,0.0,0.0,0.10982489672606202,5.403706583722136,-0.1270731857697762,-82.23138438325161,0.6954385964912281,-1.9411764705882348,0.12578175096021796,-0.16042832319620728,-0.5390537911664514,0.17417061611374407,-1.871473354231975,-0.03632478632478633,0.2893805294402167,-0.05836882965812143,-0.32427513919871026,Information Technology Services,Technology,DMRC
2021Q3,2021,Q3,2021-11-15,2021-09-30,-2871000.0,6417000.0,-7956000.0,-0.17,4220000.0,0.6576281751597319,71952000.0,62885000.0,50852000.0,6382000.0,9067000.0,0.0,-197767000.0,568948800.0,546478800.0,3.806598062953995,7.968035098715136,0.037316544362908606,0.04269698656277331,-0.11684778449529347,3.806598062953995,-0.045654766637512924,88.66273959794296,-49.54273772204806,9.047448517134452,0.0,0.0,0.0,0.0891844563042028,7.56847383265434,-0.03990160106737825,-89.03737089201879,0.6576281751597319,0.8191489361702127,0.6821774672135957,-0.33778800792743713,-0.5368075422231807,-0.002128162686214235,0.8138373751783167,0.4845814977973568,0.7626281693672963,-0.09933547082457492,-0.30984058415604004,Information Technology Services,Technology,DMRC
2021Q2,2021,Q2,2021-08-06,2021-06-30,-15422000.0,6278000.0,-15436000.0,-0.94,4229000.0,0.6736221726664543,80548000.0,65242000.0,67345000.0,12178000.0,15306000.0,0.0,-194896000.0,550405000.0,537266000.0,3.970906877662812,5.530054196091312,0.10203853602820678,0.12597713129579105,-0.20159559035718433,3.970906877662812,-0.23638147205787682,87.67202930869703,-8.922399818441187,8.436360013488244,0.0,0.0,0.0,0.07794110344142623,5.3818360978814255,-0.19146347519491483,-79.98910042145037,0.6736221726664543,-0.8799999999999999,-0.5256818774352765,-0.3987276165976882,-0.20195245726377772,-0.02535146347084582,-0.8756993432254926,-0.8764891806467299,-0.3238942018716029,-0.20339561754851954,-0.35414298850747744,Information Technology Services,Technology,DMRC
2021Q1,2021,Q1,2021-04-29,2021-03-31,-8222000.0,6700000.0,-8226000.0,-0.5,4339000.0,0.6476119402985074,90148000.0,76793000.0,76620000.0,10750000.0,13355000.0,0.0,-179474000.0,484436780.0,487135780.0,4.701708198126492,7.127441860465116,0.08213160580378932,0.09641503782896879,-0.09514351613258776,4.701708198126492,-0.1070670503821963,72.30399701492537,-14.729894794453903,6.308345552328989,0.0,0.0,0.0,0.07432222567333718,6.943441860465116,-0.09120557305763854,-74.94380878712872,0.6476119402985074,0.026228249744114654,0.20966046412940517,-0.37269841144442933,-0.14571735079502252,0.12467599792638673,-0.05194472876151484,-0.050038294613224406,0.3008774421311098,-0.17665179065544256,-0.3041415041829054,Information Technology Services,Technology,DMRC
2020Q4,2020,Q4,2021-02-26,2020-12-31,-7816000.0,5553000.0,-7834000.0,-0.5134673498883195,3858000.0,0.6947595894111291,97028000.0,83839000.0,83832000.0,9776000.0,13189000.0,0.0,-171252000.0,719087280.0,704456280.0,5.507751937984496,8.575286415711947,0.05220142639238158,0.06041341141950644,-0.08592205088890392,5.507751937984496,-0.09322630279464211,129.49527822798487,-23.000488741044013,8.577002111189303,-0.03172978505629478,0.0,0.00034488163940266055,0.05723090241992002,8.350552373158756,-0.08055406686729603,-128.08822230138938,0.6947595894111291,0.24490095604658896,0.178432875013692,-0.3829074906691964,-0.09181710921919918,0.009155113784985614,0.06417624521072797,0.06582399236823278,0.3223703289287482,-0.17052465016317583,-0.26119193283329395,Information Technology Services,Technology,DMRC
2020Q3,2020,Q3,2020-10-30,2020-09-30,-8352000.0,5751000.0,-8386000.0,-0.68,3823000.0,0.6647539558337681,81505000.0,69173000.0,68073000.0,7663000.0,12332000.0,0.0,-163436000.0,273341530.0,232933530.0,5.6509272118290985,8.883335508286573,0.06199619655235875,0.07304873288710913,-0.10902296164124999,5.6509272118290985,-0.12074075144926488,47.52939141018953,-8.181918402777777,3.951563904991832,0.0,0.0,0.0,0.07056008833813876,8.57066423071904,-0.10247224096681186,-50.4413231223473,0.6647539558337681,-0.09677419354838718,-0.2685628591842993,-0.27521552926431425,-0.16035918164753882,-0.12796532846715328,-0.11942098914354644,-0.11249668347041655,-0.737444067493561,-0.4153984350839871,-0.21155457063322167,Information Technology Services,Technology,DMRC
2020Q2,2020,Q2,2020-07-30,2020-06-30,-7461000.0,6497000.0,-7538000.0,-0.62,4384000.0,0.6747729721409882,49590000.0,37277000.0,36164000.0,7006000.0,12313000.0,0.0,-155084000.0,193606920.0,186712920.0,3.0787082920383217,5.161861261775621,0.10163339382940109,0.13520401319848702,-0.16819516791505806,3.0787082920383217,-0.20015022668133164,29.799433584731414,-6.487297949336551,5.193736620436194,0.0,0.0,0.0,0.13101431740270217,4.8628318584070795,-0.15045372050816697,-40.95767294266977,0.6747729721409882,0.16216216216216217,-0.2331762764234551,-0.2569403111447359,-0.4704255012795234,0.09847156101227762,0.16243825774584644,0.16753175041413584,0.08887340737339183,-0.014031493540416516,-0.606332121091281,Information Technology Services,Technology,DMRC
2020Q1,2020,Q1,2020-05-01,2020-03-31,-8908000.0,6189000.0,-9055000.0,-0.74,3991000.0,0.64485377282275,50453000.0,42743000.0,36647000.0,5364000.0,7710000.0,0.0,-147623000.0,157082850.0,149178850.0,3.5509678491318435,6.832028337061894,0.0,0.0,-0.20071237643493614,3.5509678491318435,-0.20840839435697073,25.380974309258363,-4.408476930848676,3.675054394871675,0.0,0.0,0.0,0.12266862228212395,6.43717375093214,-0.17656036311022139,-25.26260051463493,0.64485377282275,-0.013698630136986314,-0.41947228975718465,-0.31662202615015456,-0.4307696133581143,0.1338068181818182,-0.02591270298284003,-0.02028169014084507,-0.20933794970600073,-0.14227103927504656,-0.47139698914370975,Information Technology Services,Technology,DMRC
2019Q4,2019,Q4,2020-02-27,2019-12-31,-8683000.0,5319000.0,-8875000.0,-0.73,3520000.0,0.6617785297988343,57388000.0,49450000.0,43294000.0,5444000.0,7938000.0,0.0,-138715000.0,401612520.0,392893520.0,4.132196874738865,7.952608376193975,0.0,0.0,-0.17071944744601472,4.132196874738865,-0.17559150657229525,75.5052679075014,-11.563184383277669,8.121587866531852,0.0,0.0,0.0,0.09268488185683418,7.501469507714916,-0.15130340837805814,-65.33471937530503,0.6617785297988343,-0.12307692307692301,0.4102150875280745,-0.43499027066031454,-0.4097201037407759,-0.09974424552429667,-0.11879912382424945,-0.10495517928286853,-0.2745528109412305,-0.1324209626666383,-0.43026914391026455,Information Technology Services,Technology,DMRC
2019Q3,2019,Q3,2019-10-31,2019-09-30,-7761000.0,5828000.0,-8032000.0,-0.65,3910000.0,0.6708991077556623,63586000.0,55841000.0,47787000.0,5006000.0,7745000.0,0.0,-130032000.0,466109160.00000006,452434160.00000006,4.683076148943307,9.545944866160607,0.0,0.0,-0.13689996849403463,4.683076148943307,-0.13898390071811034,79.97754975978039,-15.014468496327792,8.347077595315271,0.0,0.0,0.0,0.09165539584185198,8.970235717139433,-0.12205516937690687,-74.68501201730493,0.6708991077556623,0.04411764705882357,-1.3529767452471873,-0.4936686498248108,-0.25115862368658387,-0.02127659574468085,0.02168158325980083,0.014720314033366046,-0.19030223995268755,-0.16675518359461663,-0.43015639804593997,Information Technology Services,Technology,DMRC
2019Q2,2019,Q2,2019-07-25,2019-06-30,-7933000.0,6180000.0,-8152000.0,-0.68,3995000.0,0.6464401294498382,70839000.0,62402000.0,56337000.0,5484000.0,8437000.0,0.0,-122271000.0,532040650.0,501827650.0,5.34950707243892,10.272975929978118,0.0,0.0,-0.12492311155709067,5.34950707243892,-0.1271273356623185,86.09072006472492,-16.76669135257784,8.526019198102626,0.0,0.0,0.0,0.08724007961716004,9.88274981765135,-0.11198633521083019,-89.61439279097188,0.6464401294498382,0.081081081081081,-0.8049730665148328,-0.3345583513015166,-0.18078186776054864,0.13301191151446398,0.06262554649651424,0.05996309963099631,-0.10538499091173807,-0.16633562903551513,0.07510981887408448,Information Technology Services,Technology,DMRC
2019Q1,2019,Q1,2019-05-02,2019-03-31,-8463000.0,5660000.0,-8672000.0,-0.74,3526000.0,0.6229681978798587,57959000.0,49843000.0,43221000.0,5037000.0,8116000.0,0.0,-114338000.0,377692560.0,356496560.0,4.339078958823017,8.58070279928529,0.0,0.0,-0.1644077457766468,4.339078958823017,-0.1697931504925466,66.73013427561837,-11.157171215880895,7.577645005316695,0.0,0.0,0.0,0.09765523904829276,8.178479253523923,-0.14601701202574233,-65.10818134804344,0.6229681978798587,-0.0571428571428572,-1.5967881201315977,-0.5212884951500858,-0.3845402785807558,0.12795905310300704,-0.056026952832543046,-0.04962478818687969,-0.15669781983857747,-0.2465102361310417,-0.21160571608209003,Information Technology Services,Technology,DMRC
2018Q4,2018,Q4,2019-02-22,2018-12-31,-8014000.0,5227000.0,-8262000.0,-0.7,3126000.0,0.5980485938396786,61787000.0,56615000.0,49644000.0,4318000.0,5172000.0,0.0,-105875000.0,165923500.0,138645500.0,4.947566197675434,11.49698934691987,0.0,0.0,-0.1461153817686229,4.947566197675434,-0.1415525920692396,31.743543141381288,-5.176051285250812,2.930733904442286,0.0,0.0,0.0,0.08459708352889767,11.01065308012969,-0.12970365934581707,-29.89074040713385,0.5980485938396786,0.04109589041095894,-2.767670106373971,-0.5373922809648833,-0.3283481899234083,0.04934541792547835,0.03931910812754735,0.03997211247966535,-0.12057172454887896,-0.2273071012400273,-0.18418711983994598,Information Technology Services,Technology,DMRC
2018Q3,2018,Q3,2018-11-01,2018-09-30,-8342000.0,4914000.0,-8606000.0,-0.73,2979000.0,0.6062271062271062,67153000.0,62844000.0,54825000.0,3422000.0,4309000.0,0.0,-97861000.0,361189800.0,327414800.0,5.515534491837809,16.021332554061953,0.0,0.0,-0.13709017331478063,5.515534491837809,-0.13274139138183438,73.5021978021978,-10.824436585950611,5.747403093374069,0.0,0.0,0.0,0.07317617976858815,15.304500292226768,-0.12422378747040341,-51.96975539568345,0.6062271062271062,-0.028169014084507067,-5.317583015666416,-0.6015382896899484,-0.29713615295721185,-0.07856480049489638,-0.037820353321721824,-0.036492833915452244,-0.36123270431655,-0.33466350358925984,-0.18047645620285116,Information Technology Services,Technology,DMRC
2018Q2,2018,Q2,2018-08-02,2018-06-30,-8038000.0,5438000.0,-8303000.0,-0.71,3233000.0,0.5945200441338727,74752000.0,69703000.0,62609000.0,4105000.0,5049000.0,0.0,-89519000.0,303831600.0,268760600.0,6.148275557907736,15.251887941534713,0.0,0.0,-0.1192532191818102,6.148275557907736,-0.11531784858614406,55.87193821257815,-9.449850709131624,4.358945812949227,0.0,0.0,0.0,0.07274721746575342,14.769062119366627,-0.1075288955479452,-45.71646102919049,0.5945200441338727,0.013888888888888902,-9.067592163606243,-0.6861768723232051,-0.22675269761561356,-0.05688448074679113,0.009122287968441814,0.005985873338920148,-0.4188954262730026,-0.3357611033639879,0.05757663205521378,Information Technology Services,Technology,DMRC
2018Q1,2018,Q1,2018-04-26,2018-03-31,-8112000.0,5613000.0,-8353000.0,-0.72,3428000.0,0.6107251024407625,81365000.0,76121000.0,69346000.0,4303000.0,5244000.0,0.0,-81481000.0,269820700.0,221371700.0,6.756701579975147,16.1157332093888,0.0,0.0,-0.10988218993415458,6.756701579975147,-0.10656717594356353,48.070675218243366,-8.31548015285996,3.544628946020152,0.0,0.0,0.0,0.06898543599827936,15.676969556123634,-0.09969888772813863,-65.77784007801073,0.6107251024407625,0.05263157894736847,-6.0707016893058645,-0.6673961905528777,-0.13881965696421147,0.2238486254908961,0.03082437275985663,0.03567305472177326,-0.38109376971760656,-0.3378078166086906,0.08311874852187387,Information Technology Services,Technology,DMRC
2017Q4,2017,Q4,2018-02-22,2017-12-31,-8370000.0,4858000.0,-8662000.0,-0.76,2801000.0,0.5765747221078633,88370000.0,82347000.0,76313000.0,5038000.0,6023000.0,0.0,-73508000.0,399312900.0,358489900.0,7.4549158066268335,15.14747915839619,0.0,0.0,-0.10380005588637087,7.4549158066268335,-0.10164304710554119,82.19697406340057,-11.926908602150537,4.849149331487485,0.0,0.0,0.0,0.0549734072649089,14.716554188169908,-0.09471540115423786,-87.74179301252472,0.5765747221078633,-0.9487179487179487,-5.915966386554622,-0.6771168849760218,-0.03822964198791984,-0.5759273277819833,-0.9740566037735849,-0.9655094168368504,0.3840725387821385,-0.4409332050990217,0.0649267356689115,Information Technology Services,Technology,DMRC
2017Q3,2017,Q3,2017-10-27,2017-09-30,-4240000.0,8677000.0,-4407000.0,-0.39,6605000.0,0.7612077907110752,82161000.0,77384000.0,70094000.0,3788000.0,4777000.0,0.0,-65138000.0,395170200.0,369571200.0,7.167176067426137,18.504223864836327,0.0,0.0,-0.0570439333607989,7.167176067426137,-0.05479168820427995,45.54226115016711,-23.300129716981132,5.1066137702884316,0.0,0.0,0.0,0.10560971750587261,17.929514255543822,-0.05160599311108677,-61.99720740508315,0.7612077907110752,0.42647058823529416,-3.647114690013501,-0.3897032480109818,-0.04991319350100748,0.9051052783386213,0.3893129770992366,0.3748936170212766,-0.41966107294007654,-0.16746262666277265,0.14605823606413004,Information Technology Services,Technology,DMRC
2017Q2,2017,Q2,2017-07-27,2017-06-30,-6943000.0,5587000.0,-7050000.0,-0.68,3467000.0,0.6205477000178987,85167000.0,80286000.0,73510000.0,3852000.0,4881000.0,0.0,-60898000.0,412179900.0,377937900.0,7.820572764465225,19.083592938733126,0.0,0.0,-0.08792504997690655,7.820572764465225,-0.08647833993473333,73.7748165383927,-14.8415634451966,5.133895075106494,0.0,0.0,0.0,0.06560052602533845,18.601246105919003,-0.08152218582314746,-71.58386592566863,0.6205477000178987,-0.11475409836065584,-4.7469584544536385,-0.5976256874427327,0.05450321659999641,-0.08328926493918562,-0.11659697651978128,-0.09370152032268073,-0.7949977973952566,-0.3164289548375218,0.19763464678007975,Information Technology Services,Technology,DMRC
2017Q1,2017,Q1,2017-04-27,2017-03-31,-6218000.0,6091000.0,-6446000.0,-0.61,3782000.0,0.6209161057297652,73170000.0,68258000.0,61614000.0,3846000.0,4912000.0,0.0,-53955000.0,274347000.0,261212000.0,6.717645900993997,16.02028081123245,0.0,0.0,-0.09279423362812596,6.717645900993997,-0.09109554923964956,45.041372516828105,-11.030355419749116,4.019265141082363,0.0,0.0,0.0,0.08324449911165778,15.597763910556422,-0.08498018313516469,-69.71969504447269,0.6209161057297652,-0.0701754385964913,-1.824825608759189,-0.7630478407113962,-0.0716512894374644,0.2086928731224033,-0.08026407227241139,-0.09607209658221391,-1.1569151564147537,-0.4176069240809368,-0.04716173315722119,Information Technology Services,Technology,DMRC
2016Q4,2016,Q4,2017-02-23,2016-12-31,-5756000.0,5180000.0,-5881000.0,-0.57,3129000.0,0.6040540540540541,78736000.0,73334000.0,62907000.0,4446000.0,5402000.0,0.0,-47712000.0,303330000.0,291692000.0,7.252892888932846,14.149122807017545,0.0,0.0,-0.0798617370229003,7.252892888932846,-0.07849019554367688,58.55791505791506,-13.174513551077137,4.136280579267461,0.0,0.0,0.0,0.06578947368421052,13.767881241565451,-0.07310505994716521,-57.05981941309255,0.6040540540540541,-0.03636363636363619,-9.467583334916206,-0.6132249675659008,0.17146468551500618,-0.08347978910369068,-0.10734898037706811,-0.11912464319695527,-2.062598772304463,-0.48115704719512037,-0.015390912923575533,Information Technology Services,Technology,DMRC
2016Q3,2016,Q3,2016-11-03,2016-09-30,-5198000.0,5576000.0,-5255000.0,-0.55,3414000.0,0.6122668579626973,82163000.0,78122000.0,58911000.0,3092000.0,4041000.0,0.0,-41956000.0,364555100.0,339908100.0,8.218177992846623,19.052716688227683,0.0,0.0,-0.06742223266973142,8.218177992846623,-0.06653695501907274,65.37932209469153,-17.53343112735668,4.666484473003764,0.0,0.0,0.0,0.0678650974282828,18.43046571798189,-0.06326448644767109,-77.2526170798898,0.6122668579626973,0.11290322580645154,-6.738536603354376,-0.5399316159815346,0.37088882415933583,0.015165031222123104,0.01608934317622563,0.010357815442561206,-3.7184075731051025,-0.4580582456871117,0.04727115899330952,Information Technology Services,Technology,DMRC
2016Q2,2016,Q2,2016-07-26,2016-06-30,-5283000.0,5457000.0,-5310000.0,-0.62,3363000.0,0.6162726772952172,46886000.0,42727000.0,35847000.0,3648000.0,4159000.0,0.0,-36758000.0,274440520.0,264883520.0,4.975777337836264,9.826480263157896,0.0,0.0,-0.12463125400747119,4.975777337836264,-0.12364547007746858,50.29146417445483,-12.986963846299451,6.4231169986191405,0.0,0.0,0.0,0.1163886874546773,9.43311403508772,-0.11267755833297786,-77.50367692742164,0.6162726772952172,0.03125000000000003,-2.136126769958642,-0.5507993266822179,-0.19360541534594425,-0.007964601769911504,0.02796688132474701,0.029959810010960906,-8.000567186665155,-0.5842269066020036,-0.37421373399591656,Information Technology Services,Technology,DMRC
2016Q1,2016,Q1,2016-04-28,2016-03-31,-5435000.0,5580000.0,-5474000.0,-0.64,3390000.0,0.6075268817204301,50566000.0,46963000.0,37542000.0,3384000.0,3603000.0,0.0,-31475000.0,258549900.0,250483900.0,5.503691550451189,11.093971631205674,0.0,0.0,-0.11671016165990031,5.503691550451189,-0.11572940399889274,46.33510752688172,-11.892819687212512,5.505395737069608,0.0,0.0,0.0,0.11035082862002135,10.68144208037825,-0.1074832891666337,-88.69636363636364,0.6075268817204301,-0.03225806451612906,-5.66092633715786,-0.5062602754963895,0.010386445272592507,0.11807387862796834,-0.02489157080897605,-0.03536977491961415,-5.4854670357754465,-0.5634496135104126,-0.29852296697138425,Information Technology Services,Technology,DMRC
2015Q4,2015,Q4,2016-02-25,2015-12-31,-5303000.0,5016000.0,-5287000.0,-0.62,3032000.0,0.6044657097288676,56364000.0,51458000.0,42290000.0,4680000.0,4906000.0,0.0,-26040000.0,309787350.0,306627350.0,6.064584560989982,9.036324786324787,0.0,0.0,-0.10354453715368703,6.064584560989982,-0.10305491857437134,61.75983851674641,-14.604344239109937,6.020198025574254,0.0,0.0,0.0,0.08899297423887588,8.718589743589744,-0.09408487687176212,-90.21180838672103,0.6044657097288676,-0.14814814814814806,-2.5576974874281544,-0.6125534014817461,-0.1863150486398241,-0.07785888077858881,-0.18661893040948757,-0.18250950570342206,-5.05469569583113,-0.5659911913671501,-0.21759845238855352,Information Technology Services,Technology,DMRC
2015Q3,2015,Q3,2015-10-30,2015-09-30,-4469000.0,5386000.0,-4471000.0,-0.54,3288000.0,0.6104715930189379,59587000.0,55921000.0,48586000.0,3456000.0,3666000.0,0.0,-20737000.0,253839950.0,242387950.0,6.730172102539415,14.058449074074074,0.0,0.0,-0.08043805139302897,6.730172102539415,-0.07991631050946872,47.12958596360936,-14.200041955694788,4.539259848715152,0.0,0.0,0.0,0.09038884320405458,13.230324074074074,-0.07499958044539916,-76.94451348893604,0.6104715930189379,-0.08000000000000007,-1.6148376821963968,-0.1214408398282006,-0.05150875441626593,-0.01821439235592714,-0.11390827517447658,-0.10531520395550062,-4.625530797186009,-0.5077427143081678,-0.10784280169266541,Information Technology Services,Technology,DMRC
2015Q2,2015,Q2,2015-07-23,2015-06-30,-4012000.0,5798000.0,-4045000.0,-0.5,3349000.0,0.5776129699896516,50573000.0,46677000.0,39641000.0,3677000.0,3896000.0,0.0,-16268000.0,362429060.0,358382060.0,5.813550878067007,10.78079956486266,0.0,0.0,-0.08663778790230249,5.813550878067007,-0.08595239625511494,62.509323904794755,-22.58406405782652,7.764617691796817,0.0,0.0,0.0,0.11464615506297827,10.080500407941257,-0.07933086824985665,-131.077417721519,0.5776129699896516,0.03846153846153849,-2.9579131674465775,-0.02344269743217411,-0.1917810225148084,-0.0626924153372516,0.03325301204819277,0.03090560613320556,-3.7684229372472156,-0.4660881138620525,-0.21611775947607426,Information Technology Services,Technology,DMRC
2015Q1,2015,Q1,2015-04-28,2015-03-31,-4150000.0,5989000.0,-4174000.0,-0.52,3573000.0,0.5965937552178995,54271000.0,49656000.0,43233000.0,4457000.0,4615000.0,0.0,-12256000.0,174722000.0,169658000.0,6.238190954773869,9.700022436616559,0.0,0.0,-0.08403807111258389,6.238190954773869,-0.08357499597228935,29.17381866755719,-10.525421686746988,3.518648300306106,0.0,0.0,0.0,0.11035359584308378,9.135068431680503,-0.0764680952995154,-74.19193205944798,0.5965937552178995,0.5772357723577236,-1.9797531087641596,-0.4761638845719966,-0.13495264959205472,-0.020827624006577145,0.5473879376158796,0.007608178792201617,-1.70272094619929,-0.7025939712642764,-0.1379098251888687,Information Technology Services,Technology,DMRC
2014Q4,2014,Q4,2015-02-20,2014-12-31,-9169000.0,5863000.0,-4206000.0,-1.23,3649000.0,0.6223776223776224,57416000.0,52174000.0,45479000.0,5039000.0,5242000.0,0.0,-8106000.0,202348950.0,196226950.0,7.000402522474172,9.025401865449494,0.0,0.0,-0.17594803691275765,7.000402522474172,-0.17573887376854372,34.512868838478596,-5.517203348238629,3.878348411085981,0.0,0.0,0.0,0.1021143932005016,8.507243500694582,-0.1596941619060889,-136.35373989218328,0.6223776223776224,-3.3928571428571423,-13.973933620384717,0.005976081697239953,0.06463611092129536,-0.24089868941127524,-3.6191435768261964,-0.29814814814814816,-19.29884405852837,-0.4061024211106689,0.13068322737567342,Information Technology Services,Technology,DMRC
2014Q3,2014,Q3,2014-10-24,2014-09-30,-1985000.0,6927000.0,-3240000.0,-0.28,4807000.0,0.6939512054280352,48839000.0,44877000.0,29177000.0,3721000.0,3962000.0,0.0,1063000.0,148614960.0,145910960.0,6.25376254180602,7.841171728030099,0.0,0.0,-0.04427300546733825,6.25376254180602,-0.04423201194375738,21.45444781290602,-18.71724937027708,3.3116063908015243,0.0,0.0,0.0,0.14183337087163947,6.889545821015856,-0.04064374782448453,-56.05996227838551,0.6939512054280352,0.26315789473684204,-1.8724630378797835,0.44400447847757013,-0.05807364143894978,0.2953381837779574,0.2593283582089552,0.2732166890982503,-3.9029581303004446,-0.24288789141191877,0.04320120408326088,Information Technology Services,Technology,DMRC
2014Q2,2014,Q2,2014-07-25,2014-06-30,-2680000.0,5663000.0,-4458000.0,-0.38,3711000.0,0.6553063747130496,50589000.0,46448000.0,30895000.0,3863000.0,4141000.0,0.0,3048000.0,231883800.0,228611800.0,6.530015464642204,7.997670204504272,0.0,0.0,-0.05797201701068373,6.530015464642204,-0.05769893213916638,40.94716581317323,-21.630951492537317,4.992331209094041,-0.30970149253731344,0.0,0.0035793789820591174,0.11194133111941332,7.19803261713694,-0.05297594338690229,-68.30156111929308,0.6553063747130496,-0.310344827586207,-2.9778095447821453,0.3179525105040828,-0.028094510720709866,-0.266455821308559,-0.34944612286002014,-0.34236675700090335,-1.6957762985960851,-0.43724202191021444,0.058280696837722974,Information Technology Services,Technology,DMRC
2014Q1,2014,Q1,2014-04-25,2014-03-31,-1986000.0,7205000.0,-3321000.0,-0.29,5059000.0,0.7021512838306732,53871000.0,49351000.0,37579000.0,4015000.0,4520000.0,0.0,6558000.0,219800000.0,216745000.0,7.050142857142857,9.359651307596513,0.0,0.0,-0.040572200938675806,7.050142857142857,-0.040242345646491456,30.506592643997223,-27.668680765357504,4.4538104597677854,-0.4149043303121853,0.0,0.0037488626023657874,0.13374542889495275,8.76986301369863,-0.03686584618811606,-122.65625,0.7021512838306732,-0.5263157894736841,-1.5102927776796746,0.6634967583782215,0.04772915690380295,0.0474120082815735,-0.5455252918287937,0.020064915904396578,-3.076135242156564,-0.22285588572685697,0.2942892447358466,Information Technology Services,Technology,DMRC
2013Q4,2013,Q4,2014-02-21,2013-12-31,-1285000.0,6826000.0,-3389000.0,-0.19,4830000.0,0.7075886317023147,57197000.0,50923000.0,37158000.0,5778000.0,6274000.0,0.0,9368000.0,133144380.00000001,129333380.00000001,7.366266454506003,6.430944963655244,0.0,0.0,-0.02544439933384906,7.366266454506003,-0.02523417709090195,19.505476120714917,-25.903575875486382,2.6146216837185556,-0.624124513618677,0.0,0.006023536254402926,0.11934192352745773,6.143994461751471,-0.022466213262933372,-84.37539923954374,0.7075886317023147,-0.5833333333333334,-3.106608054604583,0.5196552738596538,0.08939351007941923,-0.1170018281535649,-0.6163522012578616,-0.6752347998022739,-1.4632867821574522,-0.35284859502952837,-0.011668466081643424,Information Technology Services,Technology,DMRC
2013Q3,2013,Q3,2013-10-31,2013-09-30,-795000.0,7425000.0,-2023000.0,-0.12,5470000.0,0.7367003367003367,58503000.0,53832000.0,39638000.0,4266000.0,4671000.0,0.0,11455000.0,138572000.0,133493000.0,7.847230320699708,9.291608063759963,0.0,0.0,-0.015013066894884589,7.847230320699708,-0.014768167632634863,18.662895622895622,-43.57610062893082,2.5741566354584635,-1.0050314465408805,0.0,0.005765955604306787,0.12691656838110865,8.93834974214721,-0.013589046715553048,-45.29977116704806,0.7367003367003367,-2.5,-4.64668126533181,0.5678986633619754,0.1630893735762043,-0.3449101796407186,-2.320598006644518,-2.49188790560472,0.43658792284036907,0.46698530471955807,0.10591960322300267,Information Technology Services,Technology,DMRC
2013Q2,2013,Q2,2013-07-26,2013-06-30,602000.0,10470000.0,1356000.0,0.08,8350000.0,0.7975167144221585,59517000.0,54466000.0,40322000.0,4560000.0,5051000.0,0.0,13049000.0,144124000.0,135819000.0,7.951240875912409,8.842543859649123,0.0,0.0,0.010900037721614483,7.951240875912409,0.011052766863731502,13.765425023877746,59.852159468438536,2.6461278595821245,1.3289036544850499,0.0,0.005550775720906996,0.17591612480467766,8.556140350877193,0.010114757128215468,61.64414029084688,0.7975167144221585,-0.38461538461538464,-0.05459370328027442,1.1344752445576556,0.45309608495733344,0.029720064126279443,-0.3800205973223481,-0.17518248175182483,1.6961017335766424,1.0669838770696103,0.10540767686635118,Information Technology Services,Technology,DMRC
2013Q1,2013,Q1,2013-05-03,2013-03-31,971000.0,10243000.0,1644000.0,0.13,8109000.0,0.7916625988479937,59185000.0,53650000.0,38782000.0,5028000.0,5535000.0,0.0,13247000.0,146196440.0,136566440.0,7.845861362971629,7.713206046141607,0.0,0.0,0.01778506168637463,7.845861362971629,0.01809878844361603,14.272814605096164,37.640690010298655,2.725003541472507,0.8249227600411947,0.0,0.005478929582690249,0.17306750021120215,7.496817820206842,0.016406183999324152,48.249650165016504,0.7916625988479937,-0.1566034155597722,0.09773828832764209,1.10420364767079,0.0,0.05778763370727889,-0.07874762808349146,-0.1441957313899011,-0.7331472057941414,0.04292305488352785,0.0879823386157797,Information Technology Services,Technology,DMRC
2012Q4,2012,Q4,2013-02-22,2012-12-31,1054000.0,9314000.0,1921000.0,0.15413863702837086,7666000.0,0.8230620571183165,57331000.0,53003000.0,37501000.0,3655000.0,4328000.0,0.0,13077000.0,141546600.0,134680600.0,7.751243053524423,10.260191518467852,0.0,0.0,0.01948004386385411,7.751243053524423,0.01988566684904628,15.197187030277002,33.57367172675522,2.670539403429994,0.7428842504743833,0.0,0.0055317471419306435,0.16246010012035372,9.982216142270861,0.018384469135371787,112.69633757961783,0.8230620571183165,0.10099026448836315,6.439272191173331,1.8725830306387148,0.5892284259400371,0.030930607853684778,0.05084745762711865,0.2096977329974811,2.876102518616329,0.7418310142967824,0.17882553650548236,Information Technology Services,Technology,DMRC
2012Q3,2012,Q3,2012-10-26,2012-09-30,1003000.0,8903000.0,1588000.0,0.14,7436000.0,0.8352240817701898,55273000.0,51003000.0,35391000.0,3873000.0,4270000.0,0.0,12806000.0,149485710.0,140816710.0,7.5437065522851645,9.137877614252517,0.0,0.0,0.01908852669724064,7.5437065522851645,0.019665509871968315,16.79048747613164,37.25964855433699,2.9309199458855364,0.7796610169491526,0.0,0.005231269263128897,0.16107321838872504,8.793699974180223,0.018146292041322166,158.01872093023255,0.8352240817701898,-0.1764705882352941,5.055257252730999,1.8442770211247765,0.0,-0.012352238013016336,-0.17516447368421054,-0.17762817193164163,2.540516538146795,0.9698412152462863,0.1362145580914676,Information Technology Services,Technology,DMRC
2012Q2,2012,Q2,2012-07-31,2012-06-30,1216000.0,9112000.0,1931000.0,0.17,7529000.0,0.8262730465320457,54386000.0,49964000.0,37703000.0,4003000.0,4422000.0,0.0,12585000.0,172871420.0,165398420.0,7.416357429122755,9.418685985510868,0.0,0.0,0.02392859314918554,7.416357429122755,0.02433752301657193,18.971841527655837,35.540999177631576,3.4599195420702906,0.0,0.0,0.0,0.16754311771411762,9.12840369722708,0.022358695252454677,105.40940243902439,0.8262730465320457,-0.7571428571428571,3.488960004768228,2.39463369811107,0.0,-0.505841428196377,-0.756751350270054,-0.7890539654795717,2.90558808114218,1.2389952513471314,0.1038256394415129,Information Technology Services,Technology,DMRC
2012Q1,2012,Q1,2012-04-26,2012-03-31,4999000.0,17046000.0,9154000.0,0.7,15236000.0,0.893816731197935,54425000.0,48757000.0,34479000.0,5227000.0,5668000.0,0.0,12148000.0,188259720.0,179712720.0,7.236123478777086,6.596326764874689,0.0,0.0,0.1157987975898859,7.236123478777086,0.10252886764977337,11.044216825061598,9.414868973794759,3.8611834198166415,0.0,0.0,0.0,0.3132016536518144,6.379376315286015,0.09185117133670188,18.790270486076455,0.893816731197935,9.411920529801325,20.197896705253783,4.1852457613151905,0.0,1.1553260715801386,10.035320088300221,6.621981681931723,7.5644040166999265,3.088626990367663,0.07536793300432627,Information Technology Services,Technology,DMRC
2011Q4,2011,Q4,2012-02-27,2011-12-31,453000.0,8925000.0,1201000.0,0.06723063223508459,7069000.0,0.7920448179271709,45793000.0,41717000.0,30471000.0,3612000.0,4076000.0,0.0,7149000.0,160970820.0,157551820.0,6.191303057287029,8.436046511627907,0.0,0.0,0.028167425154301293,6.191303057287029,0.010858882469976268,18.035946218487396,88.83599337748345,3.8586384447587316,0.0,0.0,0.0,0.19489878365689078,8.074473975636767,0.009892341624265718,71.7338770053476,0.7920448179271709,-0.2529929751657268,2.2447865274000622,1.7934613804129302,0.2693957271506429,0.03833725029377203,-0.29107981220657275,-0.15719298245614036,2.4852989677121466,1.0385556548797998,-0.08437124679117057,Information Technology Services,Technology,DMRC
2011Q3,2011,Q3,2011-10-26,2011-09-30,639000.0,8550000.0,1425000.0,0.09,6808000.0,0.7962573099415204,44239000.0,40201000.0,31439000.0,3559000.0,4038000.0,0.0,6696000.0,170198280.0,168079280.0,5.994780793319415,8.833661140769879,0.0,0.0,0.029302142246208918,5.994780793319415,0.015895126986890874,19.90623157894737,66.58774647887324,4.233682744210343,0.0,0.0,0.0,0.19326838310088384,8.416128125878055,0.014444268631750266,157.44521739130434,0.7962573099415204,-0.8200000000000001,2.8893758254867707,1.7539054203723883,0.0,-0.12527303096492357,-0.8237727523441809,-0.39258312020460356,1.998417486608744,0.8469205486050473,-0.11147429695846743,Information Technology Services,Technology,DMRC
2011Q2,2011,Q2,2011-07-28,2011-06-30,3626000.0,9473000.0,2346000.0,0.5,7783000.0,0.8215982265385834,45511000.0,41317000.0,31811000.0,3686000.0,4194000.0,0.0,6057000.0,234560880.0,229850880.0,6.170400238948626,8.630222463374933,0.0,0.0,0.1213951062219809,6.170400238948626,0.08776048599849941,24.76099229388789,16.17215113072256,5.677103371493574,0.0,0.0,0.0,0.20814748082881063,8.290558871405317,0.07967304607677266,119.12690705942103,0.8215982265385834,3.166666666666667,8.467293906810037,2.5507316122483417,0.0,0.045821015855952704,2.8656716417910446,0.6556104446012703,4.825388921276504,0.9756367875774742,0.12764593222151244,Information Technology Services,Technology,DMRC
2011Q1,2011,Q1,2011-04-29,2011-03-31,938000.0,9091000.0,1417000.0,0.12,7442000.0,0.8186118138818612,41875000.0,37389000.0,32381000.0,3976000.0,4486000.0,0.0,2431000.0,198369600.0,190946600.0,5.447115384615385,8.144114688128772,0.0,0.0,0.037898847254540104,5.447115384615385,0.02508759260745139,21.820437795622045,52.87036247334755,5.305560458958516,0.0,0.0,0.0,0.21709850746268658,7.939889336016097,0.0224,55.581283272625384,0.8186118138818612,-0.7009150326797385,2.904506993006992,1.714640040734015,0.0,-0.13855770343789792,-0.6594045025417574,-0.5500158780565259,0.05641422970968426,0.860476016117609,0.0,Information Technology Services,Technology,DMRC
2010Q4,2010,Q4,2011-03-03,2010-12-31,2754000.0,10473000.0,3149000.0,0.4012237762237762,8639000.0,0.824883032559916,55765000.0,51159000.0,39607000.0,4081000.0,4606000.0,0.0,1493000.0,205988640.0,199648640.0,7.453234265734266,9.705219308992893,0.0,0.0,0.06504892718781709,7.453234265734266,0.05383217029261714,19.668541965052995,18.699041394335513,4.026439922594265,0.0,0.0,0.0,0.18780597148749215,9.375643224699829,0.04938581547565678,52.32121920243841,0.824883032559916,2.910589410589411,18.36446914571914,2.2178017398898713,0.5281280277889682,1.292728237791932,2.8863013698630136,4.873308733087331,18.36446914571914,2.2178017398898713,0.5281280277889682,Information Technology Services,Technology,DMRC
2010Q3,2010,Q3,2010-11-01,2010-09-30,-1460000.0,5237000.0,-813000.0,-0.21,3768000.0,0.7194958945961428,53946000.0,50365000.0,46891000.0,3418000.0,3581000.0,0.0,-1261000.0,166519080.0,159258080.0,7.095660749506903,13.718841427735518,0.0,0.0,-0.018004245099391705,7.095660749506903,-0.028988384791025515,31.79665457322895,-28.51354109589041,3.3062460041695623,0.0,0.0,0.0,0.097078560041523,13.43124634289058,-0.02706410113817521,-403.19389830508476,0.7194958945961428,-0.6153846153846153,-9.395749305639415,0.5936503193487214,0.0,0.016181229773462782,-0.6294642857142857,-1.1507936507936507,-9.395749305639415,0.5936503193487214,0.0,Information Technology Services,Technology,DMRC
2010Q2,2010,Q2,2010-07-30,2010-06-30,-896000.0,5248000.0,-378000.0,-0.13,3708000.0,0.7065548780487805,54008000.0,51049000.0,49993000.0,2791000.0,2959000.0,0.0,199000.0,133068750.0,125243750.0,7.193039312385515,17.912217843067,0.0,0.0,-0.007556454201334366,7.193039312385515,-0.017551763991459187,25.356088033536587,-37.12855747767857,2.6066867127661655,0.0,0.0,0.0,0.09717078951266479,17.54747402364744,-0.016590134794845206,957.3291366906475,0.7065548780487805,-1.2549019607843137,-0.7409411666139862,0.8559436048864488,0.0,-0.5551289742051589,-1.2372881355932204,-1.0901502504173624,-0.7409411666139862,0.8559436048864488,0.0,Information Technology Services,Technology,DMRC
2010Q1,2010,Q1,2010-04-30,2010-03-31,3776000.0,10192000.0,4193000.0,0.51,8335000.0,0.817798273155416,54372000.0,51172000.0,50736000.0,3118000.0,3200000.0,0.0,1095000.0,122547920.0,110290920.0,7.211386696730552,16.27196921103271,0.0,0.0,0.08148616137499971,7.211386696730552,0.07379035409989838,12.023932496075354,8.113606991525424,2.3948237317282888,0.0,0.0,0.0,0.18744942249687338,16.034637588197562,0.06944750974766424,24.152132439889634,0.817798273155416,7.207478559176673,14.204040586245773,1.9439042182715747,0.0,1.1922672277748554,7.476843910806175,16.247272727272726,14.204040586245773,1.9439042182715747,0.0,Information Technology Services,Technology,DMRC
2009Q4,2009,Q4,2010-02-24,2009-12-31,-583000.0,5549000.0,-275000.0,-0.08215896279594137,3802000.0,0.6851684988286177,50483000.0,46659000.0,47228000.0,3725000.0,3824000.0,0.0,-2681000.0,106369040.0,97485040.0,6.575394588500564,12.678657718120805,0.0,0.0,-0.006007168210601631,6.575394588500564,-0.012494909878051394,19.16904667507659,-45.612795883361926,2.2797110953942434,0.0,0.0,0.0,0.10991819028187706,12.444563758389261,-0.011548442049798942,177.87464882943144,0.6851684988286177,0.17841037204058635,-4.96528021115817,0.6491743499000924,0.34814557093083986,0.177819083023544,0.15138282387190685,0.44889779559118237,-4.96528021115817,0.6491743499000924,0.34814557093083986,Information Technology Services,Technology,DMRC
2009Q3,2009,Q3,2009-10-30,2009-09-30,-687000.0,4769000.0,-499000.0,-0.1,3228000.0,0.6768714615223317,50372000.0,47365000.0,45473000.0,2873000.0,3007000.0,0.0,-2098000.0,108365460.0,97680460.0,6.639332772638071,15.827706230421162,0.0,0.0,-0.010581412361263127,6.639332772638071,-0.014504380871951864,22.722889494652968,-39.434301310043665,2.2878805024807347,0.0,0.0,0.0,0.0946756134360359,15.479289940828401,-0.013638529341697769,-153.70987234042553,0.6768714615223317,-0.11111111111111122,-4.930666826865313,0.44391182350662756,0.0,0.15450643776824036,-0.01327433628318584,0.386977886977887,-4.930666826865313,0.44391182350662756,0.0,Information Technology Services,Technology,DMRC
2009Q2,2009,Q2,2009-07-31,2009-06-30,-678000.0,4324000.0,-814000.0,-0.09,2796000.0,0.6466234967622572,51542000.0,48093000.0,47030000.0,3260000.0,3449000.0,0.0,-1411000.0,89976060.0,78390060.0,6.718776194467728,14.42638036809816,0.0,0.0,-0.017025988408585963,6.718776194467728,-0.014097685733890588,20.808524514338576,-33.17701327433628,1.870876426922837,0.0,0.0,0.0,0.08389274766210081,14.144171779141104,-0.013154320748127741,-106.35468085106383,0.6466234967622572,0.18181818181818185,-0.306137475039403,0.516141535391211,0.0,-0.050271739130434784,0.1619283065512979,0.1668372569089048,-0.306137475039403,0.516141535391211,0.0,Information Technology Services,Technology,DMRC
2009Q1,2009,Q1,2009-05-04,2009-03-31,-809000.0,4429000.0,-977000.0,-0.11,2944000.0,0.6647098667870851,51501000.0,48166000.0,41106000.0,3122000.0,3335000.0,0.0,-733000.0,69575760.0,47665760.0,6.728974573903325,13.166559897501601,0.0,0.0,-0.020410162161000837,6.728974573903325,-0.016796080222563636,15.709135244976293,-21.50054388133498,1.4444994394386084,0.0,0.0,0.0,0.08599833012951205,12.864830237027546,-0.015708432845964158,161.8040930232558,0.6647098667870851,-1.4301851851851852,-4.229218776194467,0.2682119874302634,0.0,-0.08656531182128452,-1.4969135802469136,-0.6903114186851211,-4.229218776194467,0.2682119874302634,0.0,Information Technology Services,Technology,DMRC
2008Q4,2008,Q4,2009-02-27,2008-12-31,-324000.0,4651000.0,-578000.0,-0.04526404023470243,3223000.0,0.6929692539238873,52441000.0,48401000.0,44882000.0,3783000.0,4040000.0,0.0,76000.0,71723160.0,52795160.0,6.761804973456273,11.864128998149617,0.0,0.0,-0.012322217377990165,6.761804973456273,-0.006694076568665937,15.421019135669749,-55.341944444444444,1.4818528542798701,0.0,0.0,0.0,0.088690147022368,11.632831086439333,-0.006178371884594115,-20.26077966101695,0.6929692539238873,-2.414501257334451,-3.18460161754378,0.370314013123003,0.38636507722374797,-0.0644412191582003,-2.4273127753303965,-20.40740740740741,-3.18460161754378,0.370314013123003,0.38636507722374797,Information Technology Services,Technology,DMRC
2008Q3,2008,Q3,2008-11-24,2008-09-30,227000.0,4931000.0,-27000.0,0.032,3445000.0,0.6986412492395052,55262000.0,48193000.0,53612000.0,6788000.0,7069000.0,0.0,400000.0,111287940.0,66749940.0,6.746885062298754,7.898055391868002,0.0,0.0,-0.0005602473388251406,6.746885062298754,0.0047102276264187745,22.569040762522814,122.56381057268723,2.3092137862345155,0.0,0.0,0.0,0.08922948861785676,7.813347083087802,0.004107705113821433,29.278595106550906,0.6986412492395052,-0.6444444444444444,0.297142857142857,0.49107952827335954,0.0,0.009967751392553504,-0.6581325301204819,-1.0609480812641083,0.297142857142857,0.49107952827335954,0.0,Information Technology Services,Technology,DMRC
2008Q2,2008,Q2,2008-06-30,2008-06-30,664000.0,5115000.0,443000.0,0.09,3411000.0,0.6668621700879765,43239000.0,39086000.0,41517000.0,3911000.0,4153000.0,0.0,0.0,101144880.0,68079880.0,5.471930561388772,10.615443620557402,0.0,0.0,0.01133398147674359,5.471930561388772,0.016988179910965562,19.77417008797654,38.081656626506025,2.587752136314793,0.0,0.0,0.0,0.11829598279331159,10.513423676809,0.015356506857235367,-5057.243999999935,0.6668621700879765,-0.30769230769230776,2.281853281853282,0.7972593113141252,0.0,0.0,-0.2813852813852814,-0.9128810226155359,2.281853281853282,0.7972593113141252,0.0,Information Technology Services,Technology,DMRC
2008Q1,2008,Q1,2008-03-31,2008-03-31,924000.0,5085000.0,5085000.0,0.13,0.0,0.0,,,,,,,,71358570.0,,,0.0,0.0,0.0,0.0,,0.0,14.033150442477876,19.306972402597403,0.0,,0.0,,0.0,0.0,0.0,0.0,0.0,5.274256756756756,2.6959999999999993,0.4591104734576758,0.0,-1.0,5.243243243243243,26.425,2.6959999999999993,0.4591104734576758,0.0,Information Technology Services,Technology,DMRC
2007Q4,2007,Q4,2007-12-31,2007-12-31,148000.0,3387000.0,-200000.0,0.020719585608287835,2234000.0,0.6595807499261883,38451000.0,34839000.0,36852000.0,3397000.0,3612000.0,0.0,0.0,63001260.0,33856260.0,4.877362452750945,10.848395643214602,0.0,0.0,-0.005277158692184581,4.877362452750945,0.0042481127472085885,18.60090345438441,106.42104729729729,1.808354430379747,0.0,0.0,0.0,0.08808613560115472,10.73447159258169,0.0038490546409716262,1400.028,0.6595807499261883,0.03597928041439175,0.0,0.0,0.0,-0.03457216940363008,-0.15428571428571428,-0.3698630136986301,0.0,0.0,0.0,Information Technology Services,Technology,DMRC
2007Q3,2007,Q3,2007-09-30,2007-09-30,175000.0,3307000.0,-146000.0,0.02,2314000.0,0.6997278500151194,,,,,,,,65644170.0,,,0.0,0.0,0.0,0.0,,0.0,19.85006652555186,93.7773857142857,0.0,0.0,0.0,0.0,0.0,0.0,0.0,340.12523316062175,0.6997278500151194,1.2857142857142858,0.0,0.0,0.0,0.21151832460732983,1.337837837837838,0.8268090154211151,0.0,0.0,0.0,Information Technology Services,Technology,DMRC
2007Q2,2007,Q2,2007-06-30,2007-06-30,-518000.0,2846000.0,-843000.0,-0.07,1910000.0,0.6711173576950106,,,,,,,,70072830.0,,,0.0,0.0,0.0,0.0,,0.0,24.62151440618412,-33.8189333976834,0.0,0.0,0.0,0.0,0.0,0.0,0.0,-130.48944134078212,0.6711173576950106,-3.3333333333333335,0.0,0.0,0.0,-0.2465483234714004,-3.072,-5.966942148760331,0.0,0.0,0.0,Information Technology Services,Technology,DMRC
2007Q1,2007,Q1,2007-03-31,2007-03-31,250000.0,3485000.0,-121000.0,0.03,2535000.0,0.727403156384505,,,,,,,,72215730.0,,,0.0,0.0,0.0,0.0,,0.0,20.7218737446198,72.21573,0.0,0.0,0.0,0.0,0.0,0.0,0.0,75.4605329153605,0.727403156384505,0.0,0.0,0.0,0.0,0.0,0.0,0.0,0.0,0.0,0.0,Information Technology Services,Technology,DMRC
