Quarters,Year,Quarter,FillingDate,Date,NetIncome,Revenue,OperatingIncome,EPSDiluted,GrossProfit,GrossProfitRatio,TotalAssets,CommonStockEquity,CurrentAssets,CurrentLiability,TotalLiability,Inventory,RetainedEarnings,MarketCap,EnterpriseValue,bookValuePerShare,currentRatio,debtToAssets,debtToEquity,roic,shareholdersEquityPerShare,roe,priceToSalesRatio,peRatio,pbRatio,payoutRatio,inventoryTurnover,dividendYield,assetTurnover,quickRatio,returnOnAssets,priceToFreeCashFlowsRatio,grossProfitMargin,epsdilutedGrowth,fiveYNetIncomeGrowthPerShare,fiveYRevenueGrowthPerShare,fiveYShareholdersEquityGrowthPerShare,grossProfitGrowth,netIncomeGrowth,operatingIncomeGrowth,threeYNetIncomeGrowthPerShare,threeYRevenueGrowthPerShare,threeYShareholdersEquityGrowthPerShare,Industry,Sector,Symbol
2023Q1,2023,Q1,2023-04-19,2023-04-01,8942700.0,20523600.0,12388400.0,2.49,19019900.0,0.9267331267,39749800.0,-54045000.0,27641000.0,13229800.0,93794800.0,414300.0,-56918000.0,1108918509.6,1160748109.6,-15.616692480177536,2.0892984020922465,1.921549290814042,-1.4132889258950874,0.3569836239091784,-15.616692480177536,-0.1654676658340272,54.031383850786405,31.000662819953707,-20.518429264501805,0.270824247710423,3.6294955346367366,0.0021840198166352257,0.5163195789664351,1.9848145852545012,0.22497471685392129,80.09523362946912,0.9267331267418971,-0.12937062937062926,0.4283196391140074,0.2563328846847146,-1.09805770763439,-0.04289869366558644,-0.12124874712575909,-0.07538213518032004,0.3107804608100519,0.1834092232718308,-0.9419217560640004,Specialty Retail,Consumer Cyclical,WINA
2022Q4,2022,Q4,2023-03-10,2022-12-31,10176600.0,21125700.0,13398400.0,2.86,19872400.0,0.9406741552,30455700.0,-61632100.0,18103800.0,10595500.0,92087800.0,770600.0,-63438800.0,814179256.1700001,878135256.1700001,-17.851963229047396,1.7086310226039356,2.5470306051084033,-1.2586233472492419,0.5346862780345111,-17.851963229047396,-0.16511850156006366,38.539752820971614,20.00125916735452,-13.210311772112261,1.257610596859462,1.6263950168699715,0.015719142809169955,0.6936534047813709,1.5060922089566324,0.3341443473635477,85.56887157721049,0.9406741551759231,-0.02389078498293525,0.47467090146198976,0.3164341527397201,-1.2289472180470247,-0.009875140753141411,-0.018517446907007698,-0.07091692034588208,0.34978005878543467,0.32581514352784874,-6.556476078530415,Specialty Retail,Consumer Cyclical,WINA
2022Q3,2022,Q3,2022-10-12,2022-09-24,10368600.0,21164500.0,14421100.0,2.93,20070600.0,0.9483143944,33730400.0,-60435100.0,21201900.0,11644800.0,94165500.0,637900.0,-60817200.0,750412001.0600001,812197901.0600001,-17.571320953522065,1.8207182605111294,2.335338448402628,-1.303413082794601,0.4820728436102914,-17.571320953522065,-0.17156586156058318,35.45616485435517,18.09337810938796,-12.416824015514164,0.2321528460930116,1.714845587082615,0.003207704563093118,0.6274606882811944,1.6748162269854356,0.3073962953300287,63.54415596690744,0.948314394386827,0.15354330708661423,1.12152347163698,0.4097301210624008,-0.7953717563493152,0.1274984551429695,0.14859535625664658,0.16721839564228538,0.2598856956274777,0.19089528742111297,-20.409710249838422,Specialty Retail,Consumer Cyclical,WINA
2022Q2,2022,Q2,2022-07-13,2022-06-25,9027200.0,19070800.0,12355100.0,2.54,17801000.0,0.9334165321,27054300.0,-68778700.0,14276900.0,12301400.0,95833000.0,603400.0,-68778700.0,701783303.6,773041803.6,-19.855936367420867,1.160591477392817,2.9553564498065,-1.1624979826603294,0.60939512235434,-19.855936367420867,-0.13124993639019056,36.79883925163077,19.435243032169442,-10.203497646800535,0.2688873626373626,2.1044083526682136,0.003458759972698786,0.7049082770576212,1.037077080657486,0.3336696939118735,128.54115752069748,0.933416532080458,-0.04150943396226411,0.8968240991042096,0.3812034728088938,-19.01491713284274,-0.061588988523561754,-0.08376554174067495,-0.08059859207334316,0.3460484142807832,0.19304917162705756,-4.414554372802622,Specialty Retail,Consumer Cyclical,WINA
2022Q1,2022,Q1,2022-04-14,2022-03-26,9852500.0,20049800.0,13438200.0,2.65,18969300.0,0.9461091881,15270900.0,-65767700.0,5886200.0,12652700.0,81038600.0,492300.0,-65767700.0,814030757.5,878580757.5,-18.279336484407963,0.4652129584989765,4.245820482093393,-0.9858562789940959,2.727096341221051,-18.279336484407963,-0.14980758031678165,40.600442772496486,20.655436627759453,-12.377363926365069,0.1649632073077899,2.1947999187487306,0.0019966076036137983,1.312941607894754,0.3441004686746702,0.645181358007714,61.08407052917517,0.9461091881215773,-0.1423948220064725,1.1067875581241564,0.317636206240661,-32.38405925535519,0.004623450905624404,-0.14984036586418156,0.04066413177316059,0.47116079167186425,0.18767786292942096,-2.3224059582998473,Specialty Retail,Consumer Cyclical,WINA
2021Q4,2021,Q4,2022-03-08,2021-12-25,11589000.0,20374300.0,12913100.0,3.09,18882000.0,0.9267557658,26899000.0,-39083400.0,17432300.0,9977600.0,65982400.0,325200.0,-39083400.0,876256257.1999999,917268357.1999999,-10.788502466399278,1.7471436016677357,1.9487378712963308,-1.3412113582748686,0.6652536396693663,-10.788502466399278,-0.296519750072921,43.00791964386506,18.902758158598672,-22.420164499506186,2.4961342652515315,4.588868388683887,0.033012831306261856,0.7574370794453326,1.6104574246311738,0.43083385999479534,66.65066229558073,0.926755765842262,0.15730337078651682,1.151979501024302,0.3433685444517338,-4.699303972131431,-0.0121066895476472,0.14941730721547236,-0.06353523047022307,0.6319845888486982,0.2869968751227781,-7.7650990287773745,Specialty Retail,Consumer Cyclical,WINA
2021Q3,2021,Q3,2021-10-13,2021-09-25,10082500.0,20153400.0,13789200.0,2.67,19113400.0,0.9483958041819246,54971800.0,-12802100.0,44419100.0,10783900.0,67773900.0,408600.0,-12802100.0,786371448.1500001,802416348.1500001,-3.5218449239420035,4.119020020586245,0.9753000629413626,-4.187906671561697,0.22594399863783185,-3.5218449239420035,-0.7875661024363191,39.01929441930395,19.498424204066453,-61.42519181618641,0.16211257128688322,2.5452765540871267,0.002078534265003248,0.3666134272481527,3.9908381939743505,0.18341222226668946,65.97906180727442,0.9483958041819246,0.1459227467811158,0.873772550396771,0.3639740851097889,0.07751284467491858,0.07867083535559895,0.12813713313864367,0.15131628384640433,0.2887933845423962,0.1270396056439492,-0.16900725162380534,Specialty Retail,Consumer Cyclical,WINA
2021Q2,2021,Q2,2021-07-20,2021-06-26,8937300.0,19029600.0,11976900.0,2.33,17719400.0,0.9311493673014671,27019400.0,-12740500.0,16141700.0,11263100.0,39759900.0,329400.0,-12740500.0,705237462.8199999,723861762.8199999,-3.4494354004856635,1.433148955438556,0.9566311613137227,-2.0287743809112673,0.4773195103460703,-3.4494354004856635,-0.7014873827557788,37.06002558225081,19.727363488413726,-55.35398632863702,0.1862978751972072,3.9775349119611416,0.0023609069111873928,0.7042939517531848,1.3406699754064157,0.3307734442659719,74.1387518207813,0.9311493673014671,-0.0291666666666666,0.8438260026317648,0.29926003198704443,0.3533639517037194,0.0004968775761408422,-0.04014563263201985,-0.05373311211187485,0.30707243705843756,0.09469357427970879,0.35882125161325834,Specialty Retail,Consumer Cyclical,WINA
2021Q1,2021,Q1,2021-04-20,2021-03-27,9311100.0,18658900.0,12657000.0,2.4,17710600.0,0.9491770683159243,30697700.0,-12804200.0,19188800.0,13625000.0,43501900.0,110200.0,-12804200.0,695208569.8000001,714576669.8000001,-3.4266283723822992,1.4083522935779818,0.8902295611723354,-2.134299682916543,0.453656326160458,-3.4266283723822992,-0.727191077927555,37.25881856915467,18.666123492390806,-54.2953538526421,0.10046074040661146,8.605263157894736,0.0013454954967961614,0.607827296507556,1.3367853211009175,0.3033158836004,51.553448951443066,0.9491770683159243,0.14832535885167467,1.2467066966046227,0.26965523388130297,0.4828163322842755,0.09497047822189249,0.15061231046797574,0.15757126786841166,0.37733237848563506,0.057835757552120746,0.5396423361092119,Specialty Retail,Consumer Cyclical,WINA
2020Q4,2020,Q4,2021-03-09,2020-12-26,8092300.0,16795300.0,10934100.0,2.09,16174500.0,0.9630372782861872,31343200.0,-11378700.0,18276400.0,11383700.0,42721900.0,106600.0,-20660500.0,689596612.04,711784412.04,-3.0362599677020303,1.6054885494171491,0.9203527399882591,-2.5351577948271773,0.34075577418139075,-3.0362599677020303,-0.7111796602423827,41.058904100551935,21.304098094484882,-60.6041649784246,1.5077666423637286,5.823639774859287,0.01769338739049992,0.5358514765563185,1.5065049149222134,0.25818359325148676,65.97937292880583,0.9630372782861872,-0.13991769547325114,0.5769016706661313,0.09194632130885443,0.5912627371961382,-0.057863803959715514,-0.1353271786981237,-0.12511802077165582,0.08026839230701202,-0.035853372155297825,0.6209008991646842,Specialty Retail,Consumer Cyclical,WINA
2020Q3,2020,Q3,2020-10-20,2020-09-26,9358800.0,18277000.0,12497800.0,2.43,17167900.0,0.939317174591016,35838600.0,-8833700.0,22023100.0,11657000.0,44672300.0,85100.0,-16551500.0,615791984.3,638155384.3,-2.367973108090358,1.8892596722999055,0.8546874040838649,-3.467493802144062,0.32602450689110496,-2.367973108090358,-1.05944281558124,33.69218057120971,16.449544394046246,-69.70940651142783,0.0996708979783733,13.032902467685076,0.0015147972428714838,0.5099808586272901,1.778261988504761,0.26113743282382684,76.39909484876306,0.939317174591016,0.8270676691729324,0.9394943191467888,0.26408294237800967,0.7285593500640526,0.48938994343616615,0.851321411615762,0.8715445206505137,0.7654964155200563,0.12241078598615952,0.7580493777727071,Specialty Retail,Consumer Cyclical,WINA
2020Q2,2020,Q2,2020-07-21,2020-06-27,5055200.0,12389500.0,6677800.0,1.33,11526800.0,0.9303684571613059,31626400.0,-18566200.0,15971000.0,15473400.0,50192600.0,83800.0,-24977500.0,616416888.24,647646688.24,-5.033880585036581,1.0321584137939948,1.0281821516201655,-1.7514461763850437,0.2440809762632808,-5.033880585036581,-0.27227973414053497,49.7531690738125,30.484297764677954,-33.20102596330967,0.036497072321569866,10.294749403341289,0.0002993104237081926,0.3917455037563555,0.9610234337637494,0.1598411453722207,77.78818169932991,0.9303684571613059,-0.2887700534759358,0.3208728610119132,-0.006152650498256594,0.44428703085826693,-0.2999678126575206,-0.3091157578242449,-0.3389494941495575,-0.0024014447546594126,-0.15727475316188474,-5.567145055161113,Specialty Retail,Consumer Cyclical,WINA
2020Q1,2020,Q1,2020-04-22,2020-03-28,7317000.0,18600000.0,10101800.0,1.87,16466100.0,0.8852741935483871,59891800.0,-29848200.0,43126800.0,13185600.0,89740000.0,105200.0,-29848200.0,487147106.25,532998706.25,-8.041875235915969,3.270749908991627,1.2388774423209854,-2.4858651442968087,0.1434989322323121,-8.041875235915969,-0.24514041047701368,26.190704637096776,16.644359240467406,-16.32082022534022,0.12466858001913353,20.28422053231939,0.0018725349864479462,0.31056004327804476,3.1663102172066497,0.12217031379921792,38.58285333834944,0.8852741935483871,-0.10096153846153844,0.6279186698171187,0.1916785347521929,-2.4454642399551667,-0.028445498637023402,-0.13524948590067837,-0.07687105912455451,0.5166967920080763,0.18492218602545146,-13.687099809612564,Specialty Retail,Consumer Cyclical,WINA
2019Q4,2019,Q4,2020-03-10,2019-12-28,8461400.0,17882600.0,10943000.0,2.08,16948200.0,0.9477480903224363,61842200.0,12448300.0,41201900.0,11931900.0,49393900.0,86000.0,519000.0,760229379.7,770067679.7,3.2128210356245983,3.453087940730311,0.5654488359081663,2.809106464336496,0.15335081062403344,3.2128210356245983,0.6797233357165235,42.51223981412099,22.461690136974973,61.070939782942254,0.11409459427517905,10.865116279069767,0.0012698798885948921,0.28916500383233457,3.3605544800073752,0.13682242869755604,66.26420805041533,0.9477480903224363,-0.07142857142857148,0.9452503085011302,0.4253944075362511,-0.2569408561374988,-0.0807406925279875,-0.07158375211218153,-0.10849144989286907,0.46906852548480166,0.10242943739728369,2.6972553648767934,Specialty Retail,Consumer Cyclical,WINA
2019Q3,2019,Q3,2019-10-22,2019-09-28,9113800.0,19680900.0,12274700.0,2.24,18436800.0,0.9367864274499642,48507500.0,-3126000.0,24983300.0,12395200.0,51633500.0,69700.0,-6977000.0,671121660.5999999,700368360.5999999,-0.8207173636856984,2.0155624757970827,0.7572828943977735,-11.751087651951375,0.21456348204858364,-0.8207173636856984,-2.915483045425464,34.100150938219286,18.409490569246636,-214.69023051823413,0.10476420373499529,17.8493543758967,0.0014226928678570505,0.4057290109776839,1.9222037562927585,0.18788434778127094,55.40187230986403,0.9367864274499642,0.2513966480446928,1.1371112081790025,0.5819046980589964,-1.259690323118968,0.12748821252316217,0.24814089483559074,0.24655475327260357,0.6164555626949255,0.27121316918001204,0.7850270973019176,Specialty Retail,Consumer Cyclical,WINA
2019Q2,2019,Q2,2019-07-23,2019-06-29,7301900.0,17404200.0,9846900.0,1.79,16352100.0,0.939549074361361,46156100.0,-13830400.0,21175900.0,12085000.0,59986500.0,114400.0,-15136000.0,653024662.85,696132962.85,-3.667141374949986,1.7522465866776997,0.9578257261770383,-3.1965452915316983,0.1860908011956396,-3.667141374949986,-0.5279601457658492,37.52109622102711,22.358039101124366,-47.2166143314727,0.12911707911639436,9.196678321678322,0.0014437433279860083,0.3770725862887029,1.6668183698800165,0.15820010789473113,117.52446015477369,0.939549074361361,0.03468208092485552,1.3107019093097374,0.679399289046691,-2.283418844415534,-0.041550905574116406,0.0040840460933417675,-0.021814930710773357,0.47530171898364243,0.16372898911862988,0.3125524812241505,Specialty Retail,Consumer Cyclical,WINA
2019Q1,2019,Q1,2019-04-26,2019-03-30,7272200.0,18331200.0,10066500.0,1.73,17061000.0,0.9307083006022518,46831800.0,-21495100.0,20976700.0,14109100.0,68326900.0,113800.0,-21495100.0,736801328.0500001,786097528.0500001,-5.501837136651996,1.4867496863726248,1.0754017569258496,-2.3429991021209484,0.19160649416286582,-5.501837136651996,-0.33831896571776826,40.19384044961596,25.329382031916065,-34.27764132523227,0.08059459310800034,11.161687170474517,0.0007954654500300068,0.3914263385135741,1.4064539906868616,0.15528337582582774,59.77667578432407,0.9307083006022518,-0.054644808743169446,1.1053469821191642,0.6599724634984153,-2.746338748302039,0.03994977324815917,-0.05035388753950221,-0.011110456206530709,0.6782818827983986,0.19301078301125923,0.1696034701510378,Specialty Retail,Consumer Cyclical,WINA
2018Q4,2018,Q4,2019-03-08,2018-12-29,7657800.0,17071800.0,10179600.0,1.83,16405600.0,0.960976581262667,46663100.0,-4808500.0,24251300.0,12483300.0,51471600.0,107600.0,-9234100.0,620728730.7299999,652819130.7299999,-1.2308477555106578,1.9426994464604712,0.741193791239759,-7.192762815846938,0.2264445113228965,-1.2308477555106578,-1.5925548507850682,36.359887693740546,20.26459070261694,-129.0898888905064,0.07649716628796782,6.191449814126394,0.0009437294763383637,0.36585224727889915,1.855446877027709,0.1641082568453446,147.36099772808203,0.960976581262667,-0.08955223880597002,1.1959794756010746,0.6306725129400128,-1.165773376691304,-0.0672541717599568,-0.08446612388364837,-0.10980909989243832,0.43147929159487936,0.06473431143940067,0.8343049185948114,Specialty Retail,Consumer Cyclical,WINA
2018Q3,2018,Q3,2018-10-23,2018-09-29,8364300.0,19118500.0,11435300.0,2.01,17588500.0,0.9199728012134843,50494500.0,-11708700.0,21771400.0,13125600.0,62203200.0,128200.0,-16306100.0,645154518.0,688637518.0,-3.012680134404639,1.6586975071615773,0.884654764380279,-3.815128921229513,0.23255295656144404,-3.012680134404639,-0.7143662404878424,33.74503847059131,19.282979986370645,-55.10043967306362,0.0697009911170092,11.934477379095163,0.0009036594858039885,0.37862539484498314,1.5628085573230939,0.1656477438136827,373.52623784159334,0.9199728012134843,0.16184971098265885,1.0969840612713042,0.7016833573369806,-1.463196345770712,0.03565330035918271,0.17097858042839142,0.135051167776708,0.6638270162773847,0.26921354939934433,0.6546566128905937,Specialty Retail,Consumer Cyclical,WINA
2018Q2,2018,Q2,2018-07-24,2018-06-30,7143000.0,18159800.0,10074700.0,1.73,16983000.0,0.9351975242018084,48817000.0,-20757800.0,20801900.0,12874900.0,69574800.0,150100.0,-24087400.0,572786308.6999999,624310508.6999999,-5.379834264882805,1.615694102478466,1.0807116373394514,-2.5415554634884234,0.21314203139873283,-5.379834264882805,-0.34411161105704846,31.541443666780467,20.047119862102758,-27.593786851207735,0.08090438191236175,7.840106595602931,0.0010089277470887983,0.3719974599012639,1.5364002827206424,0.1463219779994674,451.97373052947205,0.9351975242018084,0.023668639053254458,1.144682437184656,0.686228385833783,-2.000570629727199,0.007080338717711521,0.02623412447560485,4.9631732544519666e-05,0.7840663994938565,0.3924661739929102,0.4060956309302814,Specialty Retail,Consumer Cyclical,WINA
2018Q1,2018,Q1,2018-05-01,2018-03-31,6960400.0,18161000.0,10074200.0,1.69,16863600.0,0.9285612025769506,47724800.0,-28637100.0,19828600.0,12065700.0,76361900.0,79700.0,-30652500.0,503228409.6,561587709.6,-7.443404641994203,1.6433857960996876,1.2605584517902642,-2.10076788501629,0.2098606182099159,-7.443404641994203,-0.24305533730719941,27.709289664666045,18.07469432791219,-17.572603706380885,0.06080110338486294,16.278544542032623,0.0008409700087011939,0.38053590586026553,1.573932718366941,0.1458445085154888,127.98606515933773,0.9285612025769506,-0.09139784946236566,1.2282073201385622,0.7941005425108983,-2.6984739831116356,0.005617374503560056,-0.09091621498073532,-0.05521898152489919,0.49395410225389175,0.12250772577262939,-2.3378938267367246,Specialty Retail,Consumer Cyclical,WINA
2017Q4,2017,Q4,2018-03-09,2017-12-30,7656500.0,17804700.0,10663000.0,1.86,16769400.0,0.9418524322229523,48404800.0,-30678200.0,21365200.0,9453400.0,79083000.0,97100.0,-32154400.0,495653242.40000004,563749542.4000001,-8.009145790670207,2.2600545835360824,1.4289801837834264,-2.254679218467837,0.20649675279875238,-8.009145790670207,-0.2495746165029239,27.83833720309806,16.184067210866584,-16.156529470438294,0.05501208123816365,10.662203913491247,0.0008497876417805917,0.3678292235480779,2.154071550976368,0.15817646183849535,-1988.1798732450864,0.9418524322229523,0.39849624060150374,4.6702651086090405,0.7670643324701264,-3.227870686345567,0.04497868840200404,0.3387830040216821,0.08231831100284207,0.7805057882121083,0.4355518558056682,-2.852349990334393,Specialty Retail,Consumer Cyclical,WINA
2017Q3,2017,Q3,2017-10-24,2017-09-30,5719000.0,17567900.0,9852000.0,1.33,16047600.0,0.9134614837288464,47178400.0,-39389700.0,21773700.0,9266100.0,86568100.0,67000.0,-39389700.0,530253171.0,603978671.0,-9.787009788575126,2.3498235503609934,1.5851788106421583,-1.8986232441475817,0.17178577389093502,-9.787009788575126,-0.14519024008814488,30.18307088496633,23.17945318237454,-13.461721490643493,0.08108060849798916,22.6910447761194,0.0008744879339910633,0.37237167856476694,2.2448818812661204,0.12122072812982213,4751.3725,0.9134614837288464,0.031007751937984523,0.6726217318504376,0.47883869960355024,-3.872061818404797,0.029365354270099682,-0.009388207579851728,0.0785837840204944,0.26914261244176607,0.33634290841997877,-4.096792936059904,Specialty Retail,Consumer Cyclical,WINA
2017Q2,2017,Q2,2017-07-25,2017-07-01,5773200.0,16749500.0,9134200.0,1.29,15589800.0,0.9307621123018598,47038400.0,4631400.0,21281800.0,7584300.0,42407000.0,99400.0,-508700.0,541845578.9,571795178.9,1.1021941550439769,2.806033516606674,0.6594930950032314,6.698082653193419,0.17024424752535375,1.1021941550439769,1.2465345251975644,32.34995545538673,23.463831969271805,116.99390657252665,0.08030208549851035,11.667002012072434,0.0008555943206940135,0.3560814143338209,2.727160054322746,0.12273376645464132,-390.0133728496365,0.9307621123018598,0.05737704918032792,1.0405804530096379,0.6530665804074596,-0.6256079955652712,-0.0030439842940642304,0.06587401225906506,-0.00013135713816581648,0.6397496438234953,0.4506232934337889,-0.6142562818954889,Specialty Retail,Consumer Cyclical,WINA
2017Q1,2017,Q1,2017-04-25,2017-04-01,5416400.0,17623800.0,9135400.0,1.22,15637400.0,0.8872887799453012,47396000.0,-2281700.0,20801800.0,8357200.0,49677700.0,106200.0,-5818300.0,470885916.0,506781516.0,-0.5475468499677956,2.4890872541042453,0.7937167693476243,-16.487268264890215,0.16210137791246537,-0.5475468499677956,-2.373844063636762,26.718750553229157,21.73426611771656,-206.37503440417234,0.07689609334613397,18.704331450094163,0.0008845029886177356,0.37184150561228796,2.375939309816685,0.11427968604945565,389.5160195218794,0.8872887799453012,-0.13475177304964536,0.8679694884303311,0.8059175800716718,-1.1972824083112386,-0.06563734247934082,-0.12159839122960657,-0.13006961042918497,0.47015484357434706,0.49624952519663473,-1.1737969076255421,Specialty Retail,Consumer Cyclical,WINA
2016Q4,2016,Q4,2017-03-10,2016-12-31,6166200.0,17365900.0,10501300.0,1.41,16735900.0,0.9637220069216107,48581600.0,-7852000.0,22793800.0,7357800.0,56433600.0,87500.0,-10818200.0,523272849.15000004,567336449.1500001,-1.8929508794675822,3.0979097012694012,0.9327914272070084,-5.771332144676515,0.17387489104885884,-1.8929508794675822,-0.7853031074885379,30.132204443766234,21.21536964216211,-66.6419828260316,0.06728617300768706,7.2,0.0007928941864152899,0.3574583793040987,2.9377803147680015,0.12692459696675285,-128.41996935970747,0.9637220069216107,0.0,0.7948426085872506,0.5987574980919056,-1.2724393079865526,0.07357110783244596,0.011814512159102097,0.006064380149453918,0.6653526020592556,0.5622447296165702,-1.25494693214103,Specialty Retail,Consumer Cyclical,WINA
2016Q3,2016,Q3,2016-10-18,2016-09-24,6094200.0,16734300.0,10438000.0,1.41,15589000.0,0.9315597306131718,43495700.0,-15717600.0,20970200.0,7425100.0,59213300.0,95600.0,-16569500.0,434688904.84499997,481182004.84499997,-3.8177712324904047,2.824231323483859,1.0946829226797132,-3.029342902224258,0.20186533960177233,-3.8177712324904047,-0.38773095129027335,25.975923991143937,17.832074137909814,-27.656188275881814,0.06762167306619409,11.980125523012552,0.0009480343192724125,0.3847345829587752,2.6819302096941455,0.14011040171787095,473.4141851938575,0.9315597306131718,0.12799999999999995,1.1119564831602002,0.7158765525362266,-1.6251173223171629,0.022135672790694626,0.1297480674044825,0.1195846874966481,0.4423197655900301,0.4060857613944839,-1.5869782402995023,Specialty Retail,Consumer Cyclical,WINA
2016Q2,2016,Q2,2016-07-20,2016-06-25,5394300.0,16299800.0,9323100.0,1.25,15251400.0,0.9356801923949987,42817800.0,-21926800.0,20796900.0,7169300.0,64744600.0,81200.0,-22251600.0,401999956.2,454352656.2,-5.334431028975321,2.900827137935363,1.247413458888593,-2.435900359377565,0.18278648388118274,-5.334431028975321,-0.246014010252294,24.66287661198297,18.63077490128469,-18.33372659029133,0.0762100735962034,12.911330049261084,0.0010226369273420334,0.3806781291892624,2.77576611384654,0.1259826520746045,-121.32917520296985,0.9356801923949987,0.17924528301886786,0.9224117913214386,0.29731807274564576,-1.9806587725727303,0.046135484402008396,0.1822086830743606,0.15979150598362898,0.5203469827880624,0.42073436671273995,-1.9921262907184405,Specialty Retail,Consumer Cyclical,WINA
2016Q1,2016,Q1,2016-04-21,2016-03-26,4562900.0,16180300.0,8038600.0,1.06,14578800.0,0.9010216127018659,43755500.0,-27258000.0,21942900.0,9946200.0,71013500.0,80300.0,-27234800.0,404166335.03999996,459862335.03999996,-6.625554104438159,2.2061591361525004,1.3006136371427592,-2.087790740333113,0.16745202729031947,-6.625554104438159,-0.1673967275662191,24.978914793916054,22.144159144403776,-14.827439101915033,0.06327116526770256,19.9439601494396,0.000714309864455751,0.3697889408188685,2.1014357241961754,0.104281747437465,69.059930120976,0.9010216127018659,-0.19083969465648853,0.8286133128382428,0.7671150339893706,-2.3716370734369523,-0.061370074684522276,-0.19303551216751555,-0.17047448042432872,0.3659914276499041,0.4947866600840663,-2.5118526818490663,Specialty Retail,Consumer Cyclical,WINA
2015Q4,2015,Q4,2016-03-08,2015-12-26,5654400.0,16947500.0,9690600.0,1.31,15532000.0,0.9164773565422629,47406300.0,-30673800.0,24431300.0,7510900.0,78080100.0,45200.0,-31047400.0,379809886.68,445148386.68,-7.428390420961013,3.2527792940925853,1.3995017539862846,-2.162927319080127,0.16993672189977446,-7.428390420961013,-0.18433972967157639,22.410968383537394,16.792669720925296,-12.382224787277742,0.051110639501980755,31.31637168141593,0.0007609069961980484,0.3574946789772667,3.1531906961882066,0.11927528619613849,848.9268812695575,0.9164773565422629,0.06504065040650413,1.1904590165718236,0.9550970211816601,-2.6105943468362236,0.02762248172284892,0.058955727020750616,0.03733755807232011,2.884457913120274,0.560249880501069,-3.0663243869112264,Specialty Retail,Consumer Cyclical,WINA
2015Q3,2015,Q3,2015-10-21,2015-09-26,5339600.0,15999500.0,9341800.0,1.23,15114500.0,0.9446857714303571,46774600.0,-36011800.0,22534200.0,11398300.0,82786400.0,59600.0,-36412800.0,412803100.0,482410100.0,-8.723723247233366,1.9769790231876683,1.5108135612062956,-1.9623484524516963,0.16619351104794092,-8.723723247233366,-0.14827362142408876,25.801000031250975,19.32743557569855,-11.462995462598371,0.05414263240692187,14.848993288590604,0.0007003338879964806,0.3420553035194315,1.9052928945544512,0.11415597354119543,-233.2616262643386,0.9446857714303571,0.22999999999999998,1.4099753399898778,0.7647441945122654,-3.2330548298641695,0.055452361665875256,0.1237950919728922,0.15556270255560228,0.5225657754965565,0.3130977814210606,-3.560033451888167,Specialty Retail,Consumer Cyclical,WINA
2015Q2,2015,Q2,2015-07-23,2015-06-27,4751400.0,15476700.0,8084200.0,1.0,14320400.0,0.9252876905283426,45289800.0,-41477900.0,23335100.0,11855400.0,86767700.0,60800.0,-41463300.0,460411813.7,533411213.7,-9.058418400439928,1.9683097997536987,1.6365760060764234,-1.7869805366231173,0.15172986230413713,-9.058418400439928,-0.11455256895840918,29.74870700472323,24.225060703161173,-11.100171746882074,0.07370459233068148,19.018092105263158,0.0007606234018751461,0.34172595153875707,1.9141235217706698,0.10491103957182411,-182.22584251563364,0.9252876905283426,-0.14529914529914525,1.2299767715685237,0.7195477663312925,-3.7072072075388394,-0.10879049071164079,-0.21520241811604976,-0.18948075515585366,0.5411627961110309,0.4017051438655285,-4.0769528276203015,Specialty Retail,Consumer Cyclical,WINA
2015Q1,2015,Q1,2015-04-23,2015-03-28,6054300.0,21024100.0,9974100.0,1.17,16068500.0,0.7642895534172688,49073800.0,27814700.0,23403200.0,17766500.0,21259100.0,76100.0,26978600.0,429654881.5,433280681.5,5.563524170037854,1.3172656403906229,0.1179060924566673,0.20802309570119398,0.18183049393023298,5.563524170037854,0.21766547904525305,20.436303171122663,17.741724125827922,15.447043523748233,0.049535041210379396,65.11957950065703,0.0006980020777443442,0.42841801531570817,1.283145245264965,0.12337133052667615,112.4250677708873,0.7642895534172688,0.07339449541284389,1.8473871930134802,1.1910733721851214,0.6622499584505113,0.04866604014931997,0.07904398659727668,0.06623550163023144,0.7403469738383965,0.7956787374753718,1.0045507467121915,Specialty Retail,Consumer Cyclical,WINA
2014Q4,2014,Q4,2015-03-11,2014-12-27,5610800.0,16182800.0,9354500.0,1.09,15322800.0,0.9468571569814865,54727800.0,21609500.0,28441100.0,28997200.0,33118300.0,93500.0,21224200.0,417768693.29,434432093.29,4.323775653878653,0.9808222862897107,0.34266131655209964,0.8678173951271432,0.14027294796994655,4.323775653878653,0.2596450635137324,25.815600099488346,18.614488722196477,19.33264042620144,0.05343266557353675,9.197860962566844,0.0007176219875142478,0.29569615442243247,0.961479039355524,0.10252193583516969,-115.25607451375286,0.9468571569814865,0.0,2.942069070781666,0.7697353441152984,0.4465731375495976,0.03158830182582,-0.0021696603236706384,0.019264085773123985,0.35547943262183807,0.23651202771491406,-0.3777089200734448,Specialty Retail,Consumer Cyclical,WINA
2014Q3,2014,Q3,2014-10-22,2014-09-27,5623000.0,16404400.0,9177700.0,1.09,14853600.0,0.9054643876033259,49941300.0,15871900.0,24624200.0,31334300.0,34069400.0,96200.0,15913200.0,376511785.02,394879185.02,3.160369450153579,0.7858544789575641,0.4081311459653633,1.2841940788437427,0.1555683245455849,3.160369450153579,0.35427390545555354,22.951877851064346,16.739809044104568,23.72191010654049,0.05342343944513605,16.12058212058212,0.0007978501920837431,0.3284736280393182,0.7619062816147162,0.11259218322310392,250.04103135874618,0.9054643876033259,0.329268292682927,2.323579862147374,0.7561946904383535,0.009492199686120278,0.12013875796538592,0.31353952532236967,0.2939824605927305,0.5974291802450619,0.37887249019972347,-0.4825248638786962,Specialty Retail,Consumer Cyclical,WINA
2014Q2,2014,Q2,2014-07-23,2014-06-28,4280800.0,14038900.0,7092600.0,0.82,13260500.0,0.9445540605033158,50715400.0,14598200.0,26316600.0,32801800.0,36117200.0,78600.0,14601400.0,360239044.99,381657544.99,2.857322370562506,0.8022913376704937,0.46461627040307285,1.6141168089216478,0.11311471377243253,2.857322370562506,0.29324163253003793,25.660062041185565,21.038067942323867,24.676949554739625,0.07162212670528872,9.903307888040713,0.0008511015234578778,0.27681729809880234,0.7878988348200404,0.08440828624047134,-43.576073859608805,0.9445540605033158,-0.046511627906976785,2.735423938536548,0.6567845980498855,-0.020735755936420686,-0.017107321014283278,-0.059557547397789935,-0.045988297800793596,0.22739216551656574,-0.1010317443812817,-0.47472218995046744,Specialty Retail,Consumer Cyclical,WINA
2014Q1,2014,Q1,2014-04-23,2014-03-29,4551900.0,14552600.0,7434500.0,0.86,13491300.0,0.9270714511496227,47028900.0,16220400.0,22104300.0,26448200.0,30808500.0,96700.0,13727800.0,384233972.96999997,396405372.96999997,3.1504982306562335,0.8357581990456817,0.31009017859231236,0.899065374466721,0.14624554897412928,3.1504982306562335,0.28062809795072874,26.403115111389027,21.10294453799512,23.688316747429162,5.717041235528021,10.975180972078594,0.06772800384840473,0.3094395148515062,0.8101080602838756,0.09678942097306124,1041.284479593496,0.9270714511496227,-0.011494252873563229,2.3747191129037666,0.6489255071814066,0.16728553098316537,0.03827950038094798,-0.007392385189061886,-0.00894475845153034,0.45768304210421107,0.27001341090176445,-0.34777678895249814,Specialty Retail,Consumer Cyclical,WINA
2013Q4,2013,Q4,2014-03-12,2013-12-28,4585800.0,13767400.0,7501600.0,0.87,12993900.0,0.9438165521449221,53036100.0,38144700.0,30675000.0,10507500.0,14891400.0,96700.0,35199300.0,478190588.2,468250288.2,7.424881968850093,2.9193433261955746,0.013241923897119132,0.018411470007628845,0.11603191497414987,7.424881968850093,0.12022115785417109,34.7335436030042,26.06909308081469,12.536226217534809,0.0559989532905927,7.9989658738366085,0.0005370243713215768,0.25958545217314244,2.854246966452534,0.08646563378528964,-349.70790419774755,0.9438165521449221,-0.13,3.3166407451632787,0.6620251189536464,1.8842591990254434,-0.06000694474586571,-0.12676378177663525,-0.12172620092960088,0.427880704782811,0.2765646468719594,0.6098336580711248,Specialty Retail,Consumer Cyclical,WINA
2013Q3,2013,Q3,2013-10-23,2013-09-28,5251500.0,14791900.0,8541300.0,1.0,13823400.0,0.9345249765074128,49245200.0,33280700.0,27219300.0,10328200.0,15964500.0,69400.0,30870300.0,379671902.40000004,372640602.40000004,6.504110323650855,2.635435022559594,0.024706976517508306,0.036558726228715144,0.14756105007097628,6.504110323650855,0.15779415697386173,25.667554702235684,18.074450271351044,11.408170573335298,0.0490336094449205,13.955331412103746,0.0006782171616395072,0.3003724220837767,2.5688212854127532,0.10663983494838075,148.35569803063458,0.9345249765074128,0.20481927710843378,3.1956471049248,0.748821363466625,1.1142026312036961,0.07252921186164517,0.2108879614471166,0.2096102645442701,0.9121662168507325,0.31624795720162246,0.6648894698492517,Specialty Retail,Consumer Cyclical,WINA
2013Q2,2013,Q2,2013-07-24,2013-06-29,4336900.0,14023500.0,7061200.0,0.83,12888600.0,0.9190715584554497,43715700.0,27014400.0,20828300.0,11336100.0,16701300.0,76800.0,25876400.0,325925303.08000004,327235603.08000004,5.3767661222972265,1.8373426487063451,0.07666810779651247,0.12406716417910447,0.13781213791354724,5.3767661222972265,0.1605403044302298,23.241366497664636,18.78791896746524,12.064872922589435,0.05764486153704259,14.77734375,0.000767046920375606,0.3207886411518059,1.7962703222448637,0.09920692108327214,-122.4224554257597,0.9190715584554497,0.06410256410256401,4.1343951811232245,0.7721508522423378,0.899217763200059,0.054058032647453305,0.06886013555144793,0.05771506463547986,0.8550189812855028,0.41998089896786645,0.6069052406352509,Specialty Retail,Consumer Cyclical,WINA
2013Q1,2013,Q1,2013-04-24,2013-03-30,4057500.0,13148400.0,6675900.0,0.78,12227600.0,0.9299686653889446,41676600.0,21900300.0,18585800.0,14715400.0,19776300.0,72000.0,21789500.0,314781312.78000003,318085612.78000003,4.382407217305589,1.2630169754135123,0.13186776272536627,0.2509463340684831,0.1450771053196419,4.382407217305589,0.18527143463788168,23.94065534817925,19.395028513863217,14.37337903042424,0.04929143561306223,12.78888888888889,0.0006353617317168366,0.31548638804509005,1.2294127240849722,0.09735679014123033,157.71397002855855,0.9299686653889446,1.2941176470588234,3.765089234498574,0.6303402302376786,0.6276342070348225,-0.020137992932069332,1.3080204778156996,-0.04121845782648034,0.9090978380966606,0.3708801317067471,0.3093600373142392,Specialty Retail,Consumer Cyclical,WINA
2012Q4,2012,Q4,2013-03-14,2012-12-29,1758000.0,13118200.0,6962900.0,0.34,12478900.0,0.9512661798112546,43538800.0,17928000.0,18934700.0,20513200.0,25610800.0,71200.0,17932000.0,286999375.34999996,295743875.34999996,3.594977859243623,0.9230495485833512,0.2521406194015453,0.6123326639892905,0.09317221594950471,3.594977859243623,0.09805890227576974,21.877953938040278,40.8133355162116,16.008443515729585,0.1136518771331058,8.978932584269662,0.0006961687625847301,0.3012990711732983,0.8978755143029854,0.04037777798193795,-94.8100080440025,0.9512661798112546,-0.5853658536585366,1.9869860644169541,0.803356448660553,0.5609630698016905,-0.11589335940544256,-0.5872755018194624,-0.17730253441247712,0.23783926564598815,0.43772176872487994,0.20274473459379277,Specialty Retail,Consumer Cyclical,WINA
2012Q3,2012,Q3,2012-10-25,2012-09-29,4259500.0,14799100.0,8463500.0,0.82,14114700.0,0.9537539444966248,43142000.0,17085400.0,15355300.0,20462900.0,26056600.0,85300.0,17086600.0,271147493.76,279598293.76,3.4076598650690033,0.7503970600452526,0.24801817254647443,0.626265700539642,0.17689499026853556,3.4076598650690033,0.24930642536902853,18.321890774438984,15.914279478812068,15.870128516745291,0.04707125249442423,8.023446658851114,0.0007394499474056287,0.3430323119002364,0.7182119836386827,0.09873209401511289,-3002.7407946843855,0.9537539444966248,0.26153846153846144,2.8945332941780975,1.0184805759769484,0.3924935262543248,0.22111100537248354,0.25117495006462226,0.4043806521198042,1.5218474378173008,0.5869738335906877,0.08848225096070585,Specialty Retail,Consumer Cyclical,WINA
2012Q2,2012,Q2,2012-07-27,2012-06-30,3404400.0,12192400.0,6026500.0,0.65,11558900.0,0.9480414028411142,42465300.0,14885500.0,16307000.0,22043300.0,27579800.0,84600.0,14883300.0,296045720.95,306808420.95,2.9439575150866575,0.739771268367259,0.30142257325392735,0.8598972154109704,0.1310798618407005,2.9439575150866575,0.22870578751133652,24.2811686747482,21.739933685084008,19.88819461556548,0.05951122077311714,7.488179669030733,0.0006843537523523864,0.28711442047978,0.7177373623731474,0.08016898503013048,-103.42931242357544,0.9480414028411142,-0.02985074626865674,5.70309768660063,0.7369972358713516,0.26924416716644406,0.034899857642961385,-0.03174061433447099,0.030840545995689507,2.0016753633561013,0.4538859829475842,0.008955923303496673,Specialty Retail,Consumer Cyclical,WINA
2012Q1,2012,Q1,2012-04-25,2012-03-31,3516000.0,11833400.0,5846200.0,0.67,11169100.0,0.9438622880997853,39285800.0,14024200.0,15347600.0,20298500.0,25261600.0,69100.0,12458400.0,292768038.88,302774638.88,2.7754469070753096,0.7560952779762051,0.3079993280014662,0.8627943126880677,0.1360046166306958,2.7754469070753096,0.25070948788522696,24.740821647201987,20.816840079635952,20.875917263016785,7.2581058020477816,9.613603473227206,0.08716627708962436,0.30121316098946693,0.7311426952730498,0.08949798654984753,1713.095604915155,0.9438622880997853,-0.15189873417721517,4.868360383067181,0.7148201554564765,0.21698460179779386,-0.12563116980718497,-0.15985663082437276,-0.1534362419994787,1.6560174993583352,0.36617752350961846,0.02832592798065624,Specialty Retail,Consumer Cyclical,WINA
2011Q4,2011,Q4,2012-03-15,2011-12-31,4185000.0,13231800.0,6905800.0,0.79,12773900.0,0.9653939751205429,47745700.0,35108700.0,23674000.0,7779000.0,12637000.0,68500.0,34461900.0,289887856.24,280887756.24,6.9481562460913935,3.0433217637228434,0.0,0.0,0.12678739028009292,6.9481562460913935,0.11920122362833144,21.908421850390727,17.317076238948626,8.256866709391119,0.035651135005973715,6.684671532846715,0.000514681787416705,0.2771307154361545,2.9879804602133953,0.08765187231520326,873.4192715878277,0.9653939751205429,0.19696969696969696,4.644904373867154,1.124301847957463,1.4629377074192471,0.14645354107394476,0.20137792450122002,0.039138089290819626,3.1495052961946737,0.6240674309109175,1.6990709957587213,Specialty Retail,Consumer Cyclical,WINA
2011Q3,2011,Q3,2011-10-21,2011-09-24,3483500.0,11773500.0,6645700.0,0.66,11142100.0,0.94637108761201,42779400.0,30353500.0,19145000.0,9265100.0,12425900.0,68000.0,30426100.0,238761009.84,234864509.84,6.107287538183751,2.0663565422931214,0.0,0.0,0.1251829279742854,6.107287538183751,0.11476435995848913,20.279526890049688,17.13513778096742,7.866012480933006,0.042830486579589495,9.285294117647059,0.0006248926493483288,0.2752142386288728,0.5998640057851508,0.08142937956119067,-472.700474836666,0.94637108761201,0.015384615384615398,3.7094873517781175,0.8428776084583702,1.3686439456483785,-0.22788380247529555,0.024498558908299512,0.09230617511217765,1.8653359087298005,0.4330825925433194,0.9852128485265155,Specialty Retail,Consumer Cyclical,WINA
2011Q2,2011,Q2,2011-07-25,2011-06-25,3400200.0,15224800.0,6084100.0,0.65,14430600.0,0.9478351111344648,39838700.0,27094000.0,15288200.0,9460600.0,12744700.0,50300.0,27094600.0,196743338.0,195707338.0,5.439640350109339,1.6159863010802697,0.0,0.0,0.13453610701470367,5.439640350109339,0.12549641987155827,12.92255648678472,14.465570995823775,7.261509485494944,0.04393859184753838,15.789264413518886,0.0007593649752958853,0.38216106449256626,1.5764116440817708,0.08534917053016289,-71.86183724158083,0.9478351111344648,0.12068965517241391,5.1455253733417115,1.852926776619419,1.3509979919351824,0.35855771041235174,0.1235502098271817,0.1673254029163469,3.060556774205221,0.9407388763585007,0.921426623989643,Specialty Retail,Consumer Cyclical,WINA
2011Q1,2011,Q1,2011-04-20,2011-03-26,3026300.0,11104900.0,5212000.0,0.58,10622000.0,0.9565146917126673,40876700.0,24101700.0,17062900.0,11403000.0,16775000.0,47800.0,24101700.0,214252908.72,215385308.72,4.83039882250799,1.496351837235815,0.08562335022151984,0.14521797217623653,0.11158794949948544,4.83039882250799,0.12556375691341276,19.293546877504525,17.699245672933944,8.889535124908202,0.03297756336120015,10.102510460251047,0.0004658046445960989,0.27166821196427304,1.4563623607822502,0.07403484136439585,72.56906541119089,0.9565146917126673,-0.03333333333333337,2.2853308650080235,0.9257166024717981,0.2561059498786689,0.0723768563669221,-0.02978327776352911,-0.022413954796961455,2.559566694944915,0.37909008790218135,0.7940191240303217,Specialty Retail,Consumer Cyclical,WINA
2010Q4,2010,Q4,2011-03-10,2010-12-25,3119200.0,10474400.0,5331500.0,0.6,9905100.0,0.9456484380966929,42122000.0,23013000.0,18879300.0,15284200.0,19109000.0,85900.0,22499300.0,160415254.2,158158154.2,4.612204454556168,1.235216759791157,0.0,0.0,0.13841474017157673,4.612204454556168,0.13554078129752747,15.314982643397235,12.857083082200564,6.970636344674748,0.03212362144139523,6.627473806752037,0.000624628876472522,0.24866815440862258,1.2045641904712057,0.07405156450311001,96.60077935685896,0.9456484380966929,0.17647058823529405,55.95389144476908,0.8629168635320743,0.2479664730772935,0.021239084038725244,0.15955390334572492,0.023634897473312343,4.2969818501618935,0.4391545038633779,1.0026495588631485,Specialty Retail,Consumer Cyclical,WINA
2010Q3,2010,Q3,2010-10-21,2010-09-25,2690000.0,11007300.0,5208400.0,0.51,9699100.0,0.88115159939313,44749800.0,19579500.0,23850700.0,22032500.0,25170300.0,95600.0,19480300.0,167847258.38,181818758.38,3.906631906465102,1.0825235447634176,0.36069211482509417,0.8243775377307898,0.08106053611706857,3.906631906465102,0.1373885952143824,15.248722064448138,15.599187581784387,8.572601873387983,0.03732342007434944,13.684100418410042,0.0005981628831416364,0.2459742836839494,1.055490752297742,0.0601120005005609,-58.39993680804425,0.88115159939313,0.13333333333333333,2.4845580848476234,1.0996437587934242,0.0789726721686452,0.08739181129198619,0.15021165604823192,0.23932803502593633,1.4604745977493443,0.5018960676560618,0.5963916161277703,Specialty Retail,Consumer Cyclical,WINA
2010Q2,2010,Q2,2010-07-23,2010-06-26,2338700.0,9879100.0,4202600.0,0.45,8919600.0,0.9028757680355498,53476200.0,16817000.0,30259900.0,19756200.0,36659200.0,138500.0,16890600.0,172038063.11999997,188181163.11999997,3.3460380776228305,1.5316660086453873,0.5007629562309962,1.5923708152464768,0.056246288853128316,3.3460380776228305,0.13906761015638935,17.41434575214341,18.390351810835078,10.230009105072249,0.0,6.927797833935018,0.0,0.18473825739300848,1.5081695872688068,0.04373347395663865,-90.23764129032257,0.9028757680355498,0.0714285714285715,4.228697171024994,0.8832137770443287,-0.12422979487262643,0.010776814550399456,0.0722571179679978,0.10696694323719215,3.632588511682337,0.4159292391136703,0.44259531306945077,Specialty Retail,Consumer Cyclical,WINA
2010Q1,2010,Q1,2010-04-21,2010-03-27,2181100.0,9842800.0,3796500.0,0.42,8824500.0,0.8965436664363798,56999900.0,17164700.0,33456100.0,20268600.0,39835200.0,118700.0,17202100.0,114055793.91999999,130807493.91999999,3.3469840933092687,1.6506369458176686,0.5238781120668633,1.739675030731676,0.04697600485909529,3.3469840933092687,0.12706892634301795,11.587738643475433,13.07319631378662,6.644788077857463,0.0,8.5787700084246,0.0,0.17268100470351702,1.626432017998283,0.03826497941224458,-624.6209962760131,0.8965436664363798,0.4999999999999998,2.6243863021347242,0.6022473386052993,-0.10850516086296973,0.05496909632144608,0.49339267374186924,0.4140191441022012,2.5867911673984096,0.4053687707758069,0.4675935949759483,Specialty Retail,Consumer Cyclical,WINA
2009Q4,2009,Q4,2010-03-11,2009-12-26,1460500.0,9383100.0,2684900.0,0.28,8364700.0,0.8914644413893064,56804500.0,15328700.0,32612000.0,20056300.0,41475800.0,111400.0,15319100.0,112363419.28,134860419.28,2.9889782560201916,1.6260227459700942,0.5631208795077854,2.0867914435014057,0.03273981243525403,2.9889782560201916,0.09527879076503552,11.975084916498812,19.233724628551865,7.330264098064416,0.0,9.141831238779174,0.0,0.1651823359064863,1.6005843550405607,0.02571099120668257,-147.632925082118,0.8914644413893064,-0.15151515151515146,0.733109761035215,0.6940803457074793,-0.1730377028796118,-0.039324229651663586,-0.17926383815678562,-0.15746697210280228,0.9409989121212351,0.4842472317856868,0.0595137749744146,Specialty Retail,Consumer Cyclical,WINA
2009Q3,2009,Q3,2009-10-23,2009-09-26,1779500.0,9824800.0,3186700.0,0.33,8707100.0,0.8862368699617295,60910300.0,16537200.0,33486500.0,19406400.0,44373100.0,110800.0,16456500.0,109925682.69,133031982.69,3.1306526698633506,1.7255389974441422,0.5688463199163359,2.095191447161551,0.03579063124291944,3.1306526698633506,0.10760588249522289,11.188592407987949,15.443338394211857,6.647176226326101,0.0,10.08754512635379,0.0,0.1612994846520211,1.6994960425426664,0.029215091700418486,338.1288301753307,0.8862368699617295,0.5000000000000001,0.9716023249290893,0.6909627278101284,-0.08965229289989918,0.1345938338849652,0.48874759474608886,0.4230150933285702,1.2635449821460671,0.44693139715280455,0.21418902352926164,Specialty Retail,Consumer Cyclical,WINA
2009Q2,2009,Q2,2009-07-23,2009-06-27,1195300.0,8838100.0,2239400.0,0.22,7674200.0,0.8683087994025865,61661500.0,15548600.0,30012600.0,18935700.0,46112900.0,72800.0,15477200.0,87019810.22999999,114059010.22999999,2.9178256919763452,1.5849744134095913,0.5796404563625601,2.2986957025069783,0.025411516060441307,2.9178256919763452,0.07687508843239906,9.845986154263924,18.200412078557683,5.596633152180903,0.0,15.987637362637363,0.0,0.14333254948387567,1.5508114302613583,0.019384867380780553,133.48643999079613,0.8683087994025865,-0.15384615384615388,0.8140200969392012,0.46262602707439854,-0.10730531363486881,-0.11322956748824256,-0.15448822239513335,-0.16108488798981044,1.0193075325147818,0.5479927872363463,0.26107645012144737,Specialty Retail,Consumer Cyclical,WINA
2009Q1,2009,Q1,2009-04-22,2009-03-28,1413700.0,9250000.0,2669400.0,0.26,8654100.0,0.9355783783783784,61124600.0,14564200.0,26866400.0,18904700.0,46560400.0,145500.0,14607700.0,60059216.28,91594616.28,2.69899535891846,1.421149238020175,0.5978116830212385,2.5089603273780914,0.030353953192973064,2.69899535891846,0.09706678018703396,6.492888246486487,10.620926695904366,4.1237566278957996,0.0,4.09553264604811,0.0,0.15133023365388076,1.3691304278830132,0.023128167709890943,-21.535091355014522,0.9355783783783784,1.6747813448911268,0.09902020821869868,0.2932740275289824,-0.1196138888207712,-0.09527045392769774,1.6799249711427473,0.619683271646138,0.4190725003785868,0.4831997564983409,-0.2981481957069223,Specialty Retail,Consumer Cyclical,WINA
2008Q4,2008,Q4,2009-03-13,2008-12-27,-2079200.0,8700700.0,1648100.0,-0.38531,9565400.0,1.0993828082797936,58109800.0,13891200.0,24691500.0,18527300.0,44218600.0,141500.0,13502200.0,62055794.0,94346394.0,2.574276948257241,1.3327090293782689,0.5925093529834898,2.4785907624971206,0.04540288998666923,2.574276948257241,-0.14967749366505415,7.132276023768203,-7.4614988938053095,4.46727381363741,0.0,-6.1109540636042405,0.0,0.1497286172039828,1.2583754783481673,-0.0357805395991726,-25.129907669879323,1.0993828082797936,-2.6054583333333334,-3.1338974017536083,0.23323571477415142,-0.046423496533738874,0.20677735163504238,-2.539236008291383,-0.3686650067036966,-32.871286003469,0.43086514212482635,-0.3034542688871505,Specialty Retail,Consumer Cyclical,WINA
2008Q3,2008,Q3,2008-11-05,2008-09-27,1350800.0,9128200.0,2610500.0,0.24,7926400.0,0.8683420608663264,61673900.0,16988400.0,23687400.0,17669100.0,44685500.0,106000.0,15581300.0,95809961.80000001,127842161.80000001,3.076389286275657,1.3406115761413995,0.566424370762997,2.056320783593511,0.029915703302247753,3.076389286275657,0.07951307951307951,10.496041037663506,17.732077620669234,5.639728391137483,0.0,11.337735849056603,0.0,0.14800750398466775,0.2825497620139113,0.021902295784764707,-61.275237784599646,0.8683420608663264,0.4117647058823528,0.25177790361950486,0.16923714442089163,0.2333445538538842,0.08380392424967525,0.45169263836646967,0.3697659775422395,0.5880873876829871,0.5802939431644947,-0.15033203836003925,Specialty Retail,Consumer Cyclical,WINA
2008Q2,2008,Q2,2008-08-01,2008-06-28,930500.0,8717300.0,1905800.0,0.17,7313500.0,0.8389638993725121,62021600.0,15669200.0,23165900.0,15733600.0,46352400.0,70700.0,14230600.0,102946926.60000001,136600726.60000002,2.8310424567837464,1.47238394264504,0.5842964386600797,2.312753682383274,0.021844834116529075,2.8310424567837464,0.05938401449978301,11.809496816674889,27.6590345513165,6.570018035381513,0.0,19.855728429985856,0.0,0.140552646174881,1.392548431382519,0.01500283772105202,-38.6902159500902,0.8389638993725121,0.0,0.2482030834829517,0.19294526159467237,0.2712920193232518,-0.024554524114383268,-0.007254881041288809,-0.010847563190948253,0.8890895923447993,0.5089728894650531,-0.25902139318652434,Specialty Retail,Consumer Cyclical,WINA
2008Q1,2008,Q1,2008-05-08,2008-03-29,937300.0,8877400.0,1926700.0,0.17,7497600.0,0.8445716088043796,60928400.0,14811000.0,19587200.0,17826200.0,46117400.0,130200.0,13300100.0,99014994.0,134018794.0,2.6925012993486623,1.098787178422771,0.5998007497324729,2.4674161096482345,0.022322308035879493,2.6925012993486623,0.06328404564175275,11.153602856692276,26.409632454923717,6.685233542637229,0.0,10.597542242703533,0.0,0.14570216844689832,1.0244583814834345,0.015383630622172911,-15.440453163254167,0.8445716088043796,0.13333333333333347,-0.13077462247057664,0.10244123765707869,0.3306187131171184,0.09022698521178986,0.4437769562538509,0.05967440325596744,0.4520836259975443,0.3472580764653052,-0.28283166402330345,Specialty Retail,Consumer Cyclical,WINA
2007Q4,2007,Q4,2008-03-18,2007-12-29,649200.0,8023900.0,1818200.0,0.15,6877100.0,0.8570769825147372,56946800.0,12668700.0,15744600.0,17551100.0,44278100.0,145000.0,12362800.0,115517493.0,151524993.0,2.303051192428492,0.8970719783945166,0.6543036658776261,2.941146289674552,0.019385801093856896,2.303051192428492,0.051244405503327095,14.396676553795535,44.48455522181146,9.118338345686613,0.0,7.90896551724138,0.0,0.14090168367669473,0.8139945644432542,0.011400113790414914,-11.64209193340321,0.8570769825147372,-0.2857142857142857,-0.3036997927793388,0.08534712339096218,0.10785670188659581,-0.00602705671503729,-0.4527061203844208,-0.16946829892198062,-0.28178060840652785,0.350601647722874,-0.36281352979382486,Specialty Retail,Consumer Cyclical,WINA
2007Q3,2007,Q3,2007-11-09,2007-09-29,1186200.0,7951800.0,2189200.0,0.21,6918800.0,0.8700923061445207,49664400.0,13307200.0,14619600.0,14682800.0,36357200.0,67000.0,13307200.0,108701721.94999999,138544421.95,2.447163883221263,0.9956956438826382,0.6172550156651444,2.303685223037153,0.030599244606423097,2.447163883221263,0.08913971383912468,13.670077460449205,22.909653083375485,8.168639680022844,0.0,15.417910447761194,0.0,0.1601106627685022,0.9087708066581306,0.02388431149877981,-14.296838429871631,0.8700923061445207,1.0999999999999999,0.16717030112179154,0.011998965737351234,0.32908145250217435,0.11284822749790903,1.167763157894737,0.9402641141540371,0.2766819271900371,0.32947209626378504,-0.2884007697711496,Specialty Retail,Consumer Cyclical,WINA
2007Q2,2007,Q2,2007-08-14,2007-06-30,547200.0,7562600.0,1128300.0,0.1,6217200.0,0.822098220188824,45889100.0,12635700.0,14284400.0,19667300.0,33253400.0,107600.0,12635700.0,104923188.9897,130612988.9897,2.3194571944805302,0.7263020343412669,0.5936071964802099,2.155804585420673,0.016975352917690253,2.3194571944805302,0.04330587145943636,13.873957235567133,47.936398478481365,8.303710042949737,0.0,12.503717472118959,0.0,0.16480166314004852,0.6589567454607393,0.01192440034779501,-9.65805601996539,0.822098220188824,-0.1666666666666666,-0.2366376888480233,-0.08357033513720259,0.4453126180180283,-0.01061442734607489,-0.173663545756569,-0.1254844210199969,-0.18767416376761129,0.22423423315987218,-0.29037326717015893,Specialty Retail,Consumer Cyclical,WINA
2007Q1,2007,Q1,2007-05-14,2007-03-31,662200.0,7626900.0,1290200.0,0.12,6283900.0,0.8239127299427028,42145200.0,12736500.0,12621300.0,16224500.0,29408700.0,96000.0,12651700.0,106724209.41,129488609.41,2.280593281932469,0.777916114518167,0.5643584560044798,1.8674675146233266,0.021529200723272114,2.280593281932469,0.05199230557845562,13.993130814616686,40.29153179175476,8.379398532563892,0.0,13.989583333333334,0.0,0.18096722758463596,0.6861166753983173,0.015712346839023186,156.76293979142184,0.8239127299427028,-0.14285714285714296,-0.40670874244897914,-0.20185367189536324,0.6006833072574035,0.06801842378095416,-0.19184769343422017,-0.02235356520421308,-0.5025839051057666,0.030336564756862784,-0.2560925886635957,Specialty Retail,Consumer Cyclical,WINA
