Quarters,Year,Quarter,FillingDate,Date,NetIncome,Revenue,OperatingIncome,EPSDiluted,GrossProfit,GrossProfitRatio,TotalAssets,CommonStockEquity,CurrentAssets,CurrentLiability,TotalLiability,Inventory,RetainedEarnings,MarketCap,EnterpriseValue,bookValuePerShare,currentRatio,debtToAssets,debtToEquity,roic,shareholdersEquityPerShare,roe,priceToSalesRatio,peRatio,pbRatio,payoutRatio,inventoryTurnover,dividendYield,assetTurnover,quickRatio,returnOnAssets,priceToFreeCashFlowsRatio,grossProfitMargin,epsdilutedGrowth,fiveYNetIncomeGrowthPerShare,fiveYRevenueGrowthPerShare,fiveYShareholdersEquityGrowthPerShare,grossProfitGrowth,netIncomeGrowth,operatingIncomeGrowth,threeYNetIncomeGrowthPerShare,threeYRevenueGrowthPerShare,threeYShareholdersEquityGrowthPerShare,Industry,Sector,Symbol
2023Q1,2023,Q1,2023-05-02,2023-03-31,-22611000.0,82333000.0,62983000.0,-0.67,82333000.0,1.0,9495302000.0,731390000.0,1671929000.0,0.0,1327019000.0,0.0,607544000.0,730259463.6800001,1604042463.68,21.79368730094812,0.0,0.1397553232114155,1.8143794692298227,-0.032352828506262185,21.79368730094812,-0.030915106851337863,8.86958405110952,-8.074161510769095,0.9984542633615445,-0.1334306311087524,0.0,0.004131408287126355,0.00867091957686022,0.0,-0.0023812828702025487,-32.407005577349786,1.0,-2.6341463414634148,-3.4952473954801566,0.2867751702599714,0.06847071308431193,0.0018861495777458687,-2.6127674750356635,2.3562293509538526,-9.403997554308086,0.45466571426760893,0.09303069464830258,Banks—Regional,Financial Services,AMTB
2022Q4,2022,Q4,2023-03-01,2022-12-31,14020000.0,82178000.0,18766000.0,0.41,82178000.0,1.0,9127804000.0,707816000.0,1462073000.0,0.0,8422078000.0,0.0,590375000.0,899035216.64,1849899216.6399999,21.131298405641065,0.0,0.13139031030902942,1.6943739615945388,0.006848150803900613,21.131298405641065,0.019807407574849962,10.940096091898075,16.031298442225392,1.2701538487968624,0.21497860199714694,0.0,0.003352482688347117,0.009003041695461471,0.0,0.0015359663726346446,-45.82005079455685,1.0,-0.08888888888888896,0.6575304142708966,0.21916649950697698,-0.02062384664538903,0.1757013891869465,-0.06880977683315621,-0.10296367112810707,0.31033729045526354,0.5070041086439638,0.06795585873500616,Banks—Regional,Financial Services,AMTB
2022Q3,2022,Q3,2022-10-28,2022-09-30,15056000.0,69897000.0,20920000.0,0.45,69897000.0,1.0,8739979000.0,697633000.0,1468725000.0,0.0,8044281000.0,0.0,588495000.0,831554223.12,1850035223.12,20.83953546045458,0.0,0.1458202588358622,1.8268430535826143,0.007125380381541024,20.83953546045458,0.021581547891226474,11.89685141164857,13.80768834883103,1.1919651494697068,0.20011955366631243,0.0,0.0036233355759955053,0.00799738763674375,0.0,0.0017226586013536188,63.627991668834646,1.0,1.647058823529412,-0.09437329235626933,-0.07888576542705646,0.0,0.18580032233437951,1.6690303137741536,-0.04601213005609011,0.6007928424732123,0.3346193988844073,0.07171739769454023,Banks—Regional,Financial Services,AMTB
2022Q2,2022,Q2,2022-07-29,2022-06-30,5641000.0,58945000.0,21929000.0,0.17,58945000.0,1.0,8151242000.0,713341000.0,1276467000.0,0.0,7439792000.0,0.0,570588000.0,946967151.6,1735481151.6,21.18251819623096,0.0,0.13749573377897503,1.5711433942532393,0.008174591192458886,21.18251819623096,0.007907858934226408,16.065266801255408,41.96805316433257,1.3275097766706245,0.540507002304556,0.0,0.003219752654406645,0.0072314133232702455,0.0,0.0006920417771917458,-24.15609284220193,1.0,-0.5,-0.43701252430369675,-0.1167186533677253,0.0,0.059304519723245575,-0.5288172402271968,-0.25363330043225213,-0.44672861004264297,0.09412957352951344,0.11554131329758104,Banks—Regional,Financial Services,AMTB
2022Q1,2022,Q1,2022-04-29,2022-03-31,11972000.0,55645000.0,29381000.0,0.34,55645000.0,1.0,7805836000.0,753082000.0,1511904000.0,0.0,7056440000.0,0.0,565963000.0,1099963294.56,2098017294.56,21.627867491265935,0.0,0.16244320275240218,1.6837542259674245,0.010225279869493844,21.627867491265935,0.015897339200777606,19.767513605175665,22.96949746408286,1.460615569831705,0.2634480454393585,0.0,0.002867368407290029,0.00712864067346534,0.0,0.001533724254519311,-78.37287456786605,1.0,-0.8045977011494252,0.8451645990562575,-0.10808578384598372,0.0,-0.21275271281637734,-0.8138392162960659,-0.6900411435805465,0.12464702060464819,0.004258966074709529,0.1874165804245978,Banks—Regional,Financial Services,AMTB
2021Q4,2021,Q4,2022-03-04,2021-12-31,64310000.0,70683000.0,94790000.0,1.74,70683000.0,1.0,7641009000.0,834483000.0,1542024000.0,0.0,6806526000.0,0.0,553167000.0,1264771850.0,2059807850.0,22.795722129647334,0.0,0.13993492220726347,1.2813250839142318,0.035365364108108144,22.795722129647334,0.07706568018761317,17.893579078420554,4.916699774529621,1.5156352496096386,0.0,0.0,0.0,0.009250479877722956,0.0,0.008416427725710047,50.23919960278054,1.0,2.8666666666666667,5.957000833232844,-0.04048342691279256,0.056517504211416686,0.08318136541261206,2.7760554283365626,0.0,4.205170383005224,0.20029556864417766,0.3039973611193092,Banks—Regional,Financial Services,AMTB
2021Q3,2021,Q3,2021-10-29,2021-09-30,17031000.0,65255000.0,0.0,0.45,65255000.0,1.0,7489305000.0,814113000.0,0.0,0.0,6676643000.0,0.0,489854000.0,918695160.0,1684550160.0,21.92365487154629,0.0,0.12445587407643299,1.144912315612206,0.0,21.92365487154629,0.02091970033643978,14.078540494981228,13.485631495508189,1.1284614789347425,0.0,0.0,0.0,0.008713091535195856,0.0,0.002274042785011426,155.0017141893032,1.0,0.0714285714285715,-0.07647849354993631,-0.22476030750100262,0.0,-0.043083600956109865,0.06697155744894123,0.0,0.687206852931884,0.08879240128827434,0.2802506376191569,Banks—Regional,Financial Services,AMTB
2021Q2,2021,Q2,2021-07-30,2021-06-30,15962000.0,68193000.0,0.0,0.42,68193000.0,1.0,7532844000.0,799885000.0,6093065000.0,0.0,6733776000.0,0.0,472823000.0,798115400.0,1558131400.0,21.42740423252076,0.0,0.12366219186272807,1.1645774080024003,0.0,21.42740423252076,0.019955368584233985,11.703773114542548,12.50024119784488,0.9977876819792845,0.0,0.0,0.0,0.00905275617017955,0.0,0.0021189871979294937,33.911850435521565,1.0,0.1052631578947368,0.4371150864219368,-0.07816436631999552,0.0,0.10466208773407633,0.10394909744795629,0.0,0.43256507223677665,-0.06317792062831262,0.04013036552183845,Banks—Regional,Financial Services,AMTB
2021Q1,2021,Q1,2021-05-07,2021-03-31,14459000.0,61732000.0,0.0,0.38,61732000.0,1.0,7751098000.0,785014000.0,6303698000.0,0.0,6966084000.0,0.0,456861000.0,698566260.0,1637901260.0,20.868041894837578,0.0,0.1513119818637308,1.4940294058449912,0.0,20.868041894837578,0.0184187797924623,11.31611255102702,12.078398575281833,0.8898774544148257,0.0,0.0,0.0,0.007964290994643597,0.0,0.0018654131324362046,112.36388290172108,1.0,0.8999999999999999,1.0627164325902565,-0.08411667516874605,0.0,0.026010936227500125,0.7064794051693615,0.0,0.4234909138683634,-0.13928042494454776,0.02308945228742423,Banks—Regional,Financial Services,AMTB
2020Q4,2020,Q4,2021-03-19,2020-12-31,8473000.0,60167000.0,0.0,0.2,60167000.0,1.0,7770893000.0,783421000.0,6333845000.0,0.0,6987472000.0,0.0,442402000.0,628155200.0,1586524200.0,18.95709722692736,0.0,0.15091637473325137,1.4969665097055096,0.0,18.95709722692736,0.010815385341980876,10.440194791164592,18.53402572878555,0.8018105207800147,0.0,0.0,0.0,0.007742610791320895,0.0,0.0010903508773058644,120.52095165003837,1.0,4.0,-0.18806451919229097,-0.2765031712033918,-0.12139194646358337,-0.08337903717245582,3.9782608695652173,0.0,-0.18806451919229097,-0.2765031712033918,-0.12139194646358337,Banks—Regional,Financial Services,AMTB
2020Q3,2020,Q3,2020-11-06,2020-09-30,1702000.0,65640000.0,0.0,0.04,65640000.0,1.0,7977047000.0,829533000.0,6426865000.0,0.0,7147514000.0,0.0,433929000.0,388431820.0,1333947820.0,19.88238818848569,0.0,0.14700627939135874,1.4136580461536792,0.0,19.88238818848569,0.002051756831855996,5.917608470444851,57.05520270270271,0.46825360775279584,0.0,0.0,0.0,0.008228608907531822,0.0,0.00021336216271509997,17.019314726372517,1.0,1.1081081081081081,-0.9178565319367286,-0.30593939683089993,0.0,-0.007589731184421396,1.1113947247856535,0.0,-0.9178565319367286,-0.30593939683089993,0.0,Banks—Regional,Financial Services,AMTB
2020Q2,2020,Q2,2020-08-07,2020-06-30,-15279000.0,66142000.0,0.0,-0.37,66142000.0,1.0,8130723000.0,830198000.0,6373065000.0,0.0,7300525000.0,0.0,432227000.0,627468800.0,1582716800.0,19.89928092042186,0.0,0.14421804801368832,1.4124305286208831,0.0,19.89928092042186,-0.01840404337278577,9.486692268150342,-10.266849924733293,0.7558062052666954,0.0,0.0,0.0,0.008134823926482307,0.0,-0.0018791686790953278,28.80675787347351,1.0,-5.625,-2.230871916897286,-0.199972881946946,0.0,-0.07033424226239002,-5.517740981667652,0.0,-2.230871916897286,-0.199972881946946,0.0,Banks—Regional,Financial Services,AMTB
2020Q1,2020,Q1,2020-05-08,2020-03-31,3382000.0,71146000.0,0.0,0.08,71146000.0,1.0,8098810000.0,841117000.0,6255208000.0,0.0,7257693000.0,0.0,447506000.0,649227150.0,1707352150.0,19.9387697048714,0.0,0.16412016086313916,1.5802534011320661,0.0,19.9387697048714,0.004020843711398057,9.12527970651899,47.991362359550564,0.7718630701792972,0.0,0.0,0.0,0.008784747388813912,0.0,0.00041759221416479706,349.6107431340872,1.0,-0.75,-0.5697582784954611,-0.05872192858697409,0.0,0.03596598520589434,-0.7490166975881262,0.0,-0.5697582784954611,-0.05872192858697409,0.0,Banks—Regional,Financial Services,AMTB
2019Q4,2019,Q4,2020-03-16,2019-12-31,13475000.0,68676000.0,0.0,0.32,68676000.0,1.0,7985399000.0,834701000.0,6170593000.0,0.0,7150698000.0,0.0,444124000.0,919211150.0,2125133150.0,19.78667772905061,0.0,0.16620910238799588,1.590085551592726,0.0,19.78667772905061,0.016143505279135884,13.384750859106529,17.05401020408163,1.1012460150401162,0.0,0.0,0.0,0.00860019643351572,0.0,0.001687454815970999,-274.4733203941475,1.0,0.14285714285714277,0.26496469752074625,-0.19099988346812777,-0.08294322715296291,0.033716659642362576,0.1294107786438689,0.0,0.26496469752074625,-0.19099988346812777,-0.08294322715296291,Banks—Regional,Financial Services,AMTB
2019Q3,2019,Q3,2019-11-12,2019-09-30,11931000.0,66436000.0,0.0,0.28,66436000.0,1.0,7864260000.0,825751000.0,6155757000.0,0.0,7038509000.0,0.0,431521000.0,890512020.0,2051431020.0,19.444991287147364,0.0,0.1605041033739983,1.5286036589722567,0.0,19.444991287147364,0.01444866551781348,13.404058341862845,18.65962660296706,1.0784268138942612,0.0,0.0,0.0,0.008447838703196486,0.0,0.001517116677220743,23.153636670913393,1.0,-0.06666666666666654,-0.4342636451044193,-0.30983002694034556,0.0,-0.022079604333490342,-0.07202302247802754,0.0,-0.4342636451044193,-0.30983002694034556,0.0,Banks—Regional,Financial Services,AMTB
2019Q2,2019,Q2,2019-08-12,2019-06-30,12857000.0,67936000.0,0.0,0.3,67936000.0,1.0,7926826000.0,806368000.0,6200715000.0,0.0,7120458000.0,0.0,419590000.0,927457440.0,2080250440.0,18.988555550322612,0.0,0.15682317235170798,1.541616234771221,0.0,18.988555550322612,0.015944333108456686,13.651928874234574,18.034095045500507,1.1501664748601135,0.0,0.0,0.0,0.00857039122594592,0.0,0.0016219606687468604,50.43819012399391,1.0,0.0,0.017561156993306817,-0.1927086443857568,0.0,-0.0014698101005350109,-0.01637212149032209,0.0,0.017561156993306817,-0.1927086443857568,0.0,Banks—Regional,Financial Services,AMTB
2019Q1,2019,Q1,2019-05-10,2019-03-31,13071000.0,68036000.0,0.0,0.3,68036000.0,1.0,7902355000.0,778749000.0,6123732000.0,0.0,7123606000.0,0.0,406733000.0,629781150.0,1728202150.0,18.214220558998946,0.0,0.15034885170306828,1.5256648804685464,0.0,18.214220558998946,0.016784612243482818,9.256586953965547,12.045389602937801,0.8087087752279619,0.0,0.0,0.0,0.00860958537043704,0.0,0.0016540638834878969,59.24563969896519,1.0,-0.11764705882352951,0.6406610832118994,-0.11186830659805692,0.0,-0.010788333478728663,-0.09417879417879418,0.0,0.6406610832118994,-0.11186830659805692,0.0,Banks—Regional,Financial Services,AMTB
2018Q4,2018,Q4,2019-04-01,2018-12-31,14430000.0,68778000.0,0.0,0.34,68778000.0,1.0,8124347000.0,747418000.0,6310412000.0,0.0,7376929000.0,0.0,393662000.0,556242550.0,1754642550.0,17.481417378084434,0.0,0.1580570106126683,1.7180613793084993,0.0,17.481417378084434,0.019306465726006063,8.08750690627817,9.636911815661817,0.7442188306944708,0.0,0.0,0.0,0.008465664994368162,0.0,0.001776142747226331,32.75097444653792,1.0,0.2593851977790372,0.33655583224466795,-0.20059975379976439,-0.18978555040591782,0.0028432701981540615,0.24924248982772054,0.0,0.33655583224466795,-0.20059975379976439,-0.18978555040591782,Banks—Regional,Financial Services,AMTB
2018Q3,2018,Q3,2018-11-13,2018-09-30,11551000.0,68583000.0,0.0,0.269973,68583000.0,1.0,8435802000.0,727675000.0,6579814000.0,0.0,7708127000.0,0.0,379232000.0,1491755334.2943468,2844286334.294347,17.124502208658956,0.0,0.17261073695186302,2.001044422303913,0.0,17.124502208658956,0.01587384477960628,21.751094794545978,32.28628115086025,2.050029661997934,0.0,0.0,0.0,0.008129991671212767,0.0,0.0013692829679975893,120.14782009458334,1.0,-0.09550723666577327,-0.4526329093286654,-0.28798208769484157,0.0,0.007196040709030297,0.10822220090185167,0.0,-0.4526329093286654,-0.28798208769484157,0.0,Banks—Regional,Financial Services,AMTB
2018Q2,2018,Q2,2018-09-21,2018-06-30,10423000.0,68093000.0,0.0,0.29848,68093000.0,1.0,8530464000.0,719382000.0,6651483000.0,0.0,7811082000.0,0.0,367681000.0,618102029.1190932,1876982029.1190932,20.600690973742054,0.0,0.16131713351114313,1.9129057997002983,0.0,20.600690973742054,0.0144888251304592,9.077321150765764,14.825434834478875,0.8592125311991309,0.0,0.0,0.0,0.007982332496802049,0.0,0.0012218561616343495,56.29344527496295,1.0,0.10542006925541181,0.0031761308950914576,-0.015997109826589567,0.0,0.022755264501787376,0.10541945063103192,0.0,0.0031761308950914576,-0.015997109826589567,0.0,Banks—Regional,Financial Services,AMTB
2018Q1,2018,Q1,2018-03-31,2018-03-31,9429000.0,66578000.0,0.0,0.270015,66578000.0,1.0,8423594000.0,712272000.0,6527754000.0,0.0,7711322000.0,0.0,357258000.0,618102029.1190932,1703555029.1190932,20.39708438805697,0.0,0.16039590702021014,1.8969017454006334,0.0,20.39708438805697,0.013237920345036727,9.283877994519107,16.388324030095802,0.8677893123962379,4.242231413723618,0.0,0.0647142350543764,0.00790375224636895,0.0,0.0011193559423685424,52.662693117414435,1.0,0.08006000000000002,0.44905486399262334,0.06409026978647227,0.0,-0.0525536850194248,0.06929008845543207,0.0,0.44905486399262334,0.06409026978647227,0.0,Banks—Regional,Financial Services,AMTB
2017Q4,2017,Q4,2017-12-31,2017-12-31,8818000.0,70271000.0,0.0,0.25,70271000.0,1.0,8436767000.0,753450000.0,6511200000.0,0.0,7683317000.0,0.0,387829000.0,618102029.1190932,1755767029.1190932,21.57628438599513,0.0,0.1530337391088316,1.7135974517220784,0.0,21.57628438599513,0.011703497246001726,8.795975994636382,17.52387245177742,0.8203623719146502,0.0,0.0,0.0,0.008329138401001237,0.0,0.0010451870959574917,-25.84254658077988,1.0,-0.49659395469748313,0.0,0.0,0.0,-0.11224670271362878,-0.4915234690347134,0.0,0.0,0.0,0.0,Banks—Regional,Financial Services,AMTB
2017Q3,2017,Q3,2017-09-30,2017-09-30,17342000.0,79156000.0,0.0,0.496617,79156000.0,1.0,,,,,,,,618102029.1190932,,,0.0,0.0,0.0,0.0,,0.0,7.808656692090216,8.910477873357934,0.0,0.0,0.0,0.0,0.0,0.0,0.0,14.036607905509099,1.0,0.6691044751037692,0.0,0.0,0.0,0.1438728323699422,0.6691049085659287,0.0,0.0,0.0,0.0,Banks—Regional,Financial Services,AMTB
2017Q2,2017,Q2,2017-06-30,2017-06-30,10390000.0,69200000.0,0.0,0.297535,69200000.0,1.0,,,,,,,,618102029.1190932,,,0.0,0.0,0.0,0.0,,0.0,8.93211024738574,14.872522356089828,0.0,0.0,0.0,0.0,0.0,0.0,0.0,19.43594834032744,1.0,0.5967403495779198,0.0,0.0,0.0,0.10599667561692878,0.5967419701859535,0.0,0.0,0.0,0.0,Banks—Regional,Financial Services,AMTB
2017Q1,2017,Q1,2017-03-31,2017-03-31,6507000.0,62568000.0,0.0,0.186339,62568000.0,1.0,,,,,,,,618102029.1190932,,,0.0,0.0,0.0,0.0,,0.0,9.878884239852532,23.74758064849751,0.0,0.0,0.0,0.0,0.0,0.0,0.0,48.45198942691018,1.0,0.0,0.0,0.0,0.0,0.0,0.0,0.0,0.0,0.0,0.0,Banks—Regional,Financial Services,AMTB
