Quarters,Year,Quarter,FillingDate,Date,NetIncome,Revenue,OperatingIncome,EPSDiluted,GrossProfit,GrossProfitRatio,TotalAssets,CommonStockEquity,CurrentAssets,CurrentLiability,TotalLiability,Inventory,RetainedEarnings,MarketCap,EnterpriseValue,bookValuePerShare,currentRatio,debtToAssets,debtToEquity,roic,shareholdersEquityPerShare,roe,priceToSalesRatio,peRatio,pbRatio,payoutRatio,inventoryTurnover,dividendYield,assetTurnover,quickRatio,returnOnAssets,priceToFreeCashFlowsRatio,grossProfitMargin,epsdilutedGrowth,fiveYNetIncomeGrowthPerShare,fiveYRevenueGrowthPerShare,fiveYShareholdersEquityGrowthPerShare,grossProfitGrowth,netIncomeGrowth,operatingIncomeGrowth,threeYNetIncomeGrowthPerShare,threeYRevenueGrowthPerShare,threeYShareholdersEquityGrowthPerShare,Industry,Sector,Symbol
2023Q1,2023,Q1,2023-04-27,2023-03-31,1569000.0,42170000.0,1684000.0,0.0419,32901000.0,0.7801991937,111056000.0,64486000.0,65166000.0,21059000.0,46570000.0,14184000.0,18617000.0,440328000.0,447910000.0,1.7573990298141386,3.0944489291989172,0.21947485953032705,0.3779735136308656,0.015868370853721205,1.7573990298141386,0.024330862512793476,10.441735831159592,70.16061185468452,6.828272803399187,0.0,0.6534827975183305,0.0,0.3797183402967872,2.319768270098295,0.014128007491715892,251.616,0.7801991937396253,-0.7905000000000001,-0.20177719914834014,4.993717688888939,10.882025329575379,-0.16530938427582006,-0.7894524959742351,-0.8334322453016815,-0.4729108270463959,1.7322839511899637,1.7193828993076046,Medical Distribution,Healthcare,ZYXI
2022Q4,2022,Q4,2023-03-14,2022-12-31,7452000.0,48805000.0,10110000.0,0.2,39417000.0,0.8076426596,116466000.0,66358000.0,69559000.0,21086000.0,50108000.0,13484000.0,17048000.0,517952760.0,524767760.0,1.782092598560533,3.298823864175282,0.2314752803393265,0.4062660116338648,0.0707249356312921,1.782092598560533,0.11229994876277163,10.6126986989038,17.37630032206119,7.805430543416016,0.0,0.6962325719371106,0.0,0.41904933628698504,2.6181826804514845,0.06398433877698212,110.88691072575466,0.8076426595635693,0.5384615384615385,1.1855081278094368,4.8193425688653715,11.894944963669595,0.1898034954269673,0.5292427662630823,0.5416285452881976,1.4433722698602367,2.3299419098136234,2.2478732391322116,Medical Distribution,Healthcare,ZYXI
2022Q3,2022,Q3,2022-10-27,2022-09-30,4873000.0,41520000.0,6558000.0,0.13,33129000.0,0.7979046243,115435000.0,65187000.0,67382000.0,19770000.0,50248000.0,14366000.0,9596000.0,345077220.0,350725220.0,1.7133732849708248,3.408295397066262,0.2527829514445359,0.44763526470001685,0.045083786165997564,1.7133732849708248,0.07475416877598294,8.31110838150289,17.703530679253024,5.2936508813106915,0.0,0.5840874286509815,0.0,0.3596829384502101,2.624279210925645,0.042214233118205054,47.32920312714305,0.7979046242774567,0.625,1.0702501051358886,4.690128248826125,36.173300794128764,0.12477082908942758,0.45636580992229525,0.502749770852429,1.2516061472069473,2.30052861411722,2.715444926374146,Medical Distribution,Healthcare,ZYXI
2022Q2,2022,Q2,2022-07-28,2022-06-30,3346000.0,36759000.0,4364000.0,0.08,29454000.0,0.8012731576,119575000.0,69009000.0,70630000.0,18823000.0,50566000.0,14572000.0,4723000.0,310030980.0,314143980.0,1.7762477156315153,3.752324284120491,0.2591678862638511,0.44907186019214884,0.02989957069994072,1.7762477156315153,0.04848642930632236,8.43415163633396,23.164299163179916,4.492616615224102,1.0797967722653916,0.5013038704364535,0.011653674094117949,0.30741375705624086,2.9060723582850767,0.027982437800543592,-981.1106962025317,0.8012731575940586,1.3952095808383234,1.018689461154646,5.615341405800706,41.01131339911482,0.21902160417184008,1.429920116194626,1.2896117523609654,0.41648734553137884,2.2673482599359325,3.461774655344363,Medical Distribution,Healthcare,ZYXI
2022Q1,2022,Q1,2022-04-28,2022-03-31,1377000.0,31083000.0,1906000.0,0.0334,24162000.0,0.7773380948,132041000.0,75818000.0,82176000.0,22368000.0,56223000.0,13484000.0,1377000.0,247735950.00000003,241626950.00000003,1.9066515780208726,3.6738197424892705,0.25096750251815725,0.4370729905827112,0.010387176344497484,1.9066515780208726,0.01816191405734786,7.970142843354889,44.97747821350763,3.2675083753198453,2.6238198983297023,0.513274992583803,0.01458407631189579,0.2354041547701093,2.999463519313305,0.010428579001976659,147.28653388822832,0.7773380947784962,-0.8547826086956521,2.458266192350313,7.019900080581096,22.8233185351603,-0.2685939155441199,-0.8451765234989881,-0.835491109960297,-0.477533433389247,2.013813628151514,4.774563111453102,Medical Distribution,Healthcare,ZYXI
2021Q4,2021,Q4,2022-03-22,2021-12-31,8894000.0,40366000.0,11586000.0,0.23,33035000.0,0.8183867611,133274000.0,73925000.0,82689000.0,22871000.0,59349000.0,10756000.0,0.0,348141939.59999996,340617939.59999996,1.9245788966702246,3.615451882296358,0.2632771583354593,0.4746432194792019,0.06953403933763111,1.9245788966702246,0.12031112614135948,8.624633097160975,9.785865178772205,4.7093938397024,0.0,0.6815730754927483,0.0,0.30287978150276873,3.115036509116348,0.06673469694013837,47.37269555041502,0.8183867611356092,0.43750000000000006,37.109471377006614,11.367131712888046,18.829882025943576,0.18197431035099645,0.45636155231701325,0.4399701715137957,2.135023835201988,2.995625410276841,6.278483882546284,Medical Distribution,Healthcare,ZYXI
2021Q3,2021,Q3,2021-11-02,2021-09-30,6107000.0,34786000.0,8046000.0,0.16,27949000.0,0.803455413097223,90723000.0,63383000.0,69858000.0,10292000.0,27340000.0,9154000.0,31639000.0,396005781.59999996,380216781.59999996,1.6572972011881353,6.787602020987174,0.21581076463520826,0.3088998627392203,0.05969020026245216,1.6572972011881353,0.09635075651199848,11.384056275513137,16.211142197478303,6.247823258602464,0.0,0.7468866069477824,0.0,0.3834308830175369,5.791099883404586,0.06731479338205307,109.30327949213358,0.803455413097223,1.2857142857142856,9.324798698811755,7.626254011422371,15.483816255480258,0.17655230477794148,1.1748575498575498,1.109043250327654,1.204675568621106,3.001701720441439,5.4149165232442416,Medical Distribution,Healthcare,ZYXI
2021Q2,2021,Q2,2021-07-29,2021-06-30,2808000.0,31022000.0,3815000.0,0.07,23755000.0,0.7657468893043646,83698000.0,57300000.0,61779000.0,8891000.0,26398000.0,9951000.0,25532000.0,540599996.2,528249996.20000005,1.496435193648638,6.948487234281858,0.23871538149059715,0.3486910994764398,0.029215682103427,1.496435193648638,0.049005235602094244,17.42634247308362,48.13034154202279,9.434554907504364,0.0,0.7302783639835192,0.0,0.3706420703003656,5.695647283770104,0.03354918875002987,556.1728355967078,0.7657468893043646,4.5,12.112511854903852,7.480925055354602,12.492501008816696,0.30228605887835097,4.977337110481586,4.5291396854764105,0.08823011555819152,2.8386787637008406,6.036441831804538,Medical Distribution,Healthcare,ZYXI
2021Q1,2021,Q1,2021-04-29,2021-03-31,-706000.0,24127000.0,-1081000.0,-0.02,18241000.0,0.7560409499730593,70236000.0,56153000.0,60829000.0,9315000.0,14083000.0,10957000.0,22724000.0,531960293.26,505436293.26,1.46534379591187,6.530220075147612,0.09845378438407654,0.12314569123644328,-0.010004867499276036,1.46534379591187,-0.012572792192759068,22.04833975463174,-188.3712086614731,9.473408246398234,0.0,0.5371908369079127,0.0,0.3435132980238055,5.186580783682233,-0.010051825274787858,-94.9251058636688,0.7560409499730593,-1.4301075268817205,-0.42733526739023775,5.228778671972261,12.81007943287527,-0.08548079815501855,-1.3950755456071628,-1.4706138441445364,-1.34392798038226,2.283655817486783,8.907398265379932,Medical Distribution,Healthcare,ZYXI
2020Q4,2020,Q4,2021-02-25,2020-12-31,1787000.0,25605000.0,2297000.0,0.0465,19946000.0,0.7789884788127319,72175000.0,56855000.0,63023000.0,10117000.0,15320000.0,8635000.0,23430000.0,455879318.4,424037318.4,1.5260629160403694,6.229415834733617,0.10157256667821268,0.1289420455544807,0.025912095092640995,1.5260629160403694,0.031430832820332426,17.804308471001757,63.777185002797985,8.018280158297422,0.0,0.6553561088592935,0.0,0.3547627294769657,5.239695561925472,0.024759265673709733,-237.19007200832465,0.7789884788127319,0.55,2.3749432744390164,7.697947907319609,14.18283701416817,0.2680228862047044,0.34058514628657166,0.6302342086586231,-0.4761934450183073,2.051414344212115,10.042353988413845,Medical Distribution,Healthcare,ZYXI
2020Q3,2020,Q3,2020-10-27,2020-09-30,1333000.0,20026000.0,1409000.0,0.03,15730000.0,0.7854788774593029,64965000.0,54311000.0,57553000.0,7295000.0,10743000.0,5898000.0,21643000.0,601779320.56,565727320.56,1.4317008746632363,7.889376285126799,0.07968906334179943,0.09532138977371067,0.0206873447923475,1.4317008746632363,0.024543830899817716,30.049901156496553,112.86183806451614,11.080247473992376,0.0,0.728382502543235,0.0,0.30825829292696066,6.935435229609322,0.020518740860463326,-688.534691716247,0.7854788774593029,-0.625,4.75384614057741,5.808844040371015,18.31042453563383,0.03473227206946455,-0.5581703679151475,-0.6550795593635251,-0.4320239174790297,1.7525322528773202,30.062143741770765,Medical Distribution,Healthcare,ZYXI
2020Q2,2020,Q2,2020-07-28,2020-06-30,3017000.0,19263000.0,4085000.0,0.08,15202000.0,0.7891813320874215,36759000.0,27046000.0,29833000.0,6020000.0,9802000.0,4707000.0,20310000.0,827748542.83,816363542.83,0.7387336696593675,4.955647840531562,0.15046655240893386,0.20450343858611256,0.07926674986673582,0.7387336696593675,0.11155069141462694,42.9709049903961,68.59036649237653,30.60521122642905,0.0,0.8627575950711706,0.0,0.5240349302211703,4.040199335548173,0.08207513806142713,360.8319715911073,0.7891813320874215,0.0,6.749776191313128,4.889574417838943,10.937905552156039,0.2853639976325357,0.027238678924072182,0.6619202603742881,0.931549938279142,2.678743859991777,17.640530549372365,Medical Distribution,Healthcare,ZYXI
2020Q1,2020,Q1,2020-04-28,2020-03-31,2937000.0,15228000.0,2458000.0,0.08,11827000.0,0.7766614131862358,33222000.0,23397000.0,25698000.0,5834000.0,9914000.0,3429000.0,17293000.0,364345593.47999996,355571593.47999996,0.6462492024428037,4.4048680150839905,0.17491421347299982,0.24836517502243877,0.08400546235082583,0.6462492024428037,0.12552891396332863,23.926030567375882,31.01341449438202,15.57232095909732,0.0,0.9918343540390785,0.0,0.45837095900307023,3.622557422008913,0.08840527361387032,1087.5987865074626,0.7766614131862358,0.0,4.114393479115395,3.54552210456367,11.67719057473239,0.042853363900890576,-0.0033932813030200203,-0.3411953899758778,7.101571276114754,3.3154861689597217,8.396895353393301,Medical Distribution,Healthcare,ZYXI
2019Q4,2019,Q4,2020-02-27,2019-12-31,2947000.0,14162000.0,3731000.0,0.08,11341000.0,0.8008049710492868,28277000.0,19742000.0,22566000.0,5197000.0,8624000.0,2378000.0,14356000.0,257418194.54999998,248061194.54999998,0.5486952437333067,4.342120454108139,0.16561162782473388,0.23721000911761728,0.10140672136998709,0.5486952437333067,0.14927565596190862,18.17668369933625,21.837308665592126,13.039114301995744,0.0,1.186291000841043,0.0,0.5008310641157124,3.823936886665384,0.10421897655338261,124.35661572463768,0.8008049710492868,0.6,4.355683893507209,5.1529921034235,16.683473109149833,0.1867936375052323,0.44958189867191345,0.49539078156312627,12.480673716269894,3.632053023937339,6.0832789868409085,Medical Distribution,Healthcare,ZYXI
2019Q3,2019,Q3,2019-10-29,2019-09-30,2033000.0,11817000.0,2495000.0,0.05,9556000.0,0.8086654819328086,24724000.0,16481000.0,18638000.0,4519000.0,8332000.0,2129000.0,11409000.0,308981524.5,301950524.5,0.46114888497159967,4.124363797300288,0.19830933505905193,0.2974940840968388,0.07730762341822467,0.46114888497159967,0.1233541654025848,26.1472052551409,37.99576051401869,18.747741308173048,0.0014756517461878996,1.0620009394081729,9.709318396479075e-06,0.47795664132017474,3.58220845319761,0.08222779485520143,167.01704027027026,0.8086654819328086,-0.1666666666666666,6.570811019208817,1.5780103590495216,10.074294313781284,0.14456821176188764,-0.059666975023126734,-0.03444272445820434,2.678078968353899,2.135847851222438,5.0301737742390795,Medical Distribution,Healthcare,ZYXI
2019Q2,2019,Q2,2019-07-31,2019-06-30,2162000.0,10297000.0,2584000.0,0.06,8349000.0,0.8108186850538992,21839000.0,14156000.0,15752000.0,3828000.0,7772000.0,1325000.0,9376000.0,310006986.52,304875986.52,0.39810341239531366,4.114942528735632,0.2254224094509822,0.3477677309974569,0.09007582701441547,0.39810341239531366,0.15272675897146087,30.106534575118964,35.84724635985199,21.89933501836677,0.0,1.470188679245283,0.0,0.4714959476166491,3.551201671891327,0.09899720683181465,613.8752208316831,0.8108186850538992,0.0,1.3754309201476407,6.360389290992849,7.671706709251583,0.12641662169454937,-0.08,0.1453900709219858,10.213462618546325,2.031350812487358,4.0574019429542805,Medical Distribution,Healthcare,ZYXI
2019Q1,2019,Q1,2019-04-30,2019-03-31,2350000.0,9196000.0,2256000.0,0.06,7412000.0,0.806002609830361,18865000.0,11707000.0,14272000.0,4453000.0,7247000.0,968000.0,7214000.0,149884416.98999998,143962416.98999998,0.3301810961662666,3.205030316640467,0.1853697323085078,0.2987101734005296,0.0903995093572427,0.3301810961662666,0.20073460322883746,16.29887092105263,15.94515074361702,12.802974031775861,0.9612765957446808,1.8429752066115703,0.015071613483012824,0.48746355685131193,2.8219178082191783,0.12456930824277763,87.24354888824213,0.806002609830361,-0.14285714285714296,2.58922389718426,1.8080456342554165,2.250464341085352,-0.012523314681588063,-0.10373760488176964,-0.21666666666666667,6.134866751847021,1.565893095000389,3.6611263403417458,Medical Distribution,Healthcare,ZYXI
2018Q4,2018,Q4,2019-02-26,2018-12-31,2622000.0,9337000.0,2880000.0,0.07,7506000.0,0.8038984684588197,16184000.0,9387000.0,14326000.0,6355000.0,6886000.0,837000.0,4871000.0,93873230.42665116,83745230.42665116,0.26442030067351546,2.254287962234461,0.0,0.0,0.2794194878974503,0.26442030067351546,0.27932246724193033,10.053896372137856,8.950536844646374,10.000344138345707,0.0,2.187574671445639,0.0,0.5769278299555116,2.032887490165224,0.162011863568957,38.31560425577599,0.8038984684588197,0.0,1.557104606524396,1.6879464006310567,0.8559908967563089,0.15654853620955317,0.011964492473948282,0.02127659574468085,3.117176757520359,2.3286151287320216,3.2841848067842605,Medical Distribution,Healthcare,ZYXI
2018Q3,2018,Q3,2018-11-06,2018-09-30,2591000.0,8131000.0,2820000.0,0.07,6490000.0,0.7981798056819579,13297000.0,9242000.0,12154000.0,3522000.0,4144000.0,796000.0,4519000.0,90090089.36243558,82028089.36243558,0.2583505483170315,3.450880181714935,0.002556967737083553,0.003678857390175287,0.2784016240875843,0.2583505483170315,0.2803505734689461,11.079828970905863,8.692598356082167,9.747899736251414,0.0,2.0615577889447234,0.0,0.6114913138301873,3.1215218625780805,0.19485598255245545,31.097718109228712,0.7981798056819579,0.16666666666666682,4.362641614845582,0.5002459545990304,-0.05730782077021246,0.03956431202947301,0.07154673283705541,0.03867403314917127,8.73735750982673,1.9315821473386605,4.123667624659051,Medical Distribution,Healthcare,ZYXI
2018Q2,2018,Q2,2018-08-02,2018-06-30,2418000.0,7573000.0,2715000.0,0.06,6243000.0,0.8243760728905322,11393000.0,7631000.0,10245000.0,3267000.0,3851000.0,518000.0,1928000.0,100046234.041061,93825234.041061,0.21266930494398306,3.1359044995408634,0.005617484420258053,0.0083868431398244,0.31594377716075417,0.21266930494398306,0.31686541737649065,13.21091166526621,10.343903436834264,13.11050111925842,0.0,2.5675675675675675,0.0,0.6647063986658475,2.800122436486073,0.21223558325287456,46.6198667479315,0.8243760728905322,0.1999999999999999,2.34551480230655,0.32151268129294647,-0.2784730649127564,0.10691489361702128,0.25871941697032796,0.3887468030690537,5.701868024366096,1.3624708261666085,3.8609599821685547,Medical Distribution,Healthcare,ZYXI
2018Q1,2018,Q1,2018-05-08,2018-03-31,1921000.0,6876000.0,1955000.0,0.05,5640000.0,0.8202443280977313,9309000.0,5304000.0,8359000.0,3753000.0,4094000.0,710000.0,-490000.0,109341673.0846902,105075673.0846902,0.14790399625220643,2.2272848387956303,0.010742292405199269,0.01885369532428356,0.37130480261961063,0.14790399625220643,0.36217948717948717,15.901930349722251,14.229785669532822,20.614945905861653,0.0,1.7408450704225351,0.0,0.7386400257815018,1.8742339461763922,0.20635943710387797,131.26251270671094,0.8202443280977313,-0.4444444444444444,7.037488034700113,-0.1432457536376365,-0.5698826129589938,-0.14597213809812234,-0.41911097671605685,-0.455583402951824,3.056522416307294,1.0721124585333592,3.443638071474572,Medical Distribution,Healthcare,ZYXI
2017Q4,2017,Q4,2018-02-28,2017-12-31,3307000.0,8134000.0,3591000.0,0.09,6604000.0,0.8119006638800098,8929000.0,4991000.0,8371000.0,4015000.0,4027000.0,423000.0,-2411000.0,103291914.2561085,98080914.2561085,0.13820086891269615,2.084931506849315,0.03964609698734461,0.07092766980565017,0.6488814842321319,0.13820086891269615,0.6625926668002404,12.698784639305199,7.808581361967682,20.69563499421128,0.0,3.617021276595745,0.0,0.9109642737148617,1.9302615193026151,0.3703662224213238,28.82028857592313,0.8119006638800098,0.5,6.783222036001125,-0.27356714593100495,-0.6081211714862097,0.20665083135391923,0.5031818181818182,0.22350936967632026,4.98759132717059,2.5208627148989216,4.950224894435043,Medical Distribution,Healthcare,ZYXI
2017Q3,2017,Q3,2017-11-13,2017-09-30,2200000.0,6820000.0,2935000.0,0.06,5473000.0,0.8024926686217009,5984000.0,1639000.0,5552000.0,4388000.0,4434000.0,358000.0,-5718000.0,59168727.1264903,57139727.1264903,0.04609150245924459,1.2652689152233363,0.09107620320855615,0.3325198291641245,1.2317855224281493,0.04609150245924459,1.342281879194631,8.675766440834355,6.723718991646625,36.10050465313624,0.0,3.7625698324022347,0.0,1.1397058823529411,1.1355970829535096,0.36764705882352944,21.92246281085228,0.8024926686217009,0.4999999999999999,4.917878287395924,-0.3498652421944172,-0.8642740288905867,0.36076578816509197,0.4627659574468085,0.5175801447776629,7.234021864268307,0.49536119142638335,1.9069692507341038,Medical Distribution,Healthcare,ZYXI
2017Q2,2017,Q2,2017-08-14,2017-06-30,1504000.0,5042000.0,1934000.0,0.04,4022000.0,0.7976993256644189,3521000.0,-1565000.0,2948000.0,4624000.0,5175000.0,178000.0,-7919000.0,19024238.29702,19595238.29702,-0.04439363681750102,0.6375432525951558,0.20193126952570292,-0.45431309904153355,-2.8574729355364754,-0.04439363681750102,-0.9610223642172524,3.7731531727528758,3.1622736530950797,-12.156062809597445,0.0,5.730337078651686,0.0,1.4319795512638456,0.572015570934256,0.4271513774495882,10.1897366347188,0.7976993256644189,3.0,2.0848427147861717,-0.5121105003426438,-1.1356724839802221,0.6004775169120573,3.2606232294617565,3.0041407867494825,1.2634348460937428,2.6353309175077597,0.2560191262332264,Medical Distribution,Healthcare,ZYXI
2017Q1,2017,Q1,2017-05-26,2017-03-31,353000.0,3436000.0,483000.0,0.01,2513000.0,0.7313736903376019,4245000.0,-3080000.0,3640000.0,6939000.0,7414000.0,128000.0,-9422000.0,9829338.121151846,12169338.121151846,-0.08736762811526581,0.5245712638708747,0.6600706713780918,-0.9097402597402597,-8.563485685585134,-0.08736762811526581,-0.1146103896103896,2.8606921190779526,6.961287621212356,-3.1913435458285213,0.0,7.2109375,0.0,0.8094228504122497,0.4847960801268194,0.08315665488810366,427.362527006602,0.7313736903376019,0.6393442622950819,0.06296612712735905,-0.6298173475693031,-1.2783077359894308,0.13761883205070166,0.6889952153110048,-0.06756756756756757,1.2400961368949217,0.05524085287321197,-1.8600896994141463,Medical Distribution,Healthcare,ZYXI
2016Q4,2016,Q4,2017-04-17,2016-12-31,209000.0,2923000.0,518000.0,0.0061,2209000.0,0.755730413958262,4091000.0,-3713000.0,3422000.0,7745000.0,7893000.0,107000.0,-9776000.0,9281568.282735411,12059568.282735411,-0.10794120195915172,0.441833440929632,0.7394280127108287,-0.8147050902235389,-1.113623271889401,-0.10794120195915172,-0.056288715324535415,3.1753569219074276,11.102354405185899,-2.499749066182443,0.0,6.672897196261682,0.0,0.7144952334392569,0.4228534538411879,0.05108775360547543,15.838853724804455,0.755730413958262,-0.695,-0.6568997104402845,-0.7034675515930227,-1.3600713898747672,-0.19585001820167455,-0.6071428571428571,-0.16720257234726688,1.0458294528117906,-0.13156686698572023,-1.7576494229483564,Medical Distribution,Healthcare,ZYXI
2016Q3,2016,Q3,2016-11-14,2016-09-30,532000.0,3627000.0,622000.0,0.02,2747000.0,0.757375241246209,4812000.0,-3936000.0,4196000.0,8660000.0,8837000.0,96000.0,-9985000.0,9590953.892389249,12800953.892389249,-0.11442406973100488,0.48452655889145496,0.6859933499584372,-0.8386686991869918,-1.7229916897506925,-0.11442406973100488,-0.13516260162601626,2.644321448135994,4.507027205070135,-2.436726090546049,0.0,9.166666666666666,0.0,0.7537406483790524,0.47020785219399536,0.11055694098088113,23.166555295626207,0.757375241246209,3.0,-0.11356067996185674,-0.6211224180220224,-1.4095483859153342,0.17142857142857143,3.343612334801762,5.1466666666666665,1.7180318019306156,-0.3040389478845947,-1.4175205988674542,Medical Distribution,Healthcare,ZYXI
2016Q2,2016,Q2,2016-08-23,2016-06-30,-227000.0,3286000.0,-150000.0,-0.01,2345000.0,0.7136335970785149,4273000.0,-4479000.0,3553000.0,8648000.0,8841000.0,164000.0,-10516000.0,7425254.624812395,10970254.624812394,-0.13020970739968774,0.4108464384828862,0.8364146969342382,-0.7979459700826077,0.24390243902439024,-0.13020970739968774,0.05068095557043983,2.2596636107158843,-8.177593199132593,-1.6577929503934794,0.0,5.737804878048781,0.0,0.7690147437397613,0.3776595744680851,-0.05312426866370232,72.08985072633394,0.7136335970785149,0.0,-1.461291496524453,-0.6150167699630277,-1.5009444328079038,-0.05974338412189254,0.48873873873873874,0.5714285714285714,0.8682359355006525,-0.4018503131992969,-1.4417647912257474,Medical Distribution,Healthcare,ZYXI
2016Q1,2016,Q1,2016-05-20,2016-03-31,-444000.0,3477000.0,-350000.0,-0.01,2494000.0,0.7172850158182341,4197000.0,-4268000.0,3374000.0,8346000.0,8554000.0,173000.0,-10289000.0,10519110.717910921,14162110.717910921,-0.12407569349896566,0.4042655164150491,0.8737193233261854,-0.8591846298031866,1.1824324324324325,-0.12407569349896566,0.10402999062792877,3.0253410175182402,-5.92292270152642,-2.46464637251896,0.0,5.682080924855492,0.0,0.8284488920657612,0.38114066618739517,-0.10578984989278056,15.794460537403786,0.7172850158182341,0.7134670487106016,-2.953727464366975,-0.48653465429593873,-1.5118292793815813,1.1838879159369526,0.63,0.6875,-0.45478158761753457,-0.5483406598016928,-1.3608226581793914,Medical Distribution,Healthcare,ZYXI
2015Q4,2015,Q4,2016-03-31,2015-12-31,-1200000.0,2718000.0,-1120000.0,-0.0349,1142000.0,0.4201618837380427,3696000.0,-3982000.0,2766000.0,7539000.0,7767000.0,305000.0,-9845000.0,14015168.103903415,18334168.103903413,-0.11576134290367415,0.3668921607640271,1.1707251082251082,-1.086639879457559,-1.5961397450150199,-0.11576134290367415,0.30135610246107486,5.1564268226281875,-2.9198266883132113,-3.5196303626075878,0.0,5.167213114754098,0.0,0.7353896103896104,0.3228544899854092,-0.3246753246753247,54.11261816178924,0.4201618837380427,-2.4899999999999998,-59.60863122038067,-0.6101936581583843,-1.4753922625265947,-0.33488642981945255,-2.7267080745341614,-3.9557522123893807,-3.9651424877864447,-0.745152804473835,-1.3282498858450194,Medical Distribution,Healthcare,ZYXI
2015Q3,2015,Q3,2015-11-17,2015-09-30,-322000.0,2667000.0,-226000.0,-0.01,1717000.0,0.6437945256842894,4980000.0,-2845000.0,3967000.0,7641000.0,7909000.0,1110000.0,-8645000.0,5568940.970329214,10191940.970329214,-0.08270743861400125,0.5191728831304803,0.9365461847389558,-1.6393673110720561,-0.10393564936214944,-0.08270743861400125,0.11318101933216168,2.0880918523919063,-4.323711933485415,-1.9574484957220435,0.0,0.8558558558558559,0.0,0.5355421686746988,0.36866902237926974,-0.06465863453815261,20.177322356265268,0.6437945256842894,0.0,-1.8553631464142313,-0.6083600915922222,-1.3442020016334497,-0.09963293130571578,0.34685598377281945,0.3774104683195592,-1.8954051926044124,-0.737177576844756,-1.2435491755510346,Medical Distribution,Healthcare,ZYXI
2015Q2,2015,Q2,2015-08-14,2015-06-30,-493000.0,3073000.0,-363000.0,-0.01,1907000.0,0.6205662219329645,5415000.0,-2557000.0,4262000.0,7768000.0,8054000.0,1391000.0,-8323000.0,6254240.473026,11143240.473026,-0.07433494570685455,0.5486611740473738,0.9189289012003693,-1.946030504497458,-0.12872201542860226,-0.07433494570685455,0.19280406726632773,2.035223063138952,-3.171521538045639,-2.4459290078318343,0.0,0.8382458662832495,0.0,0.5674976915974146,0.35285787847579814,-0.09104339796860572,-17.51888087682353,0.6205662219329645,0.6666666666666666,-17.286928304406366,-0.4777623225567098,-1.327276053487888,-0.015995872033023734,0.4497767857142857,0.5297927461139896,-2.036306032980614,-0.6952546357538799,-1.2271768535667273,Medical Distribution,Healthcare,ZYXI
2015Q1,2015,Q1,2015-05-12,2015-03-31,-896000.0,3183000.0,-772000.0,-0.03,1938000.0,0.6088595664467483,6416000.0,-2082000.0,5103000.0,8261000.0,8572000.0,1640000.0,-7830000.0,4210738.142125761,8775738.142125761,-0.06052614664124801,0.6177218254448614,0.7657418952618454,-2.3597502401536983,-0.23866754260540246,-0.06052614664124801,0.4303554274735831,1.3228834879440028,-1.1748711334056252,-2.022448675372604,0.0,0.7591463414634146,0.0,0.49610349127182046,0.39607795666384216,-0.1396508728179551,25.832749338194855,0.6088595664467483,-2.9607843137254903,-12.122865038461512,-0.3632876460571161,-1.27144483617849,1.4531645569620253,-2.7066666666666666,-2.2866666666666666,-3.765127753049368,-0.6485512379425896,-1.1928047630830292,Medical Distribution,Healthcare,ZYXI
2014Q4,2014,Q4,2015-03-31,2014-12-31,525000.0,2196000.0,600000.0,0.0153,790000.0,0.35974499089253187,7114000.0,-1201000.0,5705000.0,8057000.0,8381000.0,1935000.0,-6934000.0,5094486.425406477,9862486.425406478,-0.03498556983613499,0.7080799304952216,0.67908349732921,-4.02248126561199,0.18312884552371939,-0.03498556983613499,-0.43713572023313907,2.3198936363417473,2.4259459168602273,-4.241870462453353,0.0,0.7266149870801034,0.0,0.3086870958673039,0.43688717885068884,0.07379814450379533,-14.555675501161364,0.35974499089253187,0.5299999999999999,0.9176113551808264,-0.6083161369199517,-1.1548479448793845,-0.7384971863621318,1.0348837209302326,0.4563106796116505,-0.13638983414994174,-0.7767664899854426,-1.1167052295862432,Medical Distribution,Healthcare,ZYXI
2014Q3,2014,Q3,2014-11-07,2014-09-30,258000.0,4404000.0,412000.0,0.01,3021000.0,0.6859673024523161,9568000.0,-1745000.0,7590000.0,8350000.0,11357000.0,2483000.0,-7459000.0,4632557.284016454,9014557.284016453,-0.05081925591406542,0.9089820359281438,0.4913252508361204,-2.6939828080229224,0.1341768828388504,-0.05081925591406542,-0.1478510028653295,1.0518976575877506,4.488912096915168,-2.6547606212128674,0.0,0.5569875151026984,0.0,0.46028428093645485,0.598562874251497,0.026964882943143812,15.040770402650823,0.6859673024523161,1.0625,-0.4578130055536879,-0.09508125981628536,-1.2384683844312803,2.2196205086798546,1.0464613722312264,1.0759587020648969,-0.5693468227536141,-0.5391397683289249,-1.1818930604544318,Medical Distribution,Healthcare,ZYXI
2014Q2,2014,Q2,2014-10-10,2014-06-30,-5553000.0,1349000.0,-5424000.0,-0.16,-2477000.0,-1.8361749444032616,10743000.0,-2046000.0,8527000.0,9806000.0,12843000.0,2583000.0,-7718000.0,8943491.183716575,13664491.183716575,-0.05967040065524283,0.8695696512339384,0.46839802662198643,-2.4594330400782014,-1.814516312679173,-0.05967040065524283,2.7140762463343107,6.629719187336231,-0.40264231873386347,-4.37120781217819,0.0,1.481223383662408,0.0,0.12557013869496417,0.5776055476239037,-0.5168947221446524,12.004686152639698,-1.8361749444032616,-3.0,-8.540726391257218,-0.7013492470701514,-1.3197002339887824,-2.14147465437788,-2.8832167832167834,-3.2177293934681184,-12.320569860921324,-0.8414459913696816,-1.2295647199321844,Medical Distribution,Healthcare,ZYXI
2014Q1,2014,Q1,2014-05-13,2014-03-31,-1430000.0,3167000.0,-1286000.0,-0.04,2170000.0,0.6851910325228924,16002000.0,3483000.0,12757000.0,9536000.0,12567000.0,5011000.0,-2165000.0,13239450.911191223,18862450.911191225,0.10157967032366118,1.3377726510067114,0.3632045994250719,1.6686764283663509,-0.13701257191561902,0.10157967032366118,-0.410565604364054,4.180439188882609,-2.314589320138326,3.801163052308706,0.0,0.1989622829774496,0.0,0.19791276090488688,0.7724412751677853,-0.08936382952130983,-945.6750650850873,0.6851910325228924,0.6923076923076923,-2.44304425286939,-0.28204493938138364,-0.375367347079454,1.6050420168067228,0.6852300242130751,0.6439645625692137,-11.774703261518187,-0.5308134707670493,-0.5809699063901543,Medical Distribution,Healthcare,ZYXI
2013Q4,2013,Q4,2014-03-28,2013-12-31,-4543000.0,3353000.0,-3612000.0,-0.13,833000.0,0.24843423799582465,17221000.0,4882000.0,13704000.0,9684000.0,12373000.0,5002000.0,-735000.0,11403625.749871356,17142625.74987136,0.14246853318927338,1.4151177199504337,0.35201207827652287,1.2417042195821384,-0.40252269331604323,0.14246853318927338,-0.9305612453912331,3.4010216969494054,-0.6275382869178602,2.33585123921986,0.0,0.5037984806077569,0.0,0.1947041402938273,0.8518174308137133,-0.26380581847744033,75.52070033027388,0.24843423799582465,-5.5,-0.3463027426946566,6.908254560657271,-0.048409543854257615,-0.7714677640603567,-5.1558265582655824,-2.3820224719101124,-223.73165641906832,-0.51728379463777,-0.4149304367689373,Medical Distribution,Healthcare,ZYXI
2013Q3,2013,Q3,2013-11-13,2013-09-30,-738000.0,5191000.0,-1068000.0,-0.02,3645000.0,0.7021768445386245,23359000.0,9390000.0,19168000.0,11610000.0,13992000.0,6131000.0,3808000.0,8009304.369012494,14061304.369012494,0.27405610655231377,1.6509905254091302,0.27912153773706067,0.6943556975505857,-0.04175960709221931,0.27405610655231377,-0.07859424920127796,1.5429212808731445,-2.71317898679285,0.8529610616626723,0.0,0.2521611482629261,0.0,0.22222697889464446,0.8003445305770888,-0.03159381822852006,39.84728541797261,0.7021768445386245,0.6,-4.373909194664022,0.39447941273852954,0.1489122669396991,0.01560323209807746,0.5699300699300699,0.5834633385335414,-2.968170034926869,-0.2347091087604712,0.1405341770456839,Medical Distribution,Healthcare,ZYXI
2013Q2,2013,Q2,2013-08-14,2013-06-30,-1716000.0,5472000.0,-2564000.0,-0.05,3589000.0,0.6558845029239766,24149000.0,10099000.0,19369000.0,11630000.0,14062000.0,5845000.0,4546000.0,14792097.33473379,21483097.33473379,0.29474894782447464,1.6654342218400688,0.29549877841732575,0.7066046143182493,-0.09515580913085989,0.29474894782447464,-0.16991781364491534,2.703234162049304,-2.1550258354798646,1.4647091132521823,0.0,0.3221556886227545,0.0,0.22659323367427223,0.8787618228718831,-0.07105884301627396,-44.82453737798118,0.6558845029239766,-4.0,-1.8664963152971876,0.01390736073657186,0.2886642146695473,-0.34471425963118496,-4.644736842105263,-6.202247191011236,-57.91426603286399,-0.06639467426246792,0.29769748933584494,Medical Distribution,Healthcare,ZYXI
2013Q1,2013,Q1,2013-05-13,2013-03-31,-304000.0,7668000.0,-356000.0,-0.01,5477000.0,0.7142670839853938,24791000.0,11782000.0,20578000.0,11300000.0,13010000.0,6324000.0,6262000.0,18490121.668417238,24706121.668417238,0.34386890813624715,1.8210619469026548,0.2782058004921141,0.5853844848073332,-0.012008616258334543,0.34386890813624715,-0.025802070955695127,2.4113356375087687,-15.205692161527333,1.569353392328742,0.0,0.3464579380139152,0.0,0.3093057964583922,1.0544247787610619,-0.012262514622241942,-17.643245866810343,0.7142670839853938,-1.8547008547008548,-1.2267547353003287,0.8239422956964356,0.9272925908973564,-0.2830213378714491,-1.756218905472637,-1.586490939044481,-3.4699825428493574,0.5399277058839788,0.5421672221953164,Medical Distribution,Healthcare,ZYXI
2012Q4,2012,Q4,2013-03-28,2012-12-31,402000.0,10594000.0,607000.0,0.0117,7639000.0,0.7210685293562393,25936000.0,12050000.0,21362000.0,12093000.0,13881000.0,6160000.0,6566000.0,21506236.747982755,26847236.747982755,0.35266224877936425,1.7664764739932193,0.2376619370758791,0.5115352697095435,0.025840678015537497,0.35266224877936425,0.0333609958506224,2.0300393381142867,13.374525340785297,1.78474993759193,0.0,0.4797077922077922,0.0,0.408466995681678,1.0788886132473332,0.015499691548426897,118.16613597792723,0.7210685293562393,0.17,-0.6313454941770232,1.9242671250635583,1.8520292200935287,-0.03132132893735734,0.12290502793296089,-0.14747191011235955,0.47520821917393624,0.8984068545654402,0.5609013863659759,Medical Distribution,Healthcare,ZYXI
2012Q3,2012,Q3,2012-11-13,2012-09-30,358000.0,10102000.0,712000.0,0.01,7886000.0,0.7806374975252425,26193000.0,11629000.0,21531000.0,12852000.0,14564000.0,6731000.0,6164000.0,24639781.927678034,30165781.927678034,0.3395923571774534,1.6753034547152195,0.24315656854884893,0.5476825178433228,0.024126852633446116,0.3395923571774534,0.030785106200017197,2.4390993791009734,17.206551625473487,2.1188220765051193,0.0,0.32922299806863764,0.0,0.3856755621730997,1.01890756302521,0.013667773832703393,-39.61379731137948,0.7806374975252425,0.0,-0.49828874411089147,3.133686592878143,2.745926303484416,-0.04296116504854369,-0.24312896405919662,-0.23605150214592274,-0.2456114590424709,1.0813844348710215,0.5935306278048805,Medical Distribution,Healthcare,ZYXI
2012Q2,2012,Q2,2012-08-13,2012-06-30,473000.0,10026000.0,932000.0,0.01,8240000.0,0.8218631557949332,25494000.0,11191000.0,21035000.0,12495000.0,14303000.0,6554000.0,5806000.0,25806261.45405,30710261.45405,0.3272117935422526,1.6834733893557423,0.2167961088883659,0.49387900991868466,0.031242824234060516,0.3272117935422526,0.042266106692878204,2.5739339172202276,13.639673072965117,2.305983509431686,0.0,0.2725053402502289,0.0,0.39326900447164037,1.0216886754701882,0.018553385110222014,-31.742019008671587,0.8218631557949332,0.0,0.14360788627293403,4.661507712625867,3.634946930334509,0.1555181601458421,0.478125,0.9176954732510288,-0.35604817490555146,1.2252873169546183,0.7531252649659568,Medical Distribution,Healthcare,ZYXI
2012Q1,2012,Q1,2012-05-14,2012-03-31,320000.0,8944000.0,486000.0,0.01,7131000.0,0.7972942754919499,23888000.0,10664000.0,19655000.0,11322000.0,13224000.0,5580000.0,5333000.0,24705425.264530998,28706425.264530998,0.3139245404180348,1.7360007065889418,0.19855157401205625,0.44476744186046513,0.02531831035442704,0.3139245404180348,0.030007501875468866,2.7622344884314622,19.30111348791484,2.3167127967489685,0.0,0.324910394265233,0.0,0.3744139316811788,1.0937996820349762,0.013395847287340924,-25.60147695806321,0.7972942754919499,-0.4318181818181818,0.17677452779329658,4.700611841495649,4.947668372377059,-0.03998384491114701,-0.4657762938230384,-0.6074313408723748,-0.6740541945408135,1.0465991734544149,0.9303815209617307,Medical Distribution,Healthcare,ZYXI
2011Q4,2011,Q4,2012-03-28,2011-12-31,599000.0,9693000.0,1238000.0,0.0176,7428000.0,0.7663262147941814,21785000.0,10140000.0,18048000.0,9748000.0,11645000.0,4556000.0,5013000.0,20910079.095476,23799079.095476,0.29977722472394625,1.8514567090685268,0.16883176497590086,0.36272189349112427,0.05350585961034251,0.29977722472394625,0.05907297830374753,2.157235024809244,8.727078086592655,2.062137977857594,0.0,0.4971466198419666,0.0,0.4449391783337159,1.2077349199835863,0.02749598347486803,77.73263604266171,0.7663262147941814,-0.11999999999999997,3.05622670187126,9.137923686332073,5.1540201975413,-0.008542445274959957,0.01353637901861252,0.12239347234814144,1.1798317281978574,18.30307777891322,1.002302821761926,Medical Distribution,Healthcare,ZYXI
2011Q3,2011,Q3,2011-11-10,2011-09-30,591000.0,9427000.0,1103000.0,0.02,7492000.0,0.7947385170255649,20885000.0,9464000.0,17107000.0,9649000.0,11421000.0,4320000.0,4414000.0,24327477.304308,27366477.304308,0.2793908452972386,1.7729298372888382,0.18194876705769691,0.4015215553677092,0.04688740744406365,0.2793908452972386,0.062447168216398986,2.5806170896688236,10.290811042431471,2.570528032999577,0.0,0.4479166666666667,0.0,0.45137658606655495,1.1935951912115246,0.028297821402920757,-144.80641252564286,0.7947385170255649,1.0,19.200912673489512,8.917270777997322,7.87339097751655,0.1235752849430114,0.22107438016528927,0.22691879866518352,1.732927165833119,1.561522257865313,0.17127683623198262,Medical Distribution,Healthcare,ZYXI
2011Q2,2011,Q2,2011-08-12,2011-06-30,484000.0,8395000.0,899000.0,0.01,6668000.0,0.7942823108993449,18694000.0,8794000.0,15163000.0,8093000.0,9900000.0,3751000.0,3823000.0,26758340.160692,29553340.160692,0.2599284448972387,1.8735944643519091,0.19139830961805926,0.4068683193086195,0.04152975047178581,0.2599284448972387,0.055037525585626565,3.1874139560085766,13.821456694572314,3.042795105832613,0.0,0.4604105571847507,0.0,0.4490745693805499,1.2722105523291733,0.025890660104846475,-34.57149891562274,0.7942823108993449,0.0,190.77972742246567,10.32809638256669,11.771255370772241,0.2850260165735209,5.4,7.467625899280575,-0.7524925622139379,0.5753111381274064,0.13642639875765888,Medical Distribution,Healthcare,ZYXI
2011Q1,2011,Q1,2011-05-12,2011-03-31,-110000.0,6633000.0,-139000.0,0.0,5189000.0,0.7823006181215136,16742000.0,8168000.0,13460000.0,6687000.0,8574000.0,3835000.0,3339000.0,22054319.08449,24123319.08449,0.242416169799587,2.012860774637356,0.16216700513678176,0.3323947110675808,-0.006881302703960417,0.242416169799587,-0.01346718903036239,3.324938803631841,-50.12345246475,2.7000880367886877,0.0,0.37653194263363754,0.0,0.3961892247043364,1.2838343053686256,-0.006570302233902759,-23.069371427290797,0.7823006181215136,-1.0,-0.28570223906494274,8.950172450384802,14.636241672952545,-0.012183514182371978,-6.5,-1.1798188874514877,-1.0834348388433552,0.6043937156156981,0.3586773241602395,Medical Distribution,Healthcare,ZYXI
2010Q4,2010,Q4,2011-03-28,2010-12-31,20000.0,6811000.0,773000.0,0.0006,5253000.0,0.7712523858464249,15701000.0,8182000.0,12532000.0,5552000.0,7519000.0,3641000.0,3449000.0,18327657.273035,19415657.273035,0.24350699838577658,2.2572046109510087,0.10763645627667028,0.20655096553409924,0.0020437246021611155,0.24350699838577658,0.0024443901246638962,2.690890805026428,229.09571591293752,2.2399972223215596,0.0,0.4279044218621258,0.0,0.4337940258582256,1.4248919308357348,0.0012738042162919558,-76.04837042753113,0.7712523858464249,-0.9400000000000001,1.0989594858705911,8.907917590426191,13.048350975622883,0.004205696807493787,-0.9456521739130435,0.2368,-0.9813489392983896,0.9118244004727147,0.9692753536769825,Medical Distribution,Healthcare,ZYXI
2010Q3,2010,Q3,2010-11-12,2010-09-30,368000.0,6657000.0,625000.0,0.01,5231000.0,0.7857893946222022,14937000.0,8080000.0,12009000.0,4614000.0,6857000.0,3425000.0,3429000.0,15590402.63586,16301402.63586,0.24028750042563302,2.6027308192457737,0.08729999330521523,0.1613861386138614,0.04067404316966098,0.24028750042563302,0.04554455445544554,2.341956231915277,10.591306138491847,1.9295052767153467,0.0,0.41635036496350364,0.0,0.44567182165093394,1.5650195058517555,0.02463680792662516,22.957751812142998,0.7857893946222022,0.0,1.1526865684899752,7.341440695252285,11.29406560135869,0.15742430940644556,11.459371614301192,3.810689737451797,-0.4748021754334089,1.7740419287744937,1.6505286388779246,Medical Distribution,Healthcare,ZYXI
2010Q2,2010,Q2,2010-08-16,2010-06-30,29536.0,5741671.0,129919.0,0.0,4519518.0,0.7871433246523529,13267416.0,7623606.0,10197049.0,4008590.0,5643810.0,2911573.0,3061869.0,17697714.190349,19086725.190349,0.22713224788261374,2.543799440701094,0.10824443885682035,0.1883785704560283,0.0050022219591173665,0.22713224788261374,0.003874282065468756,3.0823281567942504,149.79782460682725,2.3214361012818605,0.0,0.4197569492504567,0.0,0.43276482775545744,1.5568519105221537,0.0022262059168115327,-18.93986638750728,0.7871433246523529,0.0,-0.703842619935927,6.365485735386543,15.618977084445506,0.16494312306101344,1.4435634048176849,2.9850009201889454,-0.9272344220003585,2.3037030926473903,2.217322651200704,Medical Distribution,Healthcare,ZYXI
2010Q1,2010,Q1,2010-05-17,2010-03-31,-66588.0,4875397.0,32602.0,0.0,3879604.0,0.795751402398615,13639881.0,7480244.0,10535118.0,4650257.0,6159637.0,2490804.0,3032333.0,27752567.867377,28065254.867377,0.22297770513287174,2.2654915631544665,0.10093357852608831,0.18404773961918888,0.003854606690380824,0.22297770513287174,-0.008901848656273779,5.692370871003326,-104.19507969670586,3.710115320753842,0.0,0.3997877793676259,0.0,0.35743691605520606,1.4890243700509456,-0.004881860772832256,-33.01224357495703,0.795751402398615,-1.0,-1.89821645634066,5.767869082672807,20.850144748397753,0.027766842658796913,-1.2519810185500533,-0.9327097325479156,-1.2479589553307098,2.1465903908677437,3.2245739781859046,Medical Distribution,Healthcare,ZYXI
2009Q4,2009,Q4,2010-03-31,2009-12-31,264258.0,5411605.0,484498.0,0.0079,3774790.0,0.6975361283759623,11929959.0,7486296.0,9015785.0,3340930.0,4443663.0,2033790.0,3098921.0,31929822.532824002,31182463.532824002,0.2259349961885917,2.6985854238191163,0.009663570511851717,0.015399604824602179,0.03887492436757782,0.2259349961885917,0.03529889814669364,5.900250024313305,30.2070538383171,4.265102867001786,0.0,0.8048102311448084,0.0,0.45361471904471756,1.7664746043766257,0.022150788615451236,18.25722447066277,0.6975361283759623,-0.20999999999999994,1.6174847851165863,13.068404204413541,26.841005910374165,-0.004928710708643525,-0.4238226059654631,-0.4536743231509985,1.9260365914243895,4.777935988894991,3.6381393088030136,Medical Distribution,Healthcare,ZYXI
2009Q3,2009,Q3,2009-11-16,2009-09-30,458640.0,4690715.0,886830.0,0.01,3793487.0,0.8087225508264732,11927957.0,7052871.0,9460503.0,4390695.0,4875086.0,2145293.0,2834662.0,32794591.154958002,33777882.154958,0.21310689060633148,2.154670957559111,0.10250598656584695,0.1733601819741209,0.05967296098727118,0.21310689060633148,0.06502883719268367,6.99138428895339,17.875998143946234,4.649821491837579,0.0,0.418230982900704,0.0,0.3932538489198108,1.4421851210343692,0.03845084283922218,38.60912544732518,0.8087225508264732,-0.5,2.235686584044917,8.79302010520631,9.271350723165407,0.06261806907895474,-0.3527719997403411,-0.1986152453141181,15.04536315925314,4.05070290329576,5.768227349543431,Medical Distribution,Healthcare,ZYXI
2009Q2,2009,Q2,2009-08-14,2009-06-30,708622.0,4346588.0,1106622.0,0.02,3569944.0,0.8213209993677799,11886651.0,6158328.0,9553625.0,4986390.0,5728323.0,2310591.0,2376022.0,28195626.8205,30137245.8205,0.18664484511242646,1.9159401891949888,0.16541008901497992,0.3192704253492182,0.0850679736924895,0.18664484511242646,0.11506727150616206,6.486841361661147,9.947343866158544,4.5784548696496845,0.0,0.33612352856909766,0.0,0.3656696911518644,1.28625538716386,0.0596149411638316,-58.49775790309028,0.8213209993677799,-0.3333333333333333,3.828203385996988,8.692831533981451,4.812009905188017,-0.047931912996146596,-0.2547034472313608,-0.1716082726736474,286.9106984589194,5.014098655322848,8.170558387757092,Medical Distribution,Healthcare,ZYXI
2009Q1,2009,Q1,2009-05-15,2009-03-31,950792.0,4232334.0,1335868.0,0.03,3749673.0,0.885958669613504,11918620.0,5350051.0,9526532.0,5713269.0,6568569.0,2127585.0,1667400.0,34393878.317490004,35856358.317490004,0.16262305508479755,1.6674397792227182,0.12270548100367325,0.2733581418195827,0.13021488824693275,0.16262305508479755,0.17771643672181817,8.126456540880282,9.043481202379175,6.4287010193902825,0.0,0.22685862139467988,0.0,0.35510268806287976,1.158917775445196,0.07977366507196303,59.65514975845772,0.885958669613504,1.3218884120171674,4.774080074492585,10.947312985741055,36.431857250820734,3.3743979584729074,1.3027915141231712,1.2952480262177863,12.381816291541503,5.502477847628555,9.489454531857309,Medical Distribution,Healthcare,ZYXI
2008Q4,2008,Q4,2009-04-15,2008-12-31,-3140088.0,-528100.0,-4524562.0,-0.0932,-1579210.0,2.990361673925393,10783996.0,4774078.0,8615952.0,5466631.0,6009918.0,2209600.0,1067586.0,44932406.171592005,47003431.171592005,0.14971622746860902,1.5760990635731587,0.19204615802899036,0.43380627631136315,-0.45466259017184735,0.14971622746860902,-0.6577370541495132,-85.08313988182542,-3.5773206174151806,9.411745298587917,0.0,0.47570148443157134,0.0,-0.048970715493588834,1.027140116097099,-0.2911803750669047,-33.30531935340292,2.990361673925393,-10.32,-165.2433502539767,0.0,9.14977354895966,-1.5178763269840978,-16.255216506264667,-11.950901328273245,-15.37180814340448,-1.8094966682952403,7.637394917468065,Medical Distribution,Healthcare,ZYXI
2008Q3,2008,Q3,2008-11-19,2008-09-30,205837.0,3502994.0,413168.0,0.01,3049396.0,0.8705113397282439,13618293.0,7690936.0,12038605.0,5888971.0,5927357.0,2074255.0,4207674.0,152125237.662244,152714579.662244,0.23853527761724008,2.044262911126579,0.04327576150696714,0.07662812432713001,0.024999749341531693,0.23853527761724008,0.026763582482028196,43.427204746066934,184.76420379018833,19.77980803145989,0.0,0.2186799597927931,0.0,0.25722709887355194,1.6018759474278275,0.015114743088579456,-217.86674619261035,0.8705113397282439,-0.8333333333333333,0.0,0.0,0.0,-0.360636286611609,-0.8888696326338453,-0.8465498716259805,0.2557697775009107,3.5777861799729935,11.204414903272351,Medical Distribution,Healthcare,ZYXI
2008Q2,2008,Q2,2008-08-14,2008-06-30,1852212.0,5047635.0,2692523.0,0.06,4769423.0,0.9448827024933459,11459459.0,7329574.0,10138807.0,4049917.0,4129885.0,1482452.0,4001837.0,49524785.4752,49486689.4752,0.22872439885362786,2.503460441288056,0.013222613737699136,0.02067296134809472,0.24578826181918756,0.22872439885362786,0.2527039088492728,9.81148309558833,6.68454602864035,6.756843641281199,0.0,0.1876701572799659,0.0,0.44047760020782833,2.0100574900670805,0.16163171402768664,452.3141916779308,0.9448827024933459,0.4999999999999999,48.48864459091749,0.0,11.618497345956223,0.4274525449290422,0.5525783513873952,36.58407314349525,18.452569640508617,5.7821351096664,15.73547274170654,Medical Distribution,Healthcare,ZYXI
2008Q1,2008,Q1,2008-05-21,2008-03-31,1192991.0,3741028.0,71640.0,0.04,3341213.0,0.8931269693784702,8567937.0,5439905.0,7539868.0,3019459.0,3128032.0,1125039.0,2149625.0,41021849.27691,41145115.27691,0.17842070776401428,2.4970923599227546,0.019672530271872914,0.030984548443401125,0.008888615296801126,0.17842070776401428,0.2193036459276403,10.965394879939417,8.596428907868962,7.540912805813705,0.0,0.35537879131301225,0.0,0.4366311283568028,2.030159707417786,0.13923900234093692,-182.1638836055899,0.8931269693784702,0.3422818791946309,25.153144003670835,0.0,4.891861361552912,0.19061614822992215,0.2777629019681767,-0.9443063678407367,16.706408089890683,4.714012518265553,16.48389278843897,Medical Distribution,Healthcare,ZYXI
2007Q4,2007,Q4,2008-04-16,2007-12-31,933656.0,3101868.0,1286323.0,0.0298,2806289.0,0.9047093557817418,7175170.0,3617541.0,6221661.0,3449376.0,3557629.0,937694.0,956634.0,34042826.307068,34471035.307068,0.12365309804497696,1.8037062355626061,0.05967928286019704,0.1183701857145503,0.23110260884310926,0.12365309804497696,0.2580913388403891,10.974943584661887,9.11546284366726,9.410488037887614,0.0,0.3152190373405397,0.0,0.4323058547741726,1.2976062916886997,0.13012318871887357,-2048.7979241133844,0.9047093557817418,0.49,8.298432026862171,0.0,2.4236593504625454,0.44181320936866286,0.5194616454964888,0.5024610345923116,3.470927700138437,8.133076368279946,14.237243860321053,Medical Distribution,Healthcare,ZYXI
2007Q3,2007,Q3,2007-11-19,2007-09-30,614465.0,2104446.0,856144.0,0.02,1946361.0,0.9248804673534032,5496665.0,2673321.0,4833568.0,2646208.0,2823344.0,898259.0,22978.0,35922339.197906,36422599.197906,0.09065644373771278,1.8266016881514984,0.09165539468022883,0.18845436069966906,0.19575511241232466,0.09065644373771278,0.22985081103241997,17.069736737319943,14.615291024674312,13.437345981984956,0.0,0.17599044373616074,0.0,0.3828586970462999,1.185023248361429,0.11178869368971912,7213.321124077511,0.9248804673534032,1.0,0.0,0.0,0.0,0.4640237389616837,0.7478836460454902,0.4750904977765373,2.858016515030064,3.93095912314034,3.3694698294157126,Medical Distribution,Healthcare,ZYXI
2007Q2,2007,Q2,2007-08-17,2007-06-30,351548.0,1505207.0,580401.0,0.01,1329460.0,0.8832406439778715,3909500.0,2052224.0,3448623.0,1611257.0,1857276.0,688225.0,-591487.0,22462943.617354,22956082.617354,0.07059666452721118,2.14033081004458,0.13152398004859955,0.250554033088006,0.16366472875310326,0.07059666452721118,0.1713009885860413,14.923491331992212,15.97430764600709,10.94565876695429,0.0,0.2553627084165789,0.0,0.38501266146566054,1.433583841683853,0.08992147333418596,137.55040272219807,0.8832406439778715,0.0,1.0642772418492437,0.0,1.2035501747560324,0.07466195024476678,0.5173795002611349,0.3207020370269237,2.592527258697484,2.809821724669631,1.1983383107003867,Medical Distribution,Healthcare,ZYXI
2007Q1,2007,Q1,2007-05-18,2007-03-31,231681.0,1336731.0,439464.0,0.01,1237096.0,0.9254636871591966,3255664.0,1527591.0,2861052.0,1456149.0,1728073.0,687349.0,-943035.0,11050577.319636,11810731.319636,0.0527811103046707,1.9648071728923344,0.245008391529347,0.5221718378806892,0.1364893549798034,0.0527811103046707,0.15166428710302693,8.266866946031774,11.924345673184249,7.233989542774212,0.0,0.14495547385680346,0.0,0.41058628900279637,1.2811807033483524,0.07116244182446346,-67.74590982991454,0.9254636871591966,2.1627906976744184,0.38466979327240425,0.24984988557495988,-0.4802831771866557,0.8285467654823175,2.017845610427952,4.749404909179329,2.0453536686035667,3.2892520244289476,12.499800965365953,Medical Distribution,Healthcare,ZYXI
