Quarters,Year,Quarter,FillingDate,Date,NetIncome,Revenue,OperatingIncome,EPSDiluted,GrossProfit,GrossProfitRatio,TotalAssets,CommonStockEquity,CurrentAssets,CurrentLiability,TotalLiability,Inventory,RetainedEarnings,MarketCap,EnterpriseValue,bookValuePerShare,currentRatio,debtToAssets,debtToEquity,roic,shareholdersEquityPerShare,roe,priceToSalesRatio,peRatio,pbRatio,payoutRatio,inventoryTurnover,dividendYield,assetTurnover,quickRatio,returnOnAssets,priceToFreeCashFlowsRatio,grossProfitMargin,epsdilutedGrowth,fiveYNetIncomeGrowthPerShare,fiveYRevenueGrowthPerShare,fiveYShareholdersEquityGrowthPerShare,grossProfitGrowth,netIncomeGrowth,operatingIncomeGrowth,threeYNetIncomeGrowthPerShare,threeYRevenueGrowthPerShare,threeYShareholdersEquityGrowthPerShare,Industry,Sector,Symbol
2023Q1,2023,Q1,2023-03-31,2023-03-31,-7400000.0,172000000.0,46000000.0,-0.0315,143800000.0,0.8360465116,3162200000.0,904100000.0,498900000.0,550100000.0,2258100000.0,201300000.0,-1388400000.0,1779643163.6,3489743163.6,3.8508157928340325,0.9069260134520997,0.5693504522168111,1.9913726357703794,-0.015929244951917453,3.8508157928340325,-0.008184935294768278,10.346762579069766,-60.123079851351356,1.9684140732219888,0.0,0.14008941877794337,0.0,0.05439251154259692,0.5340847118705689,-0.0023401429384605653,-47.83986998924731,0.836046511627907,0.7374999999999999,0.9536524862487494,2.424894552623007,-0.8855194925642486,0.19534497090606817,0.6525821596244131,1.9870129870129871,0.9793828026652762,-0.5995070476454465,-0.8183320556270829,Oil & Gas Drilling,Energy,BORR
2022Q4,2022,Q4,2022-12-31,2022-12-31,-21300000.0,148600000.0,15400000.0,-0.12,120300000.0,0.8095558546,3001700000.0,897800000.0,349900000.0,745600000.0,2103900000.0,50500000.0,-1381000000.0,886671045.89,2416171045.89,5.032380408363489,0.46928648068669526,0.5455242029516607,1.8239028736912453,0.0069921960765087195,5.032380408363489,-0.023724660280686122,5.966830726043068,-10.406937158333333,0.9876041945756293,0.0,0.5603960396039604,0.0,0.04950528034114002,0.3947156652360515,-0.0070959789452643505,23.333448576052632,0.8095558546433378,0.6,0.895098255764149,0.16599787075997477,-0.832731833562202,0.5285895806861499,0.6120218579234973,3.4838709677419355,0.8873225425161033,-0.4897560747428683,-0.7786631954802271,Oil & Gas Drilling,Energy,BORR
2022Q3,2022,Q3,2022-09-30,2022-09-30,-54900000.0,107900000.0,-6200000.0,-0.3,78700000.0,0.7293790547,3279000000.0,917500000.0,632400000.0,2003200000.0,2361500000.0,183600000.0,-1359700000.0,616266467.6,2270566467.6,4.942829376816153,0.3156948881789137,0.5896004879536444,2.107138964577657,-0.002368843012476825,4.942829376816153,-0.059836512261580384,5.7114593846153845,-2.806313604735883,0.671680073678474,0.0,0.15904139433551198,0.0,0.03290637389448003,0.22004792332268372,-0.01674290942360476,-50.5136448852459,0.7293790546802595,0.7247706422018348,-2.682937713655448,1.3566875729269354,-0.8250971951861858,0.03825857519788918,0.6678765880217786,-0.2653061224489796,0.788397346369382,-0.6792808088570172,-0.7926418450404453,Oil & Gas Drilling,Energy,BORR
2022Q2,2022,Q2,2022-06-30,2022-06-30,-165300000.0,105300000.0,-4900000.0,-1.09,75800000.0,0.7198480532,2990500000.0,711500000.0,232400000.0,1884300000.0,2279000000.0,33400000.0,-1304800000.0,702032093.59,2597032093.59,4.672172440474767,0.12333492543650162,0.6436047483698378,2.7051300070274067,-0.0019322374993916804,4.672172440474767,-0.23232607167955024,6.666971449097816,-1.0617545275105869,0.9866930338580464,0.0,0.8832335329341318,0.0,0.03521150309312824,0.10178846255904049,-0.055275037619127235,-28.307745709274194,0.7198480531813866,-2.1142857142857148,-2.269763193669771,0.0,0.0,0.4438095238095238,-2.2222222222222223,0.7461139896373057,0.43248384396038575,-0.5691803015417244,-0.8163527861385799,Oil & Gas Drilling,Energy,BORR
2022Q1,2022,Q1,2022-03-31,2022-03-31,-51300000.0,82000000.0,-19300000.0,-0.35,52500000.0,0.6402439024,3113200000.0,873000000.0,219200000.0,703100000.0,2240200000.0,36600000.0,-1139500000.0,488373636.25,2358573636.25,5.988345362899388,0.31176219598919075,0.6168251316972889,2.1996563573883163,-0.007622071975842538,5.988345362899388,-0.058762886597938144,5.955776051829268,-2.3799884807504874,0.5594199727949599,0.0,0.8060109289617486,0.0,0.026339457792624952,0.2342483288294695,-0.0164782217653861,-22.402460378440367,0.6402439024390244,-0.029411764705882214,-1.3284938602849397,18.08385502539717,-0.7949870414118849,0.6055045871559633,-0.11279826464208242,-0.0546448087431694,0.6633551531055653,-0.4152365705839385,-0.7804374963174021,Oil & Gas Drilling,Energy,BORR
2021Q4,2021,Q4,2021-12-31,2021-12-31,-46100000.0,69100000.0,-18300000.0,-0.34,32700000.0,0.4732272069,3080300000.0,889900000.0,176200000.0,117900000.0,2190400000.0,11300000.0,-1088200000.0,281832394.52,2163532394.52,6.504553896730664,1.4944868532654791,0.6222121221958901,2.1537251376559166,-0.007087822015625588,6.504553896730664,-0.05180357343521744,4.078616418523878,-1.5283752414316703,0.3167011962242949,0.0,3.2212389380530975,0.0,0.022432879914294063,1.1374045801526718,-0.014966074732980554,-9.489306212794611,0.4732272069464544,-0.4166666666666668,0.7039354021931059,-0.29296739270013594,-0.7837991734500478,-0.26681614349775784,-0.41411042944785276,-2.66,0.8357631039247116,-0.49062023405784744,-0.7708833948125329,Oil & Gas Drilling,Energy,BORR
2021Q3,2021,Q3,2021-09-30,2021-09-30,-32600000.0,73000000.0,-5000000.0,-0.24,44600000.0,0.6109589041,3108300000.0,935800000.0,182100000.0,98800000.0,2172500000.0,0.0,-1042100000.0,229406096.6656,2075006096.6656,6.8400511704242675,1.8431174089068827,0.6159315381398192,2.045843128873691,-0.0020484901496528878,6.8400511704242675,-0.03483650352639453,3.1425492693917807,-1.7592492075582822,0.24514436489164354,0.0,0.0,0.0,0.023485506546987098,1.7348178137651822,-0.010488048129202458,-17.922351302,0.6109589041095891,0.4545454545454546,-2.355876276501567,1.16326732612079,-0.7579636998216954,0.5704225352112676,0.4557595993322204,0.8134328358208955,0.6657568301838847,-0.4126783372218092,-0.77325919224497,Oil & Gas Drilling,Energy,BORR
2021Q2,2021,Q2,2021-06-30,2021-06-30,-59900000.0,54800000.0,-26800000.0,-0.44,28400000.0,0.5182481752,3142200000.0,968200000.0,142700000.0,97400000.0,2174000000.0,0.0,-1009500000.0,223061865.28,2104161865.28,7.055916608714552,1.4650924024640657,0.6089682388135701,1.976347862011981,-0.009139109773100928,7.055916608714552,-0.06186738277215451,4.070471994160584,-0.930976065442404,0.23038821036975832,0.0,0.0,0.0,0.017440010183947554,1.3305954825462012,-0.01906307682515435,-14.117839574683545,0.5182481751824818,-0.047619047619047665,-0.3149664483170621,0.0,0.0,0.42,-0.10110294117647059,0.33827160493827163,-2.285405159621813,-0.5764991686142323,-0.774465427357694,Oil & Gas Drilling,Energy,BORR
2021Q1,2021,Q1,2021-03-31,2021-03-31,-54400000.0,48400000.0,-40500000.0,-0.42,20000000.0,0.4132231405,3172700000.0,1027900000.0,154500000.0,89700000.0,2144800000.0,0.0,-949600000.0,247626638.50079998,2110326638.5008,8.004802601209628,1.7224080267558528,0.6025467267626943,1.8598112656873236,-0.01436897990808079,8.004802601209628,-0.052923436131919445,5.116252861586776,-1.1379900666397058,0.2409053784422609,0.0,0.0,0.0,0.015255145459703093,1.5418060200668897,-0.01714627919437703,-12.698801974399998,0.4132231404958678,0.2500000000000001,-1.8032626897651722,11.788063467363656,-0.7259529695205728,-0.35691318327974275,0.07952622673434856,-0.2939297124600639,0.3770443809240009,0.7620880465498066,-0.762026045126642,Oil & Gas Drilling,Energy,BORR
2020Q4,2020,Q4,2020-12-31,2020-12-31,-59100000.0,60200000.0,-31300000.0,-0.56,31100000.0,0.5166112957,3171100000.0,1036800000.0,140800000.0,96000000.0,2134300000.0,0.0,-895200000.0,170500498.404,2060600498.404,9.902171171368208,1.4666666666666666,0.6020939106303806,1.8415316358024691,-0.011220592370703239,9.902171171368208,-0.05700231481481482,2.8322341927574755,-0.721237302893401,0.1644487831828704,0.0,0.0,0.0,0.018983948787486993,1.23125,-0.018637066002333575,-4.178933784411765,0.5166112956810631,0.29113924050632906,0.5040565419976605,-0.1951461641734381,-0.6708678833509306,0.026402640264026403,0.045234248788368334,0.2853881278538813,0.5040565419976605,-0.1951461641734381,-0.6708678833509306,Oil & Gas Drilling,Energy,BORR
2020Q3,2020,Q3,2020-09-30,2020-09-30,-61900000.0,59200000.0,-43800000.0,-0.79,30300000.0,0.5118243243,3213700000.0,1064200000.0,150600000.0,122300000.0,2149300000.0,0.0,-836200000.0,86334707.80000001,1980534707.8,13.55908915232351,1.231398201144726,0.5933036686685129,1.7916744972749483,-0.015583604917834911,13.55908915232351,-0.058165758316105994,1.458356550675676,-0.348686218901454,0.08112639334711522,0.0,0.0,0.0,0.018421134517845474,0.821749795584628,-0.01926128761240937,-4.905381125000001,0.5118243243243243,0.41911764705882354,-5.487702541361405,2.0580176606562857,-0.5202094705948512,-0.46371681415929206,0.4352189781021898,0.5197368421052632,-5.487702541361405,2.0580176606562857,-0.5202094705948512,Oil & Gas Drilling,Energy,BORR
2020Q2,2020,Q2,2020-07-06,2020-06-30,-109600000.0,84000000.0,-91200000.0,-1.36,56500000.0,0.6726190476,3249100000.0,1124400000.0,174500000.0,131100000.0,2124700000.0,0.0,-775800000.0,180567654.4,2046867654.4,13.948544706797719,1.3310450038138826,0.5850543227355267,1.6905905371753824,-0.03111088950229711,13.948544706797719,-0.09747420846673782,2.1496149333333334,-0.41187877372262777,0.16059022981145502,0.0,0.0,0.0,0.025853313225200826,0.9786422578184591,-0.033732418208119175,-34.724548923076924,0.6726190476190477,0.11111111111111106,-3.0956053752898067,0.0,0.0,-0.21199442119944212,-0.2597701149425287,-9.482758620689655,-3.0956053752898067,0.0,0.0,Oil & Gas Drilling,Energy,BORR
2020Q1,2020,Q1,2020-03-31,2020-03-31,-87000000.0,104100000.0,-8700000.0,-1.53,71700000.0,0.6887608069,3329100000.0,1206300000.0,276300000.0,231900000.0,2122800000.0,0.0,-664900000.0,55144812.279,1850744812.279,21.197002069497245,1.1914618369987064,0.543330029137004,1.4994611622316174,-0.0031068867558043663,21.197002069497245,-0.07212136284506342,0.5297292245821326,-0.15846210424999999,0.04571401167122606,0.0,0.0,0.0,0.03126971253491935,0.5217766278568349,-0.02613318915022078,-2.785091529242424,0.6887608069164265,-0.4433962264150943,-9.115876147940034,61.062534129458136,-0.2743137137030483,0.11682242990654206,-0.4427860696517413,0.7339449541284404,-9.115876147940034,61.062534129458136,-0.2743137137030483,Oil & Gas Drilling,Energy,BORR
2019Q4,2019,Q4,2019-12-31,2019-12-31,-60300000.0,92900000.0,-32700000.0,-1.06,64200000.0,0.691065662,3280000000.0,1293900000.0,277900000.0,249700000.0,1985900000.0,0.0,-576700000.0,1030052737.1,2684152737.1,22.73630189647889,1.1129355226271527,0.5223170731707317,1.3240590462941495,-0.011780172274736263,22.73630189647889,-0.04660329237189891,11.087758203444563,-4.270533735903815,0.7960837291135328,0.0,0.0,0.0,0.028323170731707318,0.6792150580696836,-0.018384146341463414,-30.118501084795323,0.6910656620021528,0.24285714285714277,0.06900859694279991,1.2851773691815795,-0.24428218433570384,-0.11813186813186813,0.23863636363636365,-0.25769230769230766,0.06900859694279991,1.2851773691815795,-0.24428218433570384,Oil & Gas Drilling,Energy,BORR
2019Q3,2019,Q3,2019-09-30,2019-09-30,-79200000.0,102700000.0,-26000000.0,-1.4,72800000.0,0.7088607595,3199500000.0,1350700000.0,303500000.0,168000000.0,1848600000.0,0.0,-516500000.0,582502126.68,2132202126.6799998,23.837159323588,1.806547619047619,0.4967026097827786,1.1765751092026357,-0.009277872274625018,23.837159323588,-0.05863626267861109,5.671880493476143,-1.8387062079545453,0.4312594407936625,0.0,0.0,0.0,0.03209876543209877,1.1297619047619047,-0.024753867791842476,-19.48167647759197,0.7088607594936709,0.2670157068062827,-8.953292100926346,6.348133937754536,-0.1565183204493256,0.32604735883424407,0.23255813953488372,0.35802469135802467,-8.953292100926346,6.348133937754536,-0.1565183204493256,Oil & Gas Drilling,Energy,BORR
2019Q2,2019,Q2,2019-06-30,2019-06-30,-103200000.0,86600000.0,-40500000.0,-1.91,54900000.0,0.6339491917,3196000000.0,1372700000.0,312800000.0,159900000.0,1823100000.0,0.0,-437300000.0,458627445.0,1990127445.0,25.441019998268967,1.9562226391494684,0.4932102628285357,1.1483208275661105,-0.014058210868319541,25.441019998268967,-0.07518030159539593,5.295928926096997,-1.1110160973837209,0.33410610111459166,0.0,0.0,0.0,0.027096370463078848,1.300187617260788,-0.032290362953692114,-7.631072296173045,0.6339491916859122,-0.8190476190476189,-4.761533233675082,0.0,0.0,1.6650485436893203,-0.8297872340425532,0.13090128755364808,-4.761533233675082,0.0,0.0,Oil & Gas Drilling,Energy,BORR
2019Q1,2019,Q1,2019-03-31,2019-03-31,-56400000.0,51900000.0,-46600000.0,-1.05,20600000.0,0.3969171484,3098400000.0,1471600000.0,209500000.0,182800000.0,1626600000.0,0.0,-334100000.0,1672641270.0,3062341270.0,27.27398923978481,1.1460612691466083,0.45801058610895945,0.9643245447132373,-0.016157350849548228,27.27398923978481,-0.03832563196520794,32.22815549132948,-7.414190026595746,1.136614073117695,0.0,0.0,0.0,0.01675058094500387,0.7582056892778993,-0.01820294345468629,-11.704977396780965,0.3969171483622351,0.4878048780487804,-5.916766680866825,31.635171875324186,-0.06626607389901058,-0.02830188679245283,0.4905149051490515,0.12897196261682242,-5.916766680866825,31.635171875324186,-0.06626607389901058,Oil & Gas Drilling,Energy,BORR
2018Q4,2018,Q4,2018-12-31,2018-12-31,-110700000.0,53500000.0,-53500000.0,-2.05,21200000.0,0.3962616822,2913700000.0,1531800000.0,208600000.0,119300000.0,1380200000.0,0.0,-279200000.0,660963082.5,1808763082.5,28.38970964766402,1.7485331098072088,0.4035075676974294,0.7675283979631806,-0.01984958096837279,28.38970964766402,-0.07226792009400705,12.354450140186916,-1.4926898882113824,0.4314943742655699,0.0,0.0,0.0,0.01836153344544737,1.0067057837384745,-0.03799292995160792,-10.979453197674419,0.39626168224299063,-1.8873239436619718,-0.8026680050697885,0.38802648745211016,-0.05637207581243161,0.14594594594594595,-1.8384615384615384,-0.44986449864498645,-0.8026680050697885,0.38802648745211016,-0.05637207581243161,Oil & Gas Drilling,Energy,BORR
2018Q3,2018,Q3,2018-09-30,2018-09-30,-39000000.0,49700000.0,-36900000.0,-0.71,18500000.0,0.3722334004,2790500000.0,1650300000.0,184400000.0,66700000.0,1138500000.0,0.0,-168700000.0,1243216271.5665,2187816271.5664997,30.16682898040231,2.764617691154423,0.3530550080630711,0.5969823668423923,-0.014757956590625912,30.16682898040231,-0.02363206689692783,25.014411902746478,-7.969335074144231,0.7533274383848391,0.0,0.0,0.0,0.017810428238666905,1.686656671664168,-0.013975989965955922,-185.55466739798507,0.3722334004024145,-4.461538461538461,-5.056556420427396,2.6832752190476827,0.06745804857412264,-0.19913419913419914,-4.416666666666667,0.010723860589812333,-5.056556420427396,2.6832752190476827,0.06745804857412264,Oil & Gas Drilling,Energy,BORR
2018Q2,2018,Q2,2018-06-30,2018-06-30,-7200000.0,51100000.0,-37300000.0,-0.13,23100000.0,0.4520547945,2652200000.0,1695300000.0,213000000.0,61700000.0,953900000.0,0.0,-129700000.0,2611880398.0,3367280398.0,31.285299304888003,3.452188006482982,0.30518060478093656,0.4774376216598832,-0.014489516465801053,31.285299304888003,-0.004247035922845514,51.113119334637965,-90.69029159722221,1.54065970506695,0.0,0.0,0.0,0.019267023603046527,2.055105348460292,-0.0027147273961239727,-6.422130312269486,0.4520547945205479,0.8088235294117647,0.599755164301127,0.0,0.0,15.4375,0.7863501483679525,0.28544061302681994,0.599755164301127,0.0,0.0,Oil & Gas Drilling,Energy,BORR
2018Q1,2018,Q1,2018-03-31,2018-03-31,-33700000.0,10600000.0,-52200000.0,-0.68,-1600000.0,-0.1509433962,2137300000.0,1666900000.0,234500000.0,121700000.0,467200000.0,0.0,-122500000.0,2651197796.5,2860697796.5,33.63730541634071,1.9268693508627772,0.12211668928086838,0.15657807906893034,-0.02699598637386665,33.63730541634071,-0.020217169596256523,250.11299966981133,-19.66763943991098,1.5904960084588158,0.0,0.0,0.0,0.004959528376924156,0.9539852095316351,-0.015767557198334347,-61.22858652424942,-0.1509433962264151,0.4035087719298245,-3.499939648867957,6.257335121478672,0.15158413291599931,0.0,0.4024822695035461,0.2208955223880597,-3.499939648867957,6.257335121478672,0.15158413291599931,Oil & Gas Drilling,Energy,BORR
2017Q4,2017,Q4,2017-12-31,2017-12-31,-56400000.0,35400000.0,-67000000.0,-1.14,0.0,0.0,1672300000.0,1490900000.0,225500000.0,21100000.0,179400000.0,0.0,-88800000.0,2651197796.5,2574197796.5,30.085703188687,10.687203791469194,0.0520241583447946,0.05835401435374606,-0.03881407730336866,30.085703188687,-0.03782949896035952,74.89259312146892,-11.751763282358157,1.778253267489436,0.0,0.0,0.0,0.021168450636847455,8.222748815165877,-0.03372600609938408,-3.9393726545319465,0.0,-7.333333333333333,0.0,0.0,0.0,0.0,-10.894736842105264,-1.6907630522088353,0.0,0.0,0.0,Oil & Gas Drilling,Energy,BORR
2017Q3,2017,Q3,2017-09-30,2017-09-30,5700000.0,8000000.0,-24900000.0,0.18,0.0,0.0,1008200000.0,916600000.0,183300000.0,20200000.0,91600000.0,0.0,-27100000.0,1735220979.5,1594020979.5,28.26043517185357,9.074257425742575,0.0,0.0,0.016129582151429196,28.26043517185357,0.006218634082478726,216.9026224375,76.1061833114035,1.8931060217106699,0.0,0.0,0.0,0.007934933544931562,7.866336633663367,0.005653640150763737,-92.79256574866311,0.0,1.5454545454545454,0.0,0.0,0.0,1.0,1.5327102803738317,-0.9302325581395349,0.0,0.0,0.0,Oil & Gas Drilling,Energy,BORR
2017Q2,2017,Q2,2017-06-30,2017-06-30,-10700000.0,0.0,-12900000.0,-0.33,-3500000.0,0.0,,,,,,,,1724396164.0,,,0.0,0.0,0.0,0.0,,0.0,0.0,-40.28963,0.0,0.0,0.0,0.0,0.0,0.0,0.0,-6.2320063751355255,0.0,-1.2000000000000002,0.0,0.0,0.0,0.0,-1.1966741942106343,-1.6570545829042225,0.0,0.0,0.0,Oil & Gas Drilling,Energy,BORR
2017Q1,2017,Q1,2017-03-31,2017-03-31,-4871000.0,950000.0,-4855000.0,-0.15,0.0,0.0,1172911000.0,941475000.0,487028000.0,45736000.0,231436000.0,0.0,-8318000.0,1724396164.0,1241861164.0,29.20959437949666,10.648679377295785,0.0,0.0,-0.00516528515297756,29.20959437949666,-0.0051737964364428155,1815.1538568421054,-88.5031905152946,1.8315899668074032,0.0,0.0,0.0,0.0008099506271149303,10.648679377295785,-0.004152915268080869,-14.191976988601292,0.0,0.0,0.0,0.0,0.0,0.0,0.0,0.0,0.0,0.0,0.0,Oil & Gas Drilling,Energy,BORR
