Quarters,Year,Quarter,FillingDate,Date,NetIncome,Revenue,OperatingIncome,EPSDiluted,GrossProfit,GrossProfitRatio,TotalAssets,CommonStockEquity,CurrentAssets,CurrentLiability,TotalLiability,Inventory,RetainedEarnings,MarketCap,EnterpriseValue,bookValuePerShare,currentRatio,debtToAssets,debtToEquity,roic,shareholdersEquityPerShare,roe,priceToSalesRatio,peRatio,pbRatio,payoutRatio,inventoryTurnover,dividendYield,assetTurnover,quickRatio,returnOnAssets,priceToFreeCashFlowsRatio,grossProfitMargin,epsdilutedGrowth,fiveYNetIncomeGrowthPerShare,fiveYRevenueGrowthPerShare,fiveYShareholdersEquityGrowthPerShare,grossProfitGrowth,netIncomeGrowth,operatingIncomeGrowth,threeYNetIncomeGrowthPerShare,threeYRevenueGrowthPerShare,threeYShareholdersEquityGrowthPerShare,Industry,Sector,Symbol
2023Q1,2023,Q1,2023-04-27,2023-03-31,-3476309.0,57779120.0,953560.0,-0.12,57779120.0,1.0,698128000.0,220101000.0,92108034.0,51021947.0,478027000.0,-337.0,96626498.0,24424322.38,318047791.38,7.389470921321831,1.8052630175010767,0.47200294072147225,1.4971239067519002,0.000990584228693755,7.389470921321831,-0.015794153593123157,0.422718836493183,-1.7564838439275678,0.11096870245932548,0.0,0.0,0.0,0.08276293172598721,1.6342536281494706,-0.004979472245777278,-6.7574198473071245,1.0,0.8620689655172414,-0.02331943565955571,-0.025143774529819612,-0.23571270614602902,-0.19781317597903408,0.8647042720071089,-0.871116749389144,0.630877445155017,-0.05961889913117689,-0.24780684100023492,Broadcasting,Communication Services,BBGI
2022Q4,2022,Q4,2023-03-27,2022-12-31,-25694152.0,72027012.0,7398634.0,-0.87,72027012.0,1.0,707437000.0,222151000.0,105660530.0,56694645.0,485286000.0,5077884.0,100163064.0,27201353.115,318790456.115,7.516007179336233,1.863677424913764,0.46806161255348533,1.4905361803458008,0.007922765533065241,7.516007179336233,-0.11566075327142349,0.3776548875163668,-0.2646648264068026,0.12244533274664529,0.0,0.0,0.0,0.10181403008324416,1.6971360522673702,-0.036320056768305874,4.052865980922082,1.0,-44.5,-1.3458358182781593,0.15409199409500396,-0.27204443407716,0.12853809725377985,-52.5876386356883,0.5666505243636901,-6.0516055195232115,-0.06029079606896488,-0.26565689334988607,Broadcasting,Communication Services,BBGI
2022Q3,2022,Q3,2022-11-07,2022-09-30,498068.0,63823288.0,4722581.0,0.02,63823288.0,1.0,744982999.0,246283787.0,93418109.0,47432991.0,498699212.0,9969112.0,124672915.0,31910029.92,330978776.92,8.335513649684476,1.9694754016249998,0.44553716721795955,1.3477038786966518,-0.0053651896215036144,8.335513649684476,0.0020223336910114996,0.49997471017162265,16.016904278130696,0.12956610058947973,0.0,0.0,0.0,0.0856707979721293,1.67701033232334,0.0006685629077020052,-3.4714269433390985,1.0,1.04,-0.9230601050286537,0.016049811879221637,0.06416832571135063,-0.015231525162994548,1.0340180477303669,0.08428087179967562,-0.8461458337048742,-0.09232161164916264,-0.17727199873473728,Broadcasting,Communication Services,BBGI
2022Q2,2022,Q2,2022-08-15,2022-06-30,-14641287.0,64810450.0,4355496.0,-0.5,64810450.0,1.0,748610000.0,245537000.0,101861716.0,49865279.0,503073000.0,6330949.0,124174847.0,37656257.28,325400426.28,8.346218734991604,2.0427383149706233,0.4457089392340471,1.3589078998277246,0.009229293054053409,8.346218734991604,-0.05962965663016165,0.5810213828171229,-0.6429806560038063,0.1533628629493722,0.0,0.0,0.0,0.08657438452598816,1.835882017224851,-0.019557963425548684,41.60705520719964,1.0,-2.846153846153846,-4.529985319699045,0.00021262754449030843,0.0920157785578967,0.16313959581098927,-2.9404895735575485,6.072457421831327,-4.238218735757494,-0.06802207942828986,-0.16971396288429713,Broadcasting,Communication Services,BBGI
2022Q1,2022,Q1,2022-05-09,2022-03-31,-3715601.0,55720268.0,-858656.0,-0.13,55720268.0,1.0,746632667.0,259541004.0,99514772.0,37809958.0,487091663.0,3830697.0,138481549.0,51692588.64,331851893.64,8.836705203935788,2.631972561302501,0.44314428851530546,1.2748120601398305,-0.0005318977716436489,8.836705203935788,-0.014316046184363223,0.9277160806189949,-3.478077210120247,0.1991692558914506,0.0,0.0,0.0,0.07462875716901897,2.4548854828138134,-0.004976477944541904,-80.71909419254499,1.0,-1.3611111111111112,-1.4674508215249502,-0.02344538930088473,0.17287502255597184,-0.21228549373317598,-1.3492303793880067,-1.0521363678452649,-3.576359669980834,-0.0936609324944626,-0.11698149348933627,Broadcasting,Communication Services,BBGI
2021Q4,2021,Q4,2022-02-23,2021-12-31,10639398.0,70736628.0,16469425.0,0.36,70736628.0,1.0,762088062.0,263082298.0,112198553.0,44502083.0,499005764.0,0.0,142220494.0,55601712.099999994,-4683328788.9,8.989945584787128,2.521197783034111,-6.150931545493754,-17.81781418451803,-0.0040679842842293226,8.989945584787128,0.04044132988377652,0.7860384877266131,1.3065051260419056,0.21134721918842292,0.0,0.0,0.0,0.09281949360860084,2.3539895199961762,0.013960851154233143,13.66211295762369,1.0,7.0,-0.7713667882832056,0.17475707657945685,0.1587635758581286,0.0,7.56622043876437,2.3661178497134308,3.756500373721677,-0.12460383055839903,-0.10544563325438264,Broadcasting,Communication Services,BBGI
2021Q3,2021,Q3,2021-11-05,2021-09-30,-1620323.0,62902935.0,4892706.0,-0.06,0.0,0.0,762948939.0,251933434.0,109236922.0,43770511.0,511015505.0,0.0,131638318.0,78109806.03,371885562.03,8.611751878139954,2.4956739024591235,0.44815255192326836,1.3571740303432691,0.005853335181637904,8.611751878139954,-0.006431552074187978,1.2417513750352032,-12.051579535376588,0.31004144543197076,0.0,0.0,0.0,0.08244710987139861,2.1781633757942647,-0.0021237633571176643,-6.521655777453267,0.0,-10.374177331187996,-1.7526855995444732,0.7854843418357476,0.4490933306656246,0.0,-9.63279060598634,-0.15226557773115795,-1.575626669006975,-0.09725688005297736,-0.14012556167626194,Broadcasting,Communication Services,BBGI
2021Q2,2021,Q2,2021-08-06,2021-06-30,187694.0,59574705.0,5771508.0,0.006400561657861891,0.0,0.0,771863967.0,253307219.0,114353941.0,49438583.0,518556748.0,0.0,133258641.0,84489176.01,370979178.01,8.664516539057676,2.31305053787646,0.4451964435334238,1.3565783650248042,-0.0017810140674936192,8.664516539057676,0.0007409737501401411,1.4182055288397988,112.53579764137372,0.33354428801336294,0.0,0.0,0.0,0.07718290728293578,2.0526520551772287,0.00024316979160137424,87.0573683771252,0.0,1.0177793379385054,-0.9401434785742845,0.6890280055063871,0.46687461123275764,0.0,1.0177818123666085,3.289342503648306,-0.9643073673808457,-0.09578097747894566,-0.12956247001834276,Broadcasting,Communication Services,BBGI
2021Q1,2021,Q1,2021-05-07,2021-03-31,-10555392.0,48212040.0,-2521033.0,-0.36,0.0,0.0,762098552.0,252739797.0,101863219.0,37646918.0,509358755.0,0.0,133070947.0,82926921.17,371338262.17,8.625107690224405,2.705751875890611,0.45220128695376394,1.3635444440908528,-0.0031690266981683817,8.625107690224405,-0.041763869898178325,1.720045888329969,-1.964089092333094,0.3281118452825219,0.0,0.0,0.0,0.06326221178806281,2.467611239783294,-0.013850429150270844,62.59868636010565,0.0,-1.9473684210526316,-5.547051189085007,0.3773407908400091,0.47522667732941404,-1.0,-1.9432038143514994,-1.128484680886913,-2.1583974586802195,-0.17315382868795545,-0.10791174551621409,Broadcasting,Communication Services,BBGI
2020Q4,2020,Q4,2021-02-19,2020-12-31,11190998.0,68460644.0,19621273.0,0.38,68460644.0,1.0,738614356.0,267727294.0,77525269.0,40460213.0,471512536.0,0.0,143304213.0,43621916.46,288284229.46,9.144799230125342,1.9160865267812603,0.3593509154593253,0.9913884424499506,0.024768845843139518,9.144799230125342,0.04179998920842191,0.6371823855469428,0.9744867361248746,0.1629341402150802,0.24979934765424852,0.0,0.06408485061777133,0.09268794120216098,1.684490761331385,0.0151513410335068,14.871854856800763,1.0,5.75,1.6800633870963622,0.8871875602734389,0.5699754998510167,0.3788744047567376,5.691459454564815,22.50776472674296,-0.8479287508512405,0.10746146312454495,-0.11428936402312613,Broadcasting,Communication Services,BBGI
2020Q3,2020,Q3,2020-11-12,2020-09-30,-2385398.0,49649659.0,834672.0,-0.08,49649659.0,1.0,735936010.0,257502295.0,68744224.0,48356163.0,478832769.0,0.0,132113215.0,36151143.52,287935383.52,8.832441098947566,1.421622803281559,0.36317921853015456,1.0379583801379324,0.0010746402420166782,8.832441098947566,-0.009263598990447833,0.7281247091747398,-3.7887957816683,0.1403915391123019,-1.1719235112966473,0.0,0.07732823163542352,0.06746464138913381,1.117763810168313,-0.003241311700456131,-4.931715770814389,1.0,0.8730158730158731,-1.5414255041749512,0.48623364622468557,0.5441193033152156,0.0,0.8654974206032932,1.0474083350363494,-1.3734452172310643,-0.19895816593111382,0.12760946130379633,Broadcasting,Communication Services,BBGI
2020Q2,2020,Q2,2020-08-11,2020-06-30,-17734961.0,30383132.0,-17606018.0,-0.63,0.0,0.0,734665330.0,257120792.0,64238038.0,46462489.0,477604215.0,0.0,134498613.0,67984384.59,314323380.59000003,9.190397593919,1.3825784925125297,0.3663987478489015,1.0469027218926736,-0.02330823442611763,9.190397593919,-0.06897521146403439,2.237569997391974,-0.9583385126981673,0.26440640626993717,-0.0788454510838789,0.0,0.0205682673812963,0.0413564255169085,1.1306684194210948,-0.024140190472851087,25.90875226801291,0.0,-0.96875,-6.737847632754989,-0.07898404159166622,0.5882259420609277,0.0,-1.006998084435789,-1.4644378593035023,-5.496226378161236,-0.5069350599625405,0.20246778840144708,Broadcasting,Communication Services,BBGI
2020Q1,2020,Q1,2020-06-30,2020-03-31,-8836561.0,57650426.0,-7144030.0,-0.32,0.0,0.0,748658554.0,274554222.0,73854333.0,45963738.0,474280516.0,0.0,152115263.0,51982493.220000006,301027056.22,9.823900726707006,1.606795622235946,0.3573374839179357,0.9743931892622653,-0.009616677910563707,9.823900726707006,-0.03218512152400993,0.9016844597124054,-1.470665262764553,0.18933416081286852,-0.1581138861600118,0.0,0.02687795281551522,0.07700496533697523,1.417920187431231,-0.011803192460417677,-34.894441135068845,0.0,-2.88235294117647,-6.571920478870982,0.9462585673094683,0.7182117387744934,0.0,-2.84708368058016,-1.6367559027354095,-2.168319399418482,0.06183567140316365,0.3039031540049816,Broadcasting,Communication Services,BBGI
2019Q4,2019,Q4,2020-02-21,2019-12-31,4784061.0,72093111.0,11219417.0,0.17,0.0,0.0,760060229.0,284538540.0,79658043.0,53192459.0,475588271.0,0.0,162350145.0,85903609.89,330772574.89,10.235007466226982,1.4975439093725673,0.34670559772178267,0.9261210660601548,0.012457945048269267,10.235007466226982,0.016813402500764924,1.1915647514503849,4.489052809422789,0.3019050069280597,0.29039617178794336,0.0,0.016172463552800297,0.09485183969545656,1.3766166177803512,0.006294318288820767,-19.299602137110835,0.0,0.5454545454545455,-0.8839169157200494,2.1887738008601367,0.7895597679123991,0.0,0.5716884824365066,0.19206466553729848,-0.8917817269632363,0.2603150203707613,0.31924645579271915,Broadcasting,Communication Services,BBGI
2019Q3,2019,Q3,2019-11-07,2019-09-30,3043899.0,66114701.0,9411752.0,0.11,0.0,0.0,739883343.0,281468892.0,69923468.0,42295514.0,458414451.0,0.0,158962705.0,86122377.2,326544778.2,10.13155458045113,1.6532123950544733,0.34102829099640913,0.8964441868055529,0.010559532668566197,10.13155458045113,0.010814335390214277,1.3026206864340202,7.073360285607374,0.30597476185752,0.4563200027333364,0.0,0.01612811960327542,0.08935827738995335,1.441217217504438,0.004114025580921883,9.020202538385862,0.0,-0.26666666666666666,0.016906620437912162,3.1624545325820717,1.3701284122528823,0.0,-0.2869762738401795,-0.11855536670823638,0.4889572584555237,0.9761647906492132,0.7048294446422851,Broadcasting,Communication Services,BBGI
2019Q2,2019,Q2,2019-08-07,2019-06-30,4269001.0,65658748.0,10677644.0,0.15,0.0,0.0,723895925.0,279217346.0,69706067.0,36596373.0,444678579.0,0.0,157308079.0,91663050.6,323313632.6,10.052220996013851,1.9047261049612758,0.33695861183360026,0.8735953173912053,0.013044250123892855,10.052220996013851,0.015289168316928276,1.3960523676144418,5.367945018049889,0.32828565958792544,0.3250952623342089,0.0,0.015140582720252604,0.09070191685358638,1.632936985312725,0.00589725795182505,70.79977338029474,0.0,1.9999999999999998,0.1607502103655374,1.084509348965638,1.3957977815266316,0.0,2.1545981823193276,0.5680331439040716,0.43288127031000845,0.9592525123850898,0.7018084851110732,Broadcasting,Communication Services,BBGI
2019Q1,2019,Q1,2019-05-07,2019-03-31,1353263.0,57687554.0,6809578.0,0.05,0.0,0.0,719304974.0,275800979.0,66981171.0,33149192.0,443503995.0,0.0,154428070.0,108723205.86,339534518.86,10.007383920926998,2.0205973949530955,0.3436718651135033,0.8963161874780727,0.008206375905700336,10.007383920926998,0.004906664961475717,1.884690861741165,20.08537990398023,0.3942089192511532,1.0149623539548485,0.0,0.012633098786367961,0.08019902000566452,1.7427184952200343,0.0018813480358332681,19.519938199457293,0.0,-0.3448465630650698,0.6382195639802272,0.9690207818332489,1.4414862910955015,0.0,-0.3530793033736118,-0.5117085701890722,-0.3801714897982822,0.75227348841826,0.7116493220323878,Broadcasting,Communication Services,BBGI
2018Q4,2018,Q4,2019-02-19,2018-12-31,2091853.0,75568596.0,13945725.0,0.076318,0.0,0.0,681085079.0,275034091.0,70945768.0,28859360.0,406050988.0,0.0,155398555.0,102628380.0,332537926.0,10.049635795186477,2.4583278354059135,0.3572877772587351,0.8847753131810849,0.005701928322771999,10.049635795186477,0.007605795312116417,1.3580823970846303,12.265247605830812,0.37314785096950037,0.6538513939555026,0.0,0.013327317453515295,0.11095323966126705,2.281789339749738,0.0030713534395311573,13.597287124174088,0.0,-0.23682000000000009,-0.5144945649377864,1.301624212032103,1.4414435704394737,0.0,-0.20515537796529795,0.49533697857056,-0.4640926945282869,1.2284233779354727,0.7253174819730083,Broadcasting,Communication Services,BBGI
2018Q3,2018,Q3,2018-11-06,2018-09-30,2631776.0,65147080.0,9326142.0,0.1,0.0,0.0,681773666.0,273929623.0,72331303.0,34884179.0,407844043.0,0.0,154680213.0,184349696.38,418245591.38,10.015127202673835,2.0734701252392953,0.3577072687932185,0.8902848597721759,0.011258569190011152,10.015127202673835,0.009607489585016513,2.829746112642347,17.51190986428936,0.6729819665396319,0.5195913330009849,0.0,0.007417685121548991,0.09555528945877473,1.6272128978583673,0.0038601901646344904,50.76603452867094,0.0,-0.4444444444444444,-0.31331625369161353,1.0875214219803724,1.514590297254043,0.0,-0.4649352296948814,-0.12477040353795338,3.98870657679831,1.0786606633460327,0.7508807662072802,Broadcasting,Communication Services,BBGI
2018Q2,2018,Q2,2018-08-06,2018-06-30,4918612.0,61625296.0,10655652.0,0.18,0.0,0.0,642915630.0,272195359.0,73864580.0,31425879.0,370720271.0,0.0,153416198.0,306261222.4,502128117.4,9.954208361443541,2.350437994113068,0.32770807578593164,0.7740346667703472,0.015781789584506895,9.954208361443541,0.018070153797148318,4.969732273578044,15.566445493159453,1.1251522565452705,0.2779080765061363,0.0,0.004463255221435439,0.09585285086318403,1.9404680136393322,0.007650478181717249,58.580213486210766,0.0,2.6363636363636362,0.7348539577565182,0.908455651459041,1.5723069162837087,0.0,2.555935862168448,25.93215181171142,0.6281343788259838,0.9112721922995127,0.7202228511620767,Broadcasting,Communication Services,BBGI
2018Q1,2018,Q1,2018-05-08,2018-03-31,-3161192.0,55153627.0,395648.0,-0.11,0.0,0.0,636202501.0,267984145.0,66629705.0,28928559.0,368218356.0,0.0,149865034.0,313206552.20000005,512270861.20000005,9.668446644009896,2.3032500512728618,0.3335954710432677,0.7919657821547614,0.0009366305196944395,9.668446644009896,-0.011796190405219682,5.678802451196909,-24.769655892460822,1.168750308716958,-0.40692909510083536,0.0,0.004107133107415241,0.08669193678633463,1.8385923059631142,-0.004968845603453545,87.61017537892288,0.0,-1.044,-2.070144261369991,0.8213705216606474,1.569311125876522,0.0,-1.0453744758712302,-0.9830022920063326,-3.0098528874596506,0.8774304623424087,0.691022637707495,Broadcasting,Communication Services,BBGI
2017Q4,2017,Q4,2018-02-20,2017-12-31,69668948.0,58523448.0,23276550.0,2.5,0.0,0.0,654718781.0,286166200.0,84660973.0,28961044.0,368552581.0,0.0,154389494.0,371399076.6,572256588.6,10.3248158695072,2.9232707563995275,0.328049092576741,0.7505425238899632,0.21299862134384237,10.3248158695072,0.2434562432600356,6.346158493600719,1.3327281639160105,1.2978439682953473,0.01845886922248345,0.0,0.0034626095782813266,0.0893871532302966,2.5732177334491118,0.10641049259895906,-124.26207136755869,0.0,10.363636363636363,14.810855898014696,0.7452431954014497,1.819277547760748,0.0,10.477200436756327,0.7668209701421447,0.6956194768704488,1.5964308783479433,0.8052624926892064,Broadcasting,Communication Services,BBGI
2017Q3,2017,Q3,2017-11-06,2017-09-30,6070204.0,58902050.0,13174255.0,0.22,0.0,0.0,631920027.0,217015988.0,85217979.0,26769703.0,414904039.0,0.0,86006927.0,324157111.2,515675061.2,7.832890200065431,3.183374092719669,0.3275301543813866,0.9537217322439856,0.022182249984750872,7.832890200065431,0.027971229474576777,5.503324777320993,13.350338440026068,1.49370152027693,0.21179485895366942,0.0,0.003966095314832631,0.0932112411116858,2.8520707159134338,0.009605968699580398,56.50422507763386,0.0,0.5714285714285713,3.2942231991377833,0.9505832329621178,1.1852354737398048,0.0,0.5542622866449828,0.025817011149139646,1.0334745757806862,2.718488973222551,0.8323896363400526,Broadcasting,Communication Services,BBGI
2017Q2,2017,Q2,2017-08-07,2017-06-30,3905521.0,61013414.0,12842695.0,0.14,0.0,0.0,630474859.0,211719400.0,83549745.0,27378524.0,418755459.0,0.0,81222733.0,271472524.40000004,466866485.40000004,7.642947014935556,3.0516526383964306,0.336954474817528,1.0034098197897783,0.014544710004310436,7.642947014935556,0.01844668462124869,4.449390824122709,17.377484617289216,1.2822279129829388,0.3291268949776483,0.0,0.004734961679237989,0.09677374621531103,2.7248506164905018,0.0061945705593948195,77.5812890999974,0.0,-0.48148148148148145,-0.1720491043786239,1.014490263142399,1.1674832336815557,0.0,-0.47832457267057915,0.11261724754498029,0.06480983299403512,0.9423037011946452,0.821583062088398,Broadcasting,Communication Services,BBGI
2017Q1,2017,Q1,2017-05-09,2017-03-31,7486496.0,53740551.0,11542779.0,0.27,0.0,0.0,638160569.0,208420146.0,83795966.0,25973642.0,429740423.0,0.0,78602850.0,320892122.4,528931188.4,7.534225756362787,3.22619238380201,0.35556848389358886,1.0887133050947964,0.028070518046327403,7.534225756362787,0.03592021281858233,5.971135696022171,10.715698051531719,1.539640618042749,0.17102927724799424,0.0,0.003990157160679492,0.08421164454615497,2.873591658805492,0.01173136725092772,72.15743488300606,0.0,-0.8280254777070064,1.5446126967171787,0.8878652593516455,1.2444699323204904,0.0,-0.8196190836822852,-0.7686368369839223,8.029062782355101,0.8274456336120065,0.8381136412396631,Broadcasting,Communication Services,BBGI
2016Q4,2016,Q4,2017-03-23,2016-12-31,41503814.0,53703990.0,49890306.0,1.57,0.0,0.0,661670048.0,202491623.0,103419407.0,33946932.0,459178425.0,0.0,72401766.0,160516599.0,394569432.0,7.7582224468262,3.0465023172049834,0.38444878798563964,1.2562408470596336,0.10008472402403339,7.7582224468262,0.20496558516892327,2.988913840480009,0.9668786042169523,0.7927073556025576,0.024969777476354343,0.0,0.006456285558355246,0.08116430562684318,2.2502609366878867,0.06272584670479145,60.59095895188858,0.0,21.428571428571427,9.622351156844273,0.851820359166258,1.385095530400896,0.0,23.49515925702091,12.137238668904908,9.100487002640016,0.7151060920386542,0.884771020250845,Broadcasting,Communication Services,BBGI
2016Q3,2016,Q3,2016-11-09,2016-09-30,1694368.0,27729026.0,3797625.0,0.07,0.0,0.0,312963471.0,136838782.0,38917987.0,17186444.0,176124689.0,0.0,32178362.0,133549431.2,199075921.2,5.942855229472516,2.2644583719587366,0.26257816523258076,0.6005415482286302,0.009016601330462476,5.942855229472516,0.012382220706992263,4.816232319158993,19.704903421216642,0.9759618526858854,0.611489357683809,0.0,0.007758086205911148,0.08860147771047695,2.084566417578878,0.005413948134541235,37.20171471247033,0.0,-0.3636363636363636,-0.29185305107862874,0.13532311191436583,0.9142411075227205,0.0,-0.3138760499182418,-0.2044056147107735,-0.47484915642341585,0.05545344603653064,0.4921274383841412,Broadcasting,Communication Services,BBGI
2016Q2,2016,Q2,2016-08-05,2016-06-30,2469478.0,27777381.0,4773318.0,0.11,0.0,0.0,311316167.0,135994336.0,37725331.0,11502029.0,175321831.0,0.0,31520335.0,96928518.21,164907257.20999998,5.906787446389871,3.2798848794417053,0.2637196512829994,0.6037030174550799,0.013043103132077202,5.906787446389871,0.018158682726315895,3.489476499242315,9.812652533247917,0.7127393762193154,0.419465976210357,0.0,0.010686865115958528,0.08922562958318833,2.87489572491949,0.007932379560615623,47.404901765251914,0.0,0.375,-0.13815119656101146,0.06875281087869338,0.9797971067036573,0.0,0.35629489557342486,0.156244966139758,0.034498889798271044,0.021689337335591266,0.5263966404620283,Broadcasting,Communication Services,BBGI
2016Q1,2016,Q1,2016-05-11,2016-03-31,1820753.0,27454947.0,4128293.0,0.08,0.0,0.0,311838991.0,134375900.0,37825720.0,11086971.0,177463091.0,0.0,30086945.0,80671983.21,150138085.20999998,5.846632129672668,3.4117271525288557,0.27265034345881395,0.6327251240735876,0.011051149652835534,5.846632129672668,0.013549699015969382,2.9383405187414855,11.076733528655451,0.6003456215735112,0.5671131669150071,0.0,0.01279964814193391,0.08804205949986543,3.055243763152262,0.005838759913124526,14.852569403722752,0.0,-0.4285714285714286,0.15369318907805837,0.16926190945374636,1.05167438705223,0.0,-0.4431667041303307,-0.3186083629605422,-0.2566741004267565,0.09340640485733108,0.5536949763261014,Broadcasting,Communication Services,BBGI
2015Q4,2015,Q4,2016-02-26,2015-12-31,3269835.0,28407172.0,6058620.0,0.14,0.0,0.0,311401895.0,133537075.0,37079580.0,10899157.0,177864820.0,0.0,29302054.0,82302875.28,155930207.28,5.824803782602429,3.40205944367991,0.2824190456516008,0.658587332394393,0.018349310141882368,5.824803782602429,0.0244863458331703,2.897256906812125,6.292586268114445,0.6163297741844354,0.31550093506247257,0.0,0.012534628911691164,0.09122350395459218,3.134740604250402,0.010500369626845078,19.913538889685995,0.0,5.666666666666667,-0.03430651636342915,0.036048657708222076,1.1121482879972042,0.0,5.431036982731635,77.03403486314521,-0.10286576873576228,0.024164011767542203,0.5905115143895259,Broadcasting,Communication Services,BBGI
2015Q3,2015,Q3,2015-11-06,2015-09-30,-737939.0,26264321.0,-79683.0,-0.03,0.0,0.0,310134268.0,131110432.0,34081703.0,10824218.0,179023836.0,0.0,27064792.0,93747708.0,172845516.0,5.720050957192468,3.148652678650781,0.29082161923493083,0.6879219954061322,-0.00023269073710194109,5.720050957192468,-0.0056283774581720545,3.569393931790584,-31.75997880583625,0.7150285951311639,-1.3976534645817609,0.0,0.01100168763592599,0.08468693630463306,2.7381032052384753,-0.00237941780751555,27.01555615367458,0.0,-1.272727272727273,-1.3477275135207043,0.06641732045675498,1.21215917089215,0.0,-1.291440268368376,-1.0156432729881983,-1.6310069340243352,0.05131435720422193,0.5957913291254732,Broadcasting,Communication Services,BBGI
2015Q2,2015,Q2,2015-08-12,2015-06-30,2532042.0,27024338.0,5093755.0,0.11,0.0,0.0,315492249.0,132621700.0,35910941.0,11976379.0,182870549.0,0.0,28834367.0,106114215.31,187736961.31,5.786580706516653,2.998480676003991,0.2953915676071015,0.702703629948945,0.013692056393181613,5.786580706516653,0.019092214924103672,3.926616641266106,10.477138146800092,0.8001270931529304,0.40724324478029983,0.0,0.009717425671834807,0.08565769233842573,2.618207556724783,0.008025686868776291,31.797493970971967,0.0,0.8333333333333334,0.21601884003838648,0.06321253423987772,1.3338767871202852,0.0,0.9501488003549027,0.978058186599584,-0.35121061154291344,0.07845527727759882,0.6410314813396323,Broadcasting,Communication Services,BBGI
2015Q1,2015,Q1,2015-05-13,2015-03-31,1298384.0,24250839.0,2575129.0,0.06,0.0,0.0,314121799.0,130820628.0,34292122.0,12290348.0,183301171.0,0.0,27333708.0,114861018.61999999,198707847.62,5.717514614184779,2.790166885429119,0.3062307369505419,0.7353102600913978,0.007016996169136414,5.717514614184779,0.00992491795712829,4.736372981569833,22.116149501996325,0.8780038773395888,0.7914669312006309,0.0,0.008946708050707344,0.07720202506544285,2.438298492443013,0.0041333775756199585,126.06034580133652,0.0,-0.9591836734693877,1.4262969288944243,0.08835084703927619,1.4098377984359576,0.0,-0.9616275917801648,0.4677482051621111,-0.4664460146452682,0.029977572791650944,0.7032658768292428,Broadcasting,Communication Services,BBGI
2014Q4,2014,Q4,2015-03-18,2014-12-31,33836396.0,18562069.0,1754476.0,1.47,0.0,0.0,315967189.0,130542288.0,35538205.0,14027168.0,185424901.0,0.0,27066481.0,116635341.2,200069650.2,5.719287866069191,2.5335267247102196,0.30918954056333997,0.74836860527525,0.010731636998962872,5.719287866069191,0.259198735661811,6.283531280914859,0.8617594882149979,0.893467879159587,0.03035536054135316,0.0,0.008806215932774242,0.05874682450018568,2.2739534452000574,0.10708832175609222,35.17277270165368,0.0,12.363636363636363,23.593373095683827,-0.3027420844466777,1.4464773934643904,0.0,12.761289404223994,0.8687022965807979,8.902670185877362,-0.26809577617074143,0.7582697608803551,Broadcasting,Communication Services,BBGI
2014Q3,2014,Q3,2014-10-31,2014-09-30,2458810.0,13047411.0,938874.0,0.11,0.0,0.0,263716243.0,97551586.0,34776959.0,12685383.0,166164657.0,0.0,-5742287.0,122319278.96000001,208069952.96,4.2746859318144566,2.741498542062151,0.37529684889375586,1.0145593634941004,-0.0003287747110792341,4.2746859318144566,0.025205228339393683,9.374984735285798,12.436837226137849,1.253893288418704,0.41762600607611,0.0,0.008394939936948105,0.049475189133496036,2.3321578071391302,0.009323695696665905,22.768461504097306,0.0,-0.15384615384615388,0.7495058274139899,-0.47560229323118464,0.8921252136968711,0.0,-0.18617186240707195,-0.8561336656238661,0.03687056260441147,-0.4609945785080527,0.3769104607911836,Broadcasting,Communication Services,BBGI
2014Q2,2014,Q2,2014-08-01,2014-06-30,3021289.0,25875785.0,6526016.0,0.13,0.0,0.0,263950850.0,95740793.0,35004450.0,14348209.0,168210057.0,0.0,-7173981.0,144896827.29999998,235055376.29999998,4.195771894240779,2.43963898211965,0.38738272674628627,1.0679878116321848,0.019570001762744007,4.195771894240779,0.031556966527319236,5.599707498729023,11.989653033854093,1.5134283178540207,0.33980099222550375,0.0,0.007085296615048796,0.09803258826406507,1.997625487613123,0.011446407541404016,70.26074011539693,0.0,3.3333333333333335,3.173334689388377,0.07336891770038918,0.9094111961949888,0.0,3.424385536381635,0.5407670715793863,0.06390418649842143,0.004532136481784806,0.4063104745174772,Broadcasting,Communication Services,BBGI
2014Q1,2014,Q1,2014-05-05,2014-03-31,682872.0,24219269.0,4235563.0,0.03,0.0,0.0,262332308.0,93383623.0,33712245.0,12532667.0,168948685.0,0.0,-9168407.0,207322215.1,298103227.1,4.098890072586341,2.6899497928094633,0.39453775552495046,1.1083313826879473,0.00483864050475314,4.098890072586341,0.007312545584143806,8.56021769690902,75.90083320885905,2.2201132108571113,1.4988738738738738,0.0,0.004936948023183648,0.09232286020980687,2.2664452027649022,0.002603080059814821,70.02572235631403,0.0,-0.8125,83.09728177803254,0.050096882062160515,0.9121190341704049,0.0,-0.8093024242959064,-0.4277767142429263,-0.563494450720189,0.04055105149551682,0.4383644448207957,Broadcasting,Communication Services,BBGI
2013Q4,2013,Q4,2014-02-14,2013-12-31,3580916.0,27287516.0,7401941.0,0.16,0.0,0.0,264208889.0,93626094.0,35851680.0,14316298.0,170582795.0,0.0,-8824642.0,198567202.32000002,291143189.32000005,4.116267898576695,2.5042563377767073,0.4045094788616291,1.1415086909425058,0.02197710481414344,4.116267898576695,0.038246986999158586,7.276851521406346,13.862877705034133,2.120853213421464,0.0,0.0,0.0,0.10328008305579757,2.1999029358008615,0.013553351719366263,39.09538927404449,0.0,0.14285714285714277,1.0962335163160104,-0.1224519589068721,0.9304552858830252,0.0,0.12363930865536349,0.12959893271736483,0.06594520957515192,0.0030981762558318256,0.4926113427004061,Broadcasting,Communication Services,BBGI
2013Q3,2013,Q3,2013-11-01,2013-09-30,3186891.0,25950102.0,6552716.0,0.14,0.0,0.0,262868880.0,90583025.0,34584994.0,14924370.0,172285855.0,0.0,-11382019.0,197641145.35,295401414.35,3.982806747329953,2.3173503471168297,0.4194106202301315,1.2171154584426829,0.019847797582730826,3.982806747329953,0.03518198911992617,7.616199171394394,15.504228521621854,2.181878396642196,0.0,0.0,0.0,0.09871880612113537,1.9831114479204148,0.012123500507173006,140.9325606593358,0.0,0.4000000000000001,0.4093970784475709,-0.12957071731099337,0.053839121652741545,0.0,0.3515406691097296,-0.11750440492532804,0.5134412488719771,0.061890772187332986,0.5403013955528703,Broadcasting,Communication Services,BBGI
2013Q2,2013,Q2,2013-08-02,2013-06-30,2357969.0,26855633.0,7425211.0,0.1,0.0,0.0,260967021.0,88006830.0,36314235.0,14309043.0,172960191.0,0.0,-14568910.0,198766810.52,298024435.52,3.86975920269448,2.537852112122383,0.4301309781207948,1.2754691880164302,0.0225640465649103,3.86975920269448,0.026793022768801012,7.4013079684250975,21.073942291014006,2.2585384625261473,0.0,0.0,0.0,0.10290814868902534,2.1471944000727374,0.00903550567793775,68.23374527124354,0.0,-0.09090909090909087,0.0016284014068023121,-0.11469827180179114,0.03802872379803125,0.0,-0.02582868654117952,0.3622338238642274,0.14121541465478032,0.06478164669082657,0.5607733881154947,Broadcasting,Communication Services,BBGI
2013Q1,2013,Q1,2013-05-03,2013-03-31,2420487.0,24812469.0,5450761.0,0.11,0.0,0.0,260780345.0,85464668.0,35354068.0,13044216.0,175315677.0,0.0,-16926879.0,128547322.06,230073870.06,3.763050160268737,2.710325250670489,0.4438601383091199,1.354360845349566,0.01901155502653051,3.763050160268737,0.0283214930408435,5.1807549688021775,13.277010169854249,1.5040990045149418,0.0,0.0,0.0,0.09514700580674514,2.373451957557281,0.009281707944668913,35.53386832706767,0.0,-0.3125,1.0871567349492746,-0.135370160706159,0.03001130803522795,0.0,-0.32862736635507744,-0.32466050033564026,3.556862158126308,0.12184918425313297,0.5860633729082445,Broadcasting,Communication Services,BBGI
2012Q4,2012,Q4,2013-02-15,2012-12-31,3605281.0,27436531.0,8071142.0,0.16,0.0,0.0,259372664.0,83049257.0,33390845.0,12636381.0,176323407.0,0.0,-19347366.0,110891977.44,215981329.44,3.66222044286056,2.6424373402479713,0.45012453586859097,1.4057922276174006,0.024095655979734888,3.66222044286056,0.043411357671748946,4.041763787120172,7.68955162163504,1.3352555031287034,0.0,0.0,0.0,0.1057803493123701,2.3611248347133564,0.0139000037413349,50.474410690243126,0.0,2.1999999999999997,6.111397353681072,-0.19625351659278847,-0.0008039564607393951,-1.0,2.1162670290071164,0.24170593948378497,1.6374917772933093,0.03732361592089477,0.5665480970971495,Broadcasting,Communication Services,BBGI
2012Q3,2012,Q3,2012-11-02,2012-09-30,1156923.0,24714493.0,6500043.0,0.05,8973517.0,0.36308723792149006,258728073.0,81279172.0,32835630.0,13841610.0,177448901.0,0.0,-21025083.0,112243363.65,219766642.65,3.58446048226567,2.3722406569755976,0.45945922536206574,1.462551808475608,0.019538296268053527,3.58446048226567,0.014233941753245223,4.541600899925401,24.254717826942677,1.3809609631604023,0.0,0.0,0.0,0.09552304360880082,2.048209709708625,0.004471578930671354,19.220033793300075,0.36308723792149006,-0.7058823529411765,0.1994025936945997,-0.23584374376244066,-0.03110919794154964,-0.11643883431785042,-0.7003620757976415,-0.1557594101680703,-0.1715438496674299,-0.00031587616907250197,0.5866073354109762,Broadcasting,Communication Services,BBGI
2012Q2,2012,Q2,2012-08-03,2012-06-30,3861070.0,24790965.0,7699278.0,0.17,10156079.0,0.40966856272032975,257602324.0,79953630.0,37426845.0,15732856.0,177648694.0,0.0,-22182006.0,133551379.61999999,238322462.62,3.526185068547778,2.3788970673856036,0.46648768199777574,1.502975049413016,0.023415602702300593,3.526185068547778,0.0482913658829499,5.387098873319372,8.647303702082583,1.6703604279130289,0.0,0.0,0.0,0.09623734993943611,2.0483432887201154,0.014988490554145776,41.38313996714792,0.40966856272032975,0.5454545454545455,0.8570483510538097,-0.26672249227428585,-0.052415888837777716,0.30318014028453144,0.6034370488987523,0.46963356881488705,4.36723595220074,0.03490617936503113,0.6046957316679963,Broadcasting,Communication Services,BBGI
2012Q1,2012,Q1,2012-05-04,2012-03-31,2407996.0,23298608.0,5238910.0,0.11,7793304.0,0.3344965501801653,255181742.0,76001954.0,35125823.0,14884291.0,179179788.0,0.0,-26043076.0,97411606.43999998,205476021.44,3.3567951380722554,2.359925843965292,0.4835041881640576,1.6233982747338311,0.015949261742727316,3.3567951380722554,0.031683343299305174,4.181005424873451,10.113348032970153,1.2816987105357842,0.0,0.0,0.0,0.09130201799468866,2.0635080972281448,0.009436396119593854,18.60369837945571,0.3344965501801653,-0.26666666666666666,1.229811101883928,-0.21721629317766036,-0.09045430930662962,-0.1744385728609254,-0.28955032414320303,-0.2426875959666748,297.402832768565,0.016489366753389405,0.565934134278598,Broadcasting,Communication Services,BBGI
2011Q4,2011,Q4,2012-02-24,2011-12-31,3389397.0,25157228.0,6917766.0,0.15,9440005.0,0.3752402689199303,254988907.0,73647222.0,34838585.0,15049242.0,181341685.0,0.0,-28451072.0,71319858.75,184443408.75,3.2527931682141755,2.31497274081977,0.497016205493206,1.720820087416196,0.02088102862954546,3.2527931682141755,0.04602206176901011,2.8349649154509393,5.260512323430982,0.9683984923423181,0.0,0.0,0.0,0.09866008798570991,2.084469038374159,0.013292331183646354,15.450050496549402,0.3752402689199303,0.4999999999999999,0.18059686227099017,-0.25355313674752267,-0.13060749783987757,0.14824015868086737,0.4430869161110787,0.22652837644028434,1.091505671994464,-0.1872386628187606,0.525501235630096,Broadcasting,Communication Services,BBGI
2011Q3,2011,Q3,2011-11-04,2011-09-30,2348713.0,23975117.0,5640119.0,0.1,8221281.0,0.34290890009003916,256492508.0,70171080.0,36213925.0,15835912.0,186321428.0,0.0,-31840469.0,85890127.0,203390495.0,3.1045489547360896,2.286822823971237,0.5169354771173277,1.889525955707109,0.016582892075376325,3.1045489547360896,0.033471239148663526,3.582469566259051,9.14225439634387,1.2240103330317846,0.0,0.0,0.0,0.0934729719278974,2.008329738129386,0.009157043292664127,13.680544857275924,0.34290890009003916,-0.1666666666666666,0.04750183624116298,-0.18563826889552,-0.1522382821309888,-0.0962258467714896,-0.1649967523683536,-0.12398775348292947,0.045187112376158405,-0.19080517580927017,-0.1785453447420365,Broadcasting,Communication Services,BBGI
2011Q2,2011,Q2,2011-08-05,2011-06-30,2812819.0,25514187.0,6438402.0,0.12,9096610.0,0.35653144660262936,254665813.0,67432280.0,34196612.0,15188728.0,187233533.0,0.0,-34189182.0,95152298.16,218994157.16,2.98353170958241,2.251446730759811,0.5330465656181342,2.0131120733274925,0.018946383349374072,2.98353170958241,0.041713241788650775,3.729387817060367,8.457022844342276,1.4110793548727703,0.0,0.0,0.0,0.10018693400358375,1.9377120322386443,0.011045137809683156,22.688515348535105,0.35653144660262936,0.7142857142857141,-0.05544193518440658,-0.15673331631027768,-0.185715120252928,0.19376188383360315,0.8154293673147471,0.302246548544085,0.20227987219002602,-0.1536833149648244,-0.19969397301196964,Broadcasting,Communication Services,BBGI
2011Q1,2011,Q1,2011-05-04,2011-03-31,1549396.0,23052102.0,4944073.0,0.07,7620121.0,0.33056078790558885,252892994.0,64300548.0,31789268.0,15214001.0,188592446.0,0.0,-37002001.0,165620237.1,293718337.1,2.849688121355793,2.0894745570215223,0.5489217783549987,2.158900294286761,0.014628807130164723,2.849688121355793,0.024096155448006445,7.184604557970462,26.723354955737587,2.5757204604228257,0.0,0.0,0.0,0.09115358094894475,1.760938230515431,0.006126686135085261,40.05147947467392,0.33056078790558885,-0.5333333333333333,0.015100180930294334,-0.09059434332760799,-0.21091997024608536,-0.26973108322077594,-0.5350790568687941,-0.36725390200463903,0.3447575770091104,-0.1914627540066562,-0.21999153230513557,Broadcasting,Communication Services,BBGI
2010Q4,2010,Q4,2011-03-16,2010-12-31,3332601.0,26986380.0,7813676.0,0.15,10434678.0,0.38666460636810124,253011514.0,62226337.0,32239875.0,15277762.0,190785177.0,0.0,-38551397.0,135158749.35,266488841.35,2.7577627080935994,2.1102485429475863,0.5611987879729458,2.2818273073023727,0.023469980580150474,2.7577627080935994,0.05355611724341094,5.0084060681721665,10.139133768939036,2.172050547503704,0.0,0.0,0.0,0.10666067948196223,1.9005826900563054,0.013171736524212095,31.721984916662127,0.38666460636810124,0.6666666666666666,1.3237660557287643,-0.057719611365039586,-0.24458670513056513,0.24047907389286946,0.5977352878569087,0.31823525283363163,5.606524851015984,-0.20547339474261508,-0.2475751719645568,Broadcasting,Communication Services,BBGI
2010Q3,2010,Q3,2010-11-01,2010-09-30,2085828.0,24206727.0,5927376.0,0.09,8411813.0,0.3474989824109637,251728517.0,58252955.0,30703280.0,15975521.0,193475562.0,0.0,-41883998.0,119176357.48,254831497.48000002,2.5857320903746754,1.9218953798126521,0.5771352198447981,2.493974649011368,0.017491638391803763,2.5857320903746754,0.03580638956427189,4.9232743228772735,14.28405859447663,2.045842266370865,0.0,0.0,0.0,0.09616203713622164,1.773831163315425,0.008286021881263457,28.761695500435735,0.3474989824109637,0.0,-0.4037885666471644,-0.18873640854413037,-0.29518286219487494,-0.5152646899760076,0.02117972139959179,0.021168389237047645,1.1765069598468845,-0.24666598345769053,-0.30106858442254475,Broadcasting,Communication Services,BBGI
2010Q2,2010,Q2,2010-08-02,2010-06-30,2042567.0,24933353.0,5804504.0,0.09,17353415.0,0.6959920312362321,250748512.0,55741978.0,29175161.0,15565364.0,195006534.0,0.0,-43969826.0,109488182.51,249348716.51,2.4793856892747868,1.8743641973294038,0.589368729733479,2.651203586639857,0.016974262231819276,2.4793856892747868,0.03664324577789471,4.391233802770129,13.400806743426285,1.9641962204857533,0.0,0.0,0.0,0.09943569675101402,1.7001359557026743,0.008145878847727718,32.29751329798218,0.6959920312362321,3.4999999999999996,-0.4186658188144172,-0.185768005355229,-0.29210924212873146,0.1839503616478301,2.893355113804231,0.7394649242361583,-0.009198521975688458,-0.2562098616706648,-0.33372002917380367,Broadcasting,Communication Services,BBGI
2010Q1,2010,Q1,2010-05-04,2010-03-31,524629.0,21844944.0,3336948.0,0.02,14657215.0,0.6709660139206582,249458286.0,53220813.0,27276754.0,15507589.0,196237473.0,0.0,-46012393.0,93091521.80000001,236235901.8,2.3725723855338243,1.758929386121853,0.6014767254514047,2.8192608218893613,0.009406827708961181,2.3725723855338243,0.00985759086393513,4.261467632968069,44.36064428386536,1.7491563272436292,0.0,0.0,0.0,0.08756952655403076,1.5755566516497181,0.0021030730564708523,26.906238335834892,0.6709660139206582,-0.6666666666666666,-0.6517462284195016,-0.1758308589133554,-0.29966810707856334,-0.10761487958061376,-0.6119983936467694,-0.3813698394465649,-0.509654162345039,-0.25920059274357427,-0.3571359286585307,Broadcasting,Communication Services,BBGI
2009Q4,2009,Q4,2010-03-11,2009-12-31,1352131.0,26162889.0,5394092.0,0.06,16424764.0,0.6277886207444445,249925993.0,52440012.0,27818524.0,16041097.0,197485981.0,0.0,-46537022.0,80081140.44,226015079.44,2.3377644450538995,1.734203340332647,0.6074866970719608,2.8952456380063376,0.012430437217166107,2.3377644450538995,0.02578433811189822,3.060867645006635,14.806468537442008,1.5270999640503515,0.0,0.0,0.0,0.10468254496442073,1.6053126541158624,0.005410125548645914,31.41566611993411,0.6277886207444445,-0.022368671774056756,-0.6267176850775406,-0.15384752512737832,-0.3011960258350051,0.030196900583786632,-0.01961095667129261,-0.07600745416645183,-0.5246255442852167,-0.2164626605277898,-0.37517242098051623,Broadcasting,Communication Services,BBGI
2009Q3,2009,Q3,2009-11-09,2009-09-30,1379178.0,24415988.0,5837809.0,0.06137282866014419,15943325.0,0.6529870919006022,249731728.0,50593556.0,27152185.0,14010556.0,199138172.0,0.0,-47889153.0,80172216.92,228712893.92000002,2.25919822899167,1.9379805483808066,0.6159678517100559,3.040440881443479,0.012328822407548073,2.25919822899167,0.02725995381704342,3.28359503289402,14.532608720556738,1.5846329702541564,0.0,0.0,0.0,0.0977688665975194,1.7140785133723457,0.005522638276863242,34.5915816333575,0.6529870919006022,0.939565522674523,-0.6356520179993352,-0.167377598980566,-0.2902973287491355,0.03597838050827859,0.9456227023031281,0.47265348399389223,-0.37918250899571504,-0.16295326532693163,-0.3830788950211874,Broadcasting,Communication Services,BBGI
2009Q2,2009,Q2,2009-08-05,2009-06-30,708862.0,23604628.0,3964143.0,0.03164256527694688,15389631.0,0.65197515504163,264351926.0,49096462.0,27525101.0,14241919.0,215255464.0,0.0,-49268331.0,48930753.9,215097518.9,2.197416618590052,1.9326820353352663,0.6470222728772553,3.483786346967323,0.00983608303365972,2.197416618590052,0.014438148313008787,2.0729305244717264,17.256798184978177,0.9966248464095029,0.0,0.0,0.0,0.08929243814172173,1.6070031714125041,0.0026815087399817165,17.1346987536651,0.65197515504163,88.02858003400934,-0.7958859907070003,-0.17161623886937113,-0.2820053127498046,0.047744599084089956,88.23237663645519,0.5812310181340392,-0.759204723718089,-0.21081329129078144,-0.40026676395765176,Broadcasting,Communication Services,BBGI
2009Q1,2009,Q1,2009-05-07,2009-03-31,7944.0,22563868.0,2506998.0,0.0003554203073311881,14688342.0,0.6509673784654297,263752875.0,47779069.0,26241973.0,13599450.0,215973806.0,0.0,-49977193.0,43382885.2848,212380503.2848,2.1436375033862327,1.9296348749397954,0.6578127347427019,3.631297210918865,0.005970687985068519,2.1436375033862327,0.00016626527402616406,1.922670584883762,1365.2720696374622,0.907989339114163,0.0,0.0,0.0,0.0855492778988665,1.7005574490144821,3.0119102967124055e-05,14.894664605585437,0.6509673784654297,1.0002178608120162,-0.9643769485229244,-0.05728380574207668,-0.25353603034206623,-0.23968678392306272,1.00021786044859,1.0441196214649608,-0.9947311393105365,-0.09886123037701466,-0.40642573049402614,Broadcasting,Communication Services,BBGI
2008Q4,2008,Q4,2009-03-27,2008-12-31,-36463709.0,30470962.0,-56822745.0,-1.63141,19318804.0,0.6340070260991432,264636116.0,47525886.0,26829735.0,13354277.0,217110230.0,0.0,-49985137.0,40119807.6,211166302.6,2.1322782913844285,2.009074321282987,0.659396013807881,3.6716832590979998,-0.15794929345973754,2.1322782913844285,-0.7672389106012668,1.316657071739317,-0.27506669439469256,0.8441674838003019,-0.031980921085126034,0.0,0.029066515264145984,0.11514287037072446,1.8743641456591023,-0.13778810523352752,7.678277776236076,0.6340070260991432,-33.6282,-13.034600259127934,0.032820649039788784,-0.2542528421723437,-0.04136131944240098,-16.726043189172476,-10.403484317443779,-26.73954886095461,0.07709173184862474,-0.41592096921682986,Broadcasting,Communication Services,BBGI
2008Q3,2008,Q3,2008-11-12,2008-09-30,2318683.0,30571244.0,6042733.0,0.05,20152331.0,0.6591923769932293,333391551.0,88141419.0,31128805.0,15424470.0,245250132.0,0.0,-13521428.0,39414119.16,213485894.16,3.7793308916864805,2.018144221487027,0.5370728666126275,2.0314576056462172,0.01286808835939297,3.7793308916864805,0.026306395180681175,1.289254672135684,4.249623510415179,0.4471691017363812,0.6286331508015541,0.0,0.03698169668800484,0.09169771671868193,1.8220538533901003,0.006954834317321977,6.8709584011394025,0.6591923769932293,-0.1666666666666666,-0.22457779383888818,0.08385726447931938,0.3952196112813397,-0.0471181281758267,-0.03740198341398287,-0.02764769329272541,-0.3597751903394246,-0.01028913122361492,0.030167507226542503,Broadcasting,Communication Services,BBGI
2008Q2,2008,Q2,2008-08-05,2008-06-30,2408776.0,31039094.0,6214551.0,0.06,21148824.0,0.6813608670407713,332154687.0,86750495.0,29279252.0,13096622.0,245404192.0,0.0,-14673968.0,106344146.78,284749511.78,3.727988555591663,2.2356338909376783,0.5465994101718035,2.092847493262142,0.013145310804111602,3.727988555591663,0.027766711878704553,3.426135659114277,11.037156088818556,1.2258621323140577,0.6030880413952978,0.0,0.013660403924301437,0.09344770739303161,2.0166091683794494,0.007251970525407639,19.46056530426672,0.6813608670407713,0.1999999999999999,-0.4266808409911779,0.13712555820758365,0.43006313381554717,0.05589394580651243,1.0296598887080084,0.28729777193359674,-0.3376510413413717,-0.020696270625477776,0.064380041947044,Broadcasting,Communication Services,BBGI
2008Q1,2008,Q1,2008-05-06,2008-03-31,1186788.0,29367381.0,4827594.0,0.05,20029307.0,0.682025646073104,334480133.0,84912196.0,32158186.0,12219117.0,249567937.0,0.0,-15625143.0,82741245.88,265019143.88,3.6534066479783105,2.631792951978445,0.5599900786932538,2.205873417759682,0.010144021385077804,3.6534066479783105,0.013976649479186712,2.81745402765061,17.429660116212837,0.9744329999426702,1.225292975662039,0.0,0.017574826007683994,0.08780007570733656,2.402078071598791,0.003548156924465227,19.70019813710455,0.682025646073104,1.272727272727273,-0.3728490384992947,0.250866153539624,0.5162099080590831,-0.09717887258756315,1.28406354949528,0.06690060304401645,-0.23966206918403515,0.06935180420073163,0.07840637823774191,Broadcasting,Communication Services,BBGI
2007Q4,2007,Q4,2008-03-13,2007-12-31,519595.0,34985727.0,4524877.0,0.022,22185244.0,0.6341227095266593,337152277.0,85185531.0,34404231.0,12449901.0,251966746.0,0.0,-15359228.0,120857999.60000001,305362935.6,3.6651670776122955,2.7634140223283703,0.5666743754484564,2.2428169873120822,0.006344021204711684,3.6651670776122955,0.006099568716663866,3.4544944456920965,58.1500974797679,1.4187620618341865,2.8045169795706273,0.0,0.012057232494521612,0.1037683248391646,2.5404075903896746,0.001541128550645974,26.055102430628168,0.6341227095266593,-0.45000000000000007,-0.7802164185278305,0.11744839019825958,0.6420591898005363,0.06741514972852783,-0.47659566323703917,-0.1102382797498689,-0.8615561770420019,0.09205323192759193,0.09559084330890347,Broadcasting,Communication Services,BBGI
2007Q3,2007,Q3,2007-11-08,2007-09-30,992722.0,33285701.0,5085493.0,0.04,20784082.0,0.624414729916609,341462727.0,86336137.0,36473903.0,13657923.0,255126590.0,0.0,-14424660.0,175260314.26,362545510.26,3.6995505320623634,2.670530724181122,0.5663136404343189,2.2397921278317097,0.011163276801122538,3.6995505320623634,0.011498337017325664,5.265333431313343,44.13630257514188,2.02997632683056,1.4716174316676773,0.0,0.008335640650699357,0.09747974923189787,2.376423047633231,0.0029072631403192655,56.10813177799967,0.624414729916609,-0.5555555555555556,-0.3023515897317949,0.20239286614665886,0.7606348196334237,-0.07236530738489635,-0.5366140104055319,-0.27814049416677666,-0.7483361065445807,0.0892528702746809,0.1621737576361641,Broadcasting,Communication Services,BBGI
2007Q2,2007,Q2,2007-08-08,2007-06-30,2142322.0,34835765.0,7044990.0,0.09,22405460.0,0.643174048280553,342663564.0,86940213.0,37595625.0,12298401.0,255723351.0,0.0,-13960169.0,209802038.88,398327132.88,3.7212370142243874,3.0569522818454202,0.5701656683871997,2.2472339698546633,0.015374510633777004,3.7212370142243874,0.024641324492729273,6.022604609946129,24.483018761885468,2.413176039492795,0.6820216568751103,0.0,0.006964231652847319,0.10166171329496825,2.696144889079483,0.006251969059657594,55.49044263909769,0.643174048280553,0.9008194643913152,-0.1442388638141396,0.27660094955806575,0.8238809317458862,0.10483197874821285,0.9185568746014802,0.3791334174974595,-0.41007026101202493,0.16913373756502906,0.21589523971391406,Broadcasting,Communication Services,BBGI
2007Q1,2007,Q1,2007-05-08,2007-03-31,1116632.0,30775887.0,5108273.0,0.047348,20279518.0,0.6589417877704061,341443966.0,86401766.0,35714010.0,12140385.0,255042200.0,0.0,-14641584.0,198292237.22000003,387595347.22,3.69062837900236,2.941752670940831,0.5751309718561551,2.272812340432949,0.011019458990814805,3.69062837900236,0.012923717323092679,6.443103889093433,44.39516269012531,2.295002132479561,1.3129052364610723,0.0,0.007393289926793635,0.09013451712308192,2.541009943259625,0.003270322838272093,49.11226349277901,0.6589417877704061,-0.6357846153846154,1.1126545842270859,0.28179560763267414,0.9091431258900479,-0.13724275460260874,-0.6238449717066492,-0.35434878090551913,3.76722869647506,0.22417083924677084,0.2851618363508149,Broadcasting,Communication Services,BBGI
