Quarters,Year,Quarter,FillingDate,Date,NetIncome,Revenue,OperatingIncome,EPSDiluted,GrossProfit,GrossProfitRatio,TotalAssets,CommonStockEquity,CurrentAssets,CurrentLiability,TotalLiability,Inventory,RetainedEarnings,MarketCap,EnterpriseValue,bookValuePerShare,currentRatio,debtToAssets,debtToEquity,roic,shareholdersEquityPerShare,roe,priceToSalesRatio,peRatio,pbRatio,payoutRatio,inventoryTurnover,dividendYield,assetTurnover,quickRatio,returnOnAssets,priceToFreeCashFlowsRatio,grossProfitMargin,epsdilutedGrowth,fiveYNetIncomeGrowthPerShare,fiveYRevenueGrowthPerShare,fiveYShareholdersEquityGrowthPerShare,grossProfitGrowth,netIncomeGrowth,operatingIncomeGrowth,threeYNetIncomeGrowthPerShare,threeYRevenueGrowthPerShare,threeYShareholdersEquityGrowthPerShare,Industry,Sector,Symbol
2023Q4,2023,Q4,2023-06-28,2023-04-30,-160210000.0,186041000.0,-7828000.0,-6.29,68400000.0,0.367660892,824577000.0,550970000.0,477002000.0,121334000.0,273607000.0,138814000.0,171021000.0,2587352116.44,2617315116.44,21.648236374207823,3.9313135642111856,0.19746124376498495,0.2955188122765305,-0.010135335541226417,21.648236374207823,-0.2907780822912318,13.907429633467892,-4.037438543848698,4.695994548596112,0.0,0.8474721569870474,0.0,0.22561992391250302,2.6879934725633374,-0.19429355900055423,-1201.7427387087785,0.36766089195392415,-603.8076923076924,-9.092084860267656,0.9230008104895083,0.24319760083793254,0.5029663810151616,-617.5714285714286,-4.875247524752475,-9.593044678984892,0.2892386349390742,0.012551920910917025,Aerospace & Defense,Industrials,AVAV
2023Q3,2023,Q3,2023-03-06,2023-01-28,-259000.0,134395000.0,2020000.0,-0.0104,45510000.0,0.3386286692,921202000.0,621513000.0,390881000.0,116397000.0,299689000.0,125942000.0,331494000.0,2216099703.2,2334010703.2,24.848183373918516,3.358170743232214,0.21296849116697533,0.3156603321249917,0.0007808447403409902,24.848183373918516,-0.00041672499207578924,16.489450524201047,-2139.0923776061773,3.565653016429262,0.0,0.7057613822235632,0.0,0.14589091209094204,2.356864867651228,-0.0002811544047885263,-86.36397908028059,0.3386286692213252,0.9527272727272728,0.7059167263670749,0.9762657266592056,0.49676856770124195,0.7578215527230591,0.9516430171769977,1.149585308056872,0.7552930573806494,1.068057791085713,0.206160029703453,Aerospace & Defense,Industrials,AVAV
2023Q2,2023,Q2,2022-12-07,2022-10-29,-5356000.0,111584000.0,-13504000.0,-0.22,25890000.0,0.2320225122,891682000.0,607483000.0,357532000.0,103854000.0,284199000.0,109810000.0,332170000.0,2244564692.22,2336376692.22,24.396052299049916,3.442640630115354,0.2167016941017089,0.31808132902484515,-0.005521932624973536,24.396052299049916,-0.00881670762803239,20.11547078631345,-104.76870296023152,3.694860090274131,0.0,0.7803843001548129,0.0,0.12513878266018602,2.4957536541683516,-0.006006625680455588,162.05073223738356,0.23202251218812733,0.3125,-1.7195684922285017,0.4250550413527034,0.47089611433097567,-0.23206976330307885,0.3210799847889466,-2.6695652173913045,-1.6825954863000734,0.2810030236662179,0.18429828919492014,Aerospace & Defense,Industrials,AVAV
2023Q1,2023,Q1,2022-09-08,2022-07-30,-7889000.0,108516000.0,-3680000.0,-0.32,33714000.0,0.3106822957,896654000.0,599923000.0,357268000.0,95876000.0,296484000.0,98603000.0,338838000.0,2149038660.48,2268736660.48,24.18631627054609,3.7263548750469355,0.23741710849446943,0.35484720539135856,-0.006540401647659488,24.18631627054609,-0.013150020919351317,19.803887541744995,-68.10237864368108,3.5821908152879622,0.0,0.7586178919505492,0.0,0.12102327096070502,2.5793420668363303,-0.008798265551706678,204.78736997141223,0.3106822956983302,-3.909090909090909,-0.6705210417261035,1.3328299107479324,0.4824970800634744,-0.30661017646332933,-3.8316582914572863,-1.2827941289479752,-1.4413894772695128,0.19527836527688347,0.1927346552712837,Aerospace & Defense,Industrials,AVAV
2022Q4,2022,Q4,2022-06-29,2022-04-30,2786000.0,132622000.0,13013000.0,0.11,48622000.0,0.3666209226,914200000.0,607969000.0,368909000.0,101391000.0,305990000.0,90629000.0,347233000.0,1989438128.32,2128781128.32,24.545659090809075,3.6384787604422484,0.23690002187705098,0.35622539965031114,0.0023241735465742747,24.545659090809075,0.0045824704878044764,15.00081531209,178.52100936109116,3.272269027401068,0.0,0.9268556422337221,0.0,0.14506891271056663,2.6309337120651732,0.0030474732006125576,238.74212508340332,0.36662092262218937,14.25301204819277,-0.9145714094404355,-0.011489567646364046,0.4874777114472934,1.2682403433476395,14.524271844660195,1.921209117938553,-0.5304825266061712,0.444276605514908,0.2585628556169373,Aerospace & Defense,Industrials,AVAV
2022Q3,2022,Q3,2022-03-04,2022-01-29,-206000.0,90093000.0,-14126000.0,-0.0083,21436000.0,0.2379319148,905263000.0,602428000.0,354522000.0,87483000.0,302548000.0,89616000.0,339975000.0,1328957095.98,1463655095.98,24.37894943185403,4.052467336511094,0.23995899534168524,0.3605841693945169,-0.0002203375018789274,24.37894943185403,-0.0003419495773768816,14.750947309779894,-1612.8120096844661,2.2060015403998485,0.0,0.7661243527941439,0.0,0.09952135456767812,2.889784300949899,-0.00022755817922526383,-55.95844439681671,0.237931914799152,-1.1451048951048952,0.911851467909868,0.5830082136642456,0.6205763518738914,-0.49508891767754093,-1.1447645818692902,-0.6887029288702929,-1.0235953199544656,0.14657224281770323,0.26761118662574596,Aerospace & Defense,Industrials,AVAV
2022Q2,2022,Q2,2021-12-08,2021-10-30,1423000.0,122008000.0,-8365000.0,0.0572,42455000.0,0.3479689856,925307000.0,599902000.0,364077000.0,101429000.0,325073000.0,81944000.0,339965000.0,2195814223.54,2311918223.54,24.34507739631016,3.5894763824941585,0.23870347895347166,0.3681834699667612,0.0017337356906853938,24.34507739631016,0.0023720541021700213,17.997297091502197,385.77199991918485,3.660288219642542,0.0,0.9708215366591819,0.0,0.13185677834491688,2.6459099468593794,0.0015378679724675163,517.7586002216458,0.3479689856402859,1.1003508771929824,1.319039600743439,1.2771723419027385,0.6117647207412015,0.478083765623368,1.1017809884843717,0.3094196318005449,-0.7743534348497823,0.6057273345326082,0.2972048899067282,Aerospace & Defense,Industrials,AVAV
2022Q1,2022,Q1,2021-09-09,2021-07-31,-13981000.0,101009000.0,-12113000.0,-0.57,28723000.0,0.2843607995327149,908553000.0,598240000.0,344918000.0,82660000.0,310236000.0,84852000.0,337440000.0,2489100198.0,2620112198.0,24.298766296590845,4.172731671909025,0.24757609077291032,0.3759962556833378,-0.013211414029621612,24.298766296590845,-0.023370219309975928,24.642360561930126,-44.50862238037336,4.160705064856914,0.0,0.8519068495733748,0.0,0.11117568265142484,2.9650858940237117,-0.015388205201017443,-120.06078516303299,0.2843607995327149,-2.2954545454545454,-0.11976558700328306,1.6004714067720636,0.5870525448266799,-0.5185147933953567,-2.27727023570254,-1.6820382882882883,-1.4898370385225685,0.23930765660580192,0.31068201451042005,Aerospace & Defense,Industrials,AVAV
2021Q4,2021,Q4,2021-06-29,2021-04-30,10946000.0,136015000.0,17760000.0,0.44,59655000.0,0.43859133183840016,928566000.0,612093000.0,401638000.0,96185000.0,316459000.0,71646000.0,351421000.0,2696818547.28,2770846547.28,25.05051905629224,4.175682278941623,0.2399064794532645,0.3639463284174137,0.02619039320100514,25.05051905629224,0.01788290341500393,19.827361300444807,61.593699691211405,4.405896730202763,0.0,1.0657957178349104,0.0,0.14647854864382284,3.2748453501065655,0.011788068914864426,564.3060362586316,0.43859133183840016,43.0,0.914294037547077,0.505404471038166,0.589423051371371,1.082853252330575,50.87677725118483,28.66355140186916,-0.42412132175784434,0.4644088849599645,0.4385811690245384,Aerospace & Defense,Industrials,AVAV
2021Q3,2021,Q3,2021-03-10,2021-01-30,211000.0,78782000.0,-642000.0,0.01,28641000.0,0.36354751085273285,590992000.0,525190000.0,521544000.0,56128000.0,65814000.0,53104000.0,340475000.0,2747913090.14,2436199090.14,21.935212040104613,9.292046750285063,0.0217075696456128,0.024427350101867897,0.0006753782699234075,21.935212040104613,0.00040175936327805175,34.879961033484804,3255.821196848341,5.232226603971895,0.0,0.9442038264537511,0.0,0.13330468094322767,8.208861887115166,0.00035702682946638873,153.0956092339406,0.36354751085273285,-0.888888888888889,-0.9672734526598101,0.1148533038666702,0.4160989484211116,-0.2988910920173313,-0.899235912129895,-1.0461936969348107,1.2502845132469294,0.21023634598742885,0.3213012562500612,Aerospace & Defense,Industrials,AVAV
2021Q2,2021,Q2,2020-12-09,2020-10-31,2094000.0,92665000.0,13898000.0,0.09,40851000.0,0.44084605838234503,588007000.0,523906000.0,507599000.0,53478000.0,64160000.0,51779000.0,340264000.0,1827825502.0,1561178502.0,21.886915417377736,9.491734919032126,0.022877278671852547,0.025676361790092115,0.020769542763358084,21.886915417377736,0.003996900207289094,19.725090400906492,218.22176480420248,3.488842467923635,0.0,1.0006759497093416,0.0,0.15759166132375976,8.386813269007817,0.0035611820947709805,61.40442442973763,0.44084605838234503,-0.7857142857142857,-0.5449632905336212,0.37466593960263816,0.4509734596947059,0.15362457993278925,-0.7922619047619047,0.13019435634707652,-0.7073463073767752,0.23109396946079858,0.3196142739604383,Aerospace & Defense,Industrials,AVAV
2021Q1,2021,Q1,2020-09-10,2020-08-01,10080000.0,87450000.0,12297000.0,0.42,35411000.0,0.40492853058890793,577819000.0,519929000.0,486792000.0,46323000.0,57927000.0,45530000.0,338170000.0,1829009226.55,1596992226.55,21.760723987748545,10.508645813095006,0.02565163139322175,0.028507738556610613,0.02022151821630739,21.760723987748545,0.019387262491609433,20.91491396855346,45.362332007688494,3.5178057514583725,0.0,1.1429606852624643,0.0,0.1513449713491595,9.397513114435593,0.017444909218976876,80.31128596425748,0.40492853058890793,-0.4166666666666667,2.3867792197412423,0.7851084972758643,0.44695393260480915,-0.3339790851640084,-0.42304390132219105,-0.42254050246536745,3.21587679683351,0.9516601540082477,0.33382071957731974,Aerospace & Defense,Industrials,AVAV
2020Q4,2020,Q4,2020-06-24,2020-04-30,17471000.0,135223000.0,21295000.0,0.72,53168000.0,0.3931875494553441,584954000.0,509901000.0,503927000.0,66953000.0,75053000.0,45535000.0,328090000.0,1437175389.5,1192246389.5,21.37987783849398,7.526578346003913,0.017459492541293847,0.020029378251856734,0.03543010014875184,21.37987783849398,0.03426351389779585,10.628187434829874,20.565156394882948,2.818538087785668,0.0,1.802020423849786,0.0,0.23116860471079778,6.753185070123818,0.029867305805242807,196.46963629528366,0.3931875494553441,19.0,1.3699468894289302,0.5018763996739501,0.40353764319368957,1.2628532516172966,18.33234126984127,20.219314079422382,-0.4436270772244501,0.046748491856926686,0.2956299784239148,Aerospace & Defense,Industrials,AVAV
2020Q3,2020,Q3,2020-03-04,2020-01-25,-1008000.0,61891000.0,-1108000.0,-0.04,23496000.0,0.37963516504822997,559080000.0,490741000.0,457334000.0,60476000.0,68362000.0,65156000.0,310619000.0,1618170379.8500001,1496313379.8500001,20.60106682529324,7.56223956610887,0.017240824211204122,0.019641725472295975,-0.0027885411234167363,20.60106682529324,-0.0020540366506976186,26.14548770984473,-401.33193944692465,3.2974020508781625,0.0,0.5892780403953588,0.0,0.110701509622952,6.37186652556386,-0.0018029620090148101,294.58772616967053,0.37963516504822997,-1.129032258064516,-1.4166105458799518,-0.1304728819878068,0.3835893594064742,-0.33185463231530454,-1.1343820823890147,-1.1375884763442194,0.5525588463103773,0.12809883117552456,0.36944382340043197,Aerospace & Defense,Industrials,AVAV
2020Q2,2020,Q2,2019-12-04,2019-10-26,7501000.0,83271000.0,8053000.0,0.31,35166000.0,0.4223078862989516,544493000.0,490360000.0,456152000.0,44791000.0,54136000.0,52769000.0,311627000.0,1351849831.56,1230240831.56,20.599584177086186,10.184010180616642,0.01677340204557267,0.018625091769312343,0.013981564220384823,20.599584177086186,0.015296924708377518,16.23434126598696,45.055653631515796,2.756851765152133,0.0,0.9116147738255415,0.0,0.15293309555862059,8.826282065593535,0.01377611833393634,-9520.069236338028,0.4223078862989516,-0.5633802816901409,3.4850818228948164,0.5196696641366081,0.39374270320600213,-0.1479453382438457,-0.5616014026884862,-0.5738025932786451,2.740890383138724,0.6088440179923922,0.3637945157487309,Aerospace & Defense,Industrials,AVAV
2020Q1,2020,Q1,2019-09-05,2019-07-27,17110000.0,86911000.0,18895000.0,0.71,41272000.0,0.4748765978990001,534582000.0,481506000.0,455329000.0,43108000.0,53083000.0,56336000.0,304126000.0,1287464689.78,1160738689.78,20.27803599371814,10.562517398162754,0.01939459241051887,0.02153244196334002,0.03372188209579494,20.27803599371814,0.03553434432800422,14.813598851468743,18.81158225862069,2.6738289653296117,0.0,0.8101214143709173,0.0,0.1625774904504828,9.079219634406607,0.03200631521450404,1063.1417752105697,0.4748765978990001,1.9583333333333333,5.553032652254,0.6092726434972612,0.3570539188311828,0.11476649650217433,2.011263639563534,2.6739257242854366,2.4208698552162975,1.3199689287943677,0.3244420821658184,Aerospace & Defense,Industrials,AVAV
2019Q4,2019,Q4,2019-06-26,2019-04-30,5682000.0,87930000.0,5143000.0,0.24,37023000.0,0.42105083589218695,508844000.0,462571000.0,469588000.0,44866000.0,46269000.0,54056000.0,286351000.0,1626108136.8,1453400136.8,19.50292667645669,10.466455667989123,0.0,0.0,0.011234987467786693,19.50292667645669,0.012283519719135008,18.49321206414193,71.54646853220697,3.5153698281993466,0.0,0.9417455971585023,0.0,0.1728034525316207,9.09628672045647,0.011166487174851232,92.79850121554529,0.42105083589218695,-0.3142857142857143,-0.3288782070783057,0.13850522385655628,0.2853847661537936,0.2181824164253751,-0.3210658382124507,-0.3440887641882413,0.02370895419227032,0.002595009678653354,0.23743548623115887,Aerospace & Defense,Industrials,AVAV
2019Q3,2019,Q3,2019-03-06,2019-01-26,8369000.0,75322000.0,7841000.0,0.35,30392000.0,0.4034943310055495,498963000.0,455566000.0,436875000.0,41786000.0,43414000.0,50379000.0,280669000.0,1864219786.4,1714850786.4,19.23219808177013,10.455056717560906,0.0,0.0,0.015595464051704165,19.23219808177013,0.01837055443119109,24.750003802341947,55.68824789102641,4.092095956239052,0.0,0.8918398539073821,0.0,0.15095708499427812,9.091083137893074,0.0167727867597397,1237.0403360318514,0.4034943310055495,0.3999999999999999,-0.29687264573994065,0.025374235686660047,0.32228058705494744,0.07017852741293708,0.3817071157338616,0.18016255267910897,0.3120292964822119,0.07736979866069985,0.2415970919099131,Aerospace & Defense,Industrials,AVAV
2019Q2,2019,Q2,2018-11-30,2018-10-27,6057000.0,72979000.0,6644000.0,0.25,28399000.0,0.389139341454391,486567000.0,444174000.0,421912000.0,39491000.0,42391000.0,46096000.0,272300000.0,2128882630.0,1977627630.0,18.767333969933325,10.683750728013978,0.0,0.0,0.012946076954737989,18.767333969933325,0.01363654783936025,29.17116745913208,87.86869035826317,4.792902398609554,0.0,0.9671121138493579,0.0,0.14998756594672472,9.371350434276165,0.012448439783215878,-375.4643086419753,0.389139341454391,-0.7807017543859649,2.44429234407536,0.058801446507220086,0.3411638598487948,-0.12857099021142104,-0.7783754116355653,-0.5320467671503029,0.3312069990591095,0.09495838089634691,0.2441636009603889,Aerospace & Defense,Industrials,AVAV
2019Q1,2019,Q1,2018-09-06,2018-07-28,27330000.0,78043000.0,14198000.0,1.14,32589000.0,0.4175774893328037,480361000.0,437050000.0,410203000.0,40752000.0,43302000.0,42244000.0,266243000.0,1699492553.5500002,1528704553.5500002,18.539024742524738,10.065837259521006,0.0,0.0,0.028936201616284338,18.539024742524738,0.06253289097357281,21.776361154107352,15.546035067233811,3.8885540637226867,0.0,1.075987122431588,0.0,0.1624673943138598,8.90172261484099,0.056894710436525865,-567.2538563251002,0.4175774893328037,0.48051948051948035,4.575715371502526,0.6687318597446857,0.335100055020407,-0.2864555964266947,0.4917308007204847,-0.5383514875629979,4.810771299239265,0.614601009568249,0.232730803118351,Aerospace & Defense,Industrials,AVAV
2018Q4,2018,Q4,2018-06-27,2018-04-30,18321000.0,89526000.0,30755000.0,0.77,45672000.0,0.5101534749681657,472911000.0,410117000.0,399147000.0,60497000.0,62771000.0,38640000.0,239997000.0,1283576969.5,1140059969.5,17.41335115159216,6.597798237929154,0.0,0.0,0.051508733266192756,17.41335115159216,0.0446726178139409,14.337477040189443,17.515105200316576,3.129782402338845,0.0,1.1349378881987577,0.0,0.1893083476594962,5.406135841446683,0.03874090473683209,32.105476975988,0.5101534749681657,20.25,22.693397550629882,0.5574609839074424,0.2248598028113774,1.2185951617604196,23.1268115942029,135.890350877193,1.5166641056468686,0.006903933061768724,0.14314469053726736,Aerospace & Defense,Industrials,AVAV
2018Q3,2018,Q3,2018-03-07,2018-01-27,-828000.0,63935000.0,-228000.0,-0.04,20586000.0,0.3219832642527567,432845000.0,390388000.0,355255000.0,40545000.0,42456000.0,77327000.0,221676000.0,1250325621.74,1138028621.74,16.601219393643937,8.761992847453447,1.6172070833670252e-05,1.7930879022920787e-05,0.001170821125636931,16.601219393643937,-0.002120966832996916,19.55619960491124,-377.5137746799517,3.2027767803825937,0.0,0.5605933244532958,0.0,0.14770876410724393,6.728079911209767,-0.0019129249500398527,789.3469834217171,0.3219832642527567,-1.1379310344827585,-1.2015162016780299,0.2785449744821214,0.16663045472713958,-0.3359354838709677,-1.1179823311484753,-1.0246113989637307,-1.3466619902786876,-0.0900857578473221,0.11495539046634787,Aerospace & Defense,Industrials,AVAV
2018Q2,2018,Q2,2017-12-06,2017-10-28,7018000.0,73827000.0,9264000.0,0.29,31000000.0,0.41990057837918376,429263000.0,389401000.0,357674000.0,37851000.0,39853000.0,76039000.0,222504000.0,1206295221.3200002,1089236221.3200002,16.585843188623997,9.449525772106417,0.00011647870885680807,0.00012840234103148168,0.016805155128549965,16.585843188623997,0.018022552587178768,16.339485842848823,42.97147411370761,3.0978226078515467,0.0,0.5632241349833638,0.0,0.17198547277543139,7.30390214261182,0.01634895157514158,-5314.075864845816,0.41990057837918376,2.526315789473684,-0.2463619473779774,-0.1370608512015362,0.17778214324416147,1.6655202063628547,2.5795633580913795,2.1350159274687575,3.3573928732495015,0.36605350547369425,0.12217789067689257,Aerospace & Defense,Industrials,AVAV
2018Q1,2018,Q1,2017-08-30,2017-07-29,-4443000.0,43764000.0,-8162000.0,-0.19,11630000.0,0.2657435334978521,420739000.0,380722000.0,346994000.0,37697000.0,39801000.0,72017000.0,215486000.0,880945513.75,763576513.75,16.314579364642345,9.204817359471576,0.00024718412127233274,0.0002731651966526757,-0.012515143648157812,16.314579364642345,-0.011669932391613829,20.129456031212868,-49.56929516936754,2.3138812933058768,0.0,0.446200202729911,0.0,0.10401697964771509,7.154707271135634,-0.010559990873201676,48.115435782948275,0.2657435334978521,-1.146153846153846,-2.0123735748789717,-0.29911808454840755,0.19573880703751592,-0.8017354540650199,-1.1457868486678042,-1.2398965405754931,-0.20301430043221125,-0.17545262698234634,0.09181006818060874,Aerospace & Defense,Industrials,AVAV
2017Q4,2017,Q4,2017-06-28,2017-04-30,30476000.0,125376000.0,34023000.0,1.3,58659000.0,0.467864663093415,432500000.0,381954000.0,354085000.0,48063000.0,50307000.0,60076000.0,219929000.0,660603393.1999999,580860393.1999999,16.501530679694365,7.367101512598048,0.0003722543352601156,0.0004215167271451536,0.0774079889738682,16.501530679694365,0.0797897128973646,5.268978059596733,5.419046078881743,1.7295365232462547,0.0,1.110543311805047,0.0,0.28988670520231213,5.999542267440651,0.07046473988439306,400.60848587022434,0.467864663093415,15.444444444444446,0.6165368120048043,0.06921760154736151,0.20490719179267347,2.031316211048525,14.96060467246908,24.87578947368421,2.688500611893234,0.6634285347474101,0.08757093259770153,Aerospace & Defense,Industrials,AVAV
2017Q3,2017,Q3,2017-03-08,2017-01-28,-2183000.0,53163000.0,-1425000.0,-0.09,19351000.0,0.3639937550552076,387456000.0,347246000.0,308948000.0,37968000.0,40210000.0,68806000.0,189453000.0,599234005.04,526174005.03999996,15.043382191566824,8.137062789717657,0.0005626445325404691,0.0006277970084608606,-0.00827676641644546,15.043382191566824,-0.00628660949298192,11.27163638319884,-68.62505783783784,1.7256757602391388,0.0,0.4914106327936517,0.0,0.13721041873141723,6.184181415929204,-0.005634188140072679,-53.421949276990276,0.3639937550552076,0.5,-1.35888908105818,-0.3023860983629421,0.17187838674459713,0.1110409370155595,0.47674976030680727,0.6824158680632939,-1.188210903790652,-0.2573218338410343,0.034284908619561405,Aerospace & Defense,Industrials,AVAV
2017Q2,2017,Q2,2016-12-07,2016-10-29,-4172000.0,50116000.0,-4487000.0,-0.18,17417000.0,0.347533721765504,389898000.0,348147000.0,313887000.0,39400000.0,41751000.0,55168000.0,191636000.0,546032136.64,457432136.64,15.104609924154811,7.966675126903553,0.0007078774448701969,0.0007927685718963542,-0.01272146760723534,15.104609924154811,-0.011983443775186918,10.89536548487509,-32.720046538830296,1.568395352078289,0.0,0.5927167923433875,0.0,0.12853618125766225,6.447030456852792,-0.010700234420284279,-78.95201513013302,0.347533721765504,0.6470588235294118,-1.5980544879423448,-0.4112163487314784,0.20527236772691587,1.6061648960047883,0.64164232949665,0.712002567394095,-3.43603845730358,-0.25339580443054394,0.07941580726619574,Aerospace & Defense,Industrials,AVAV
2017Q1,2017,Q1,2016-08-31,2016-07-30,-11642000.0,36218000.0,-15580000.0,-0.51,6683000.0,0.18452150864211167,389534000.0,351480000.0,323765000.0,35587000.0,38054000.0,44105000.0,195808000.0,650819808.45,528863808.45000005,15.310624954288759,9.097844718577008,0.0009164796911181052,0.0010157050187777398,-0.03321554056068052,15.310624954288759,-0.0331227950381245,17.969512630459995,-13.975687348608487,1.8516553102594744,0.0,0.6696519668971772,0.0,0.09297776317343287,7.741394329389946,-0.02988699317646213,-167.86685799587312,0.18452150864211167,-3.2173913043478257,-34.794276186270416,-0.4471759302033001,0.25417637177119085,-0.8237698433626919,-3.1703952274422074,-3.2807788025179327,-0.5641825829492011,-0.20473181700132462,0.10260472181040688,Aerospace & Defense,Industrials,AVAV
2016Q4,2016,Q4,2016-06-29,2016-04-30,5364000.0,84757000.0,6831000.0,0.23,37922000.0,0.44742027207192325,410393000.0,361260000.0,349703000.0,46345000.0,49133000.0,37486000.0,207185000.0,661972342.4,538134342.4,15.760762394051344,7.545646779587874,0.001094073241989995,0.0012428721696285225,0.01388437074623878,15.760762394051344,0.014848031888390633,7.810238002760833,30.852551379567483,1.8323986668881138,0.0,1.249399775916342,0.0,0.20652642710767483,6.5300463911964615,0.013070398374241276,179.88378869565216,0.44742027207192325,-0.14814814814814817,-0.712588809598059,-0.24484005185861898,0.2957075736888591,0.4243004694835681,-0.12978585334198572,0.3486673247778875,7.526042950040336,0.5150477806404254,0.10861626519083936,Aerospace & Defense,Industrials,AVAV
2016Q3,2016,Q3,2016-03-09,2016-01-30,6164000.0,67560000.0,5065000.0,0.27,26625000.0,0.3940941385435169,389491000.0,354571000.0,329630000.0,32870000.0,34920000.0,46434000.0,201821000.0,583936246.84,461618246.84000003,15.489886539751629,10.02829327654396,0.0009961719269508153,0.0010942801300726794,0.01746365363166785,15.489886539751629,0.017384388458164937,8.64322449437537,23.683332529201817,1.6468810106861531,0.0,0.8815738467502261,0.0,0.17345715305360074,8.327654396105872,0.015825782880734086,37.06355105299905,0.3940941385435169,0.42105263157894746,-0.4923268249477358,-0.24516671619816702,0.3703515326959972,-0.15564646560745884,0.3948857207513012,-0.26626104592206284,0.5411459059238234,0.3879329170314643,0.08853289321994168,Aerospace & Defense,Industrials,AVAV
2016Q2,2016,Q2,2015-12-09,2015-10-31,4419000.0,64731000.0,6903000.0,0.19,31533000.0,0.48713908328312555,380029000.0,346727000.0,321320000.0,31597000.0,33302000.0,48336000.0,195657000.0,530286004.92,402254004.92,15.084297559779545,10.16931987213976,0.0,0.0,0.012606107743189033,15.084297559779545,0.012744897282299907,8.192149123603837,30.000339721656484,1.5294049927464548,0.0,0.6868172790466733,0.0,0.1703317378410595,8.335569832579042,0.011628059963844865,-39.271717760497665,0.48713908328312555,1.6333333333333333,14.82446790304254,-0.04780170884820091,0.4048518464371278,0.9679835236847032,1.6330038676407392,1.761584289496911,-0.515302931801138,-0.22718738313650969,0.07115544909259089,Aerospace & Defense,Industrials,AVAV
2016Q1,2016,Q1,2015-09-02,2015-08-01,-6981000.0,47050000.0,-9064000.0,-0.3,16023000.0,0.34055260361317746,383274000.0,345107000.0,318181000.0,36398000.0,38167000.0,43921000.0,194994000.0,598011511.22,451561511.22,15.038988800821633,8.741716577833946,0.0,0.0,-0.016328364424196468,15.038988800821633,-0.020228508839287524,12.710127762380447,-21.415682252542613,1.732829270979725,0.0,0.7064274492839416,0.0,0.12275813125857742,7.28721358316391,-0.0182141235773885,-48.977191746109746,0.34055260361317746,-1.967741935483871,-0.9037482536061737,0.15559845642953682,0.40438484450802603,-0.6466813671444321,-1.9860169491525423,-2.2135493372606776,-3.8133463589209358,-0.23372539588529967,0.10224739025254333,Aerospace & Defense,Industrials,AVAV
2015Q4,2015,Q4,2015-07-01,2015-04-30,7080000.0,86471000.0,7469000.0,0.31,45350000.0,0.5244532849163304,397467000.0,348912000.0,329032000.0,46735000.0,48555000.0,39414000.0,201975000.0,586374016.0,442964016.0,15.232849608397382,7.040376591419707,0.0,0.0,0.02166666617499224,15.232849608397382,0.020291649470353557,6.781163812145112,20.705297175141244,1.6805785298298712,0.0,1.0433094839397168,0.0,0.21755516810200595,5.985963410720017,0.01781279955317045,25.586857616616484,0.5244532849163304,2.0999999999999996,-0.5723207833612632,-0.18128661004505436,0.4060705911750532,0.6800652020894306,2.0451612903225804,0.45085470085470086,-0.6204989593306439,-0.2547975904478197,0.11227075844785595,Aerospace & Defense,Industrials,AVAV
2015Q3,2015,Q3,2015-03-04,2015-01-31,2325000.0,68397000.0,5148000.0,0.1,26993000.0,0.394651812213986,386471000.0,340830000.0,309896000.0,43660000.0,45641000.0,48799000.0,194895000.0,585767946.18,459790946.17999995,14.889581713847953,7.0979386165826845,0.0,0.0,0.006902025798287088,14.889581713847953,0.006821582607164862,8.564234486600288,62.985800664516134,1.718651369245665,0.0,0.8484600094264226,0.0,0.1769783502513772,5.764475492441594,0.006015975325444858,269.19482820772055,0.394651812213986,1.7692307692307692,-0.6664589030601075,0.050361476286237855,0.4728422883940612,0.5104359017402496,1.8014477766287487,2.2464891041162227,-0.6145518972974993,-0.09493630417455623,0.1598973406331198,Aerospace & Defense,Industrials,AVAV
2015Q2,2015,Q2,2014-11-26,2014-11-01,-2901000.0,52664000.0,-4130000.0,-0.13,17871000.0,0.33933996658058635,386129000.0,338144000.0,311567000.0,43241000.0,47985000.0,51804000.0,192570000.0,701223266.5,574884266.5,14.780048089006184,7.205360653083878,0.0,0.0,-0.00783894576830021,14.780048089006184,-0.008579185199205072,13.315039998860701,-60.429443855567044,2.0737415612874988,0.0,0.6716276735387229,0.0,0.1363896521628782,5.79389930852663,-0.007513033209108873,-128.71205332232012,0.33933996658058635,0.1875,-2.2215631968083,-0.04331799085317341,0.5191514249798169,0.27159527536644373,0.19617622610141314,0.36196508574076935,-1.41895896427224,-0.37666647062191577,0.17937395568664152,Aerospace & Defense,Industrials,AVAV
2015Q1,2015,Q1,2014-09-04,2014-08-02,-3609000.0,51866000.0,-6473000.0,-0.16,14054000.0,0.270967493155439,378603000.0,340755000.0,313731000.0,33049000.0,37848000.0,46441000.0,195471000.0,713085051.29,565033051.29,14.9426899788797,9.492904475173228,0.0,0.0,-0.012091138422080006,14.9426899788797,-0.010591187216621913,13.74860315601743,-49.396304467303956,2.0926620336898942,0.0,0.8141943541267415,0.0,0.13699310359400216,7.843595872794941,-0.009532412579932013,49.7304589783109,0.270967493155439,-1.4571428571428573,0.05948965693548053,0.2778900827449455,0.5553297385105559,-0.5336784126352113,-1.4479334739977658,-1.9317691089678999,-11.546216550446749,-0.20303456956131657,0.22403682136851483,Aerospace & Defense,Industrials,AVAV
2014Q4,2014,Q4,2014-07-09,2014-04-30,8057000.0,73498000.0,6947000.0,0.35,30138000.0,0.4100519742033797,384954000.0,342467000.0,306857000.0,37735000.0,42487000.0,50699000.0,199080000.0,762224932.59,635255932.59,15.172831660993253,8.131893467603021,0.0,0.0,0.016587596038485242,15.172831660993253,0.023526354364070114,10.370689441753518,23.651015656882215,2.225688701655926,0.0,0.8552436931694906,0.0,0.19092670812616572,6.541937193586856,0.02092977342747445,30.49021691227649,0.4100519742033797,-0.28571428571428575,0.3038496419837787,-0.08720282185406254,0.5592755706976484,0.11407659322785746,-0.281651212553495,-0.19622816151799144,-0.5615916332136509,-0.33498803549527584,0.24737321748313804,Aerospace & Defense,Industrials,AVAV
2014Q3,2014,Q3,2014-03-05,2014-01-25,11216000.0,69221000.0,8643000.0,0.49,27052000.0,0.3908062582164372,366881000.0,324658000.0,289379000.0,35981000.0,42223000.0,55441000.0,191023000.0,652453586.64,559704586.64,14.544717868546408,8.04255023484617,0.0,0.0,0.022093288038804247,14.544717868546408,0.034547123434506465,9.425659650106182,14.542920529600572,2.009664282537316,0.0,0.7606103786006746,0.0,0.18867425677535768,6.2445179400239015,0.03057122064102529,52.443821769954184,0.3908062582164372,5.999999999999999,1.3400922614757258,0.2557578511002655,0.5337259255833594,0.13292570567049167,5.777039274924471,1.1975591151792524,-0.052686437711317806,-0.2068899776408184,0.2867348235665654,Aerospace & Defense,Industrials,AVAV
2014Q2,2014,Q2,2013-11-27,2013-10-26,1655000.0,64867000.0,3933000.0,0.07,23878000.0,0.36810704980961045,350816000.0,311682000.0,265763000.0,33309000.0,39134000.0,60629000.0,179807000.0,588469278.1800001,522343278.18000007,13.99331918476329,7.978714461556937,0.0,0.0,0.011468332522036702,13.99331918476329,0.005309899192125307,9.071936087378791,88.89264020845923,1.8880438337151328,0.0,0.6760626103020007,0.0,0.1849031971175773,5.866792758713861,0.004717572744686673,505.9925005846948,0.36810704980961045,1.21875,-0.8280855186208469,-0.07203569917976888,0.5166440308699118,0.9033878039059386,1.2295423023578362,1.5536317567567568,5.116101748782201,-0.015285157938502558,0.303245326246806,Aerospace & Defense,Industrials,AVAV
2014Q1,2014,Q1,2013-08-28,2013-07-27,-7210000.0,44117000.0,-7104000.0,-0.32,12545000.0,0.2843575039100574,351559000.0,308799000.0,250565000.0,36853000.0,42760000.0,68663000.0,178152000.0,503921305.58,439582305.58,13.885869207189396,6.799039426912327,0.0,0.0,-0.016114630783048468,13.885869207189396,-0.02334852120635106,11.422383788108892,-17.4729995,1.6318747974572456,0.0,0.4598109607794591,0.0,0.12548960487428854,4.6929150951075895,-0.020508648619435143,-28.578308034934498,0.2843575039100574,-7.000000000000001,-2.3963442369636665,-0.23361345398294706,0.5843773552533549,-0.2921227852386864,-8.069182389937106,-0.19314746388982196,-1.0288944874185595,0.11811278936815556,0.2967031577503437,Aerospace & Defense,Industrials,AVAV
2013Q4,2013,Q4,2013-06-26,2013-04-30,-795000.0,54110000.0,-5954000.0,-0.04,17722000.0,0.32751801885048976,363465000.0,315186000.0,263454000.0,42187000.0,48279000.0,62561000.0,185362000.0,429216388.47999996,353884388.47999996,14.2166075755151,6.244909569298599,0.0,0.0,0.03195296637405998,14.2166075755151,-0.0025223201538139384,7.932293263352429,-134.97370706918238,1.3617876063023102,0.0,0.5816403190486086,0.0,0.14887265623925275,4.537511555692512,-0.0021872807560562916,31.476707867409793,0.32751801885048976,-1.2352941176470589,-1.1158109888954444,-0.21391425817701648,0.7347088817666004,-0.09917145326081431,-1.2054794520547945,-4.585365853658536,-1.0496153233136425,-0.47069895110453747,0.3122662096781062,Aerospace & Defense,Industrials,AVAV
2013Q3,2013,Q3,2013-03-06,2013-01-26,3869000.0,47087000.0,-1066000.0,0.17,19673000.0,0.41780109159640666,358790000.0,315095000.0,266809000.0,38827000.0,43695000.0,63597000.0,186157000.0,507737086.81,443762086.81,14.230058307132705,6.87173873850671,0.0,0.0,0.015344946955557257,14.230058307132705,0.012278836541360543,10.782956799328902,32.808030938873095,1.6113777965692886,0.0,0.4310580687768291,0.0,0.13123832882744782,4.8714554304993944,0.01078346665180189,-199.73921589693154,0.41780109159640666,-0.5641025641025641,-0.40999736707701434,-0.11750621475187228,0.7590012219252578,-0.4479458974071164,-0.5572213321126116,-1.0815358727244913,-0.42621973051248774,-0.25247927467824505,0.4076037892700386,Aerospace & Defense,Industrials,AVAV
2013Q2,2013,Q2,2012-12-05,2012-10-27,8738000.0,80278000.0,13074000.0,0.39,35636000.0,0.44390742170955927,356306000.0,310237000.0,263950000.0,41134000.0,46069000.0,44747000.0,182288000.0,483565743.5,412795743.5,14.082267492134706,6.416832790392376,0.0,0.0,0.027820835631669313,14.082267492134706,0.02816556374642612,6.023639645980219,13.835138003547723,1.558697845518104,0.0,0.997653473975909,0.0,0.22530633781075818,4.9802596392278895,0.02452386431887198,23.534615442643695,0.44390742170955927,7.500000000000001,0.5094323691419936,0.3335276450620638,0.7756864389574984,0.8270187131504743,7.304473304473304,6.80550621669627,2.8210708235350257,0.5144507165288614,0.44743079310656503,Aerospace & Defense,Industrials,AVAV
2013Q1,2013,Q1,2012-09-06,2012-07-28,-1386000.0,58677000.0,-2252000.0,-0.06,19505000.0,0.33241304088484414,340488000.0,299204000.0,254985000.0,36282000.0,41284000.0,44505000.0,173550000.0,521263145.34999996,468053145.34999996,13.643932327547583,7.027865057053084,0.0,0.0,-0.0050153458458494496,13.643932327547583,-0.004632291012152244,8.883602524839374,-94.02293386544012,1.7421663659242523,0.0,0.8801707673295135,0.0,0.1723320645661521,5.445565294085221,-0.004070628039754705,-25.655238967910226,0.33241304088484414,-1.075,-1.3107142818224258,0.027658588499720575,0.7997605105962571,-0.6063969327010392,-1.077891424075531,-1.0874766935985083,0.6244000406037024,0.503364386358505,0.42014682291168653,Aerospace & Defense,Industrials,AVAV
2012Q4,2012,Q4,2012-06-27,2012-04-30,17794000.0,110675000.0,25744000.0,0.8,49555000.0,0.4477524282810029,369151000.0,299198000.0,281769000.0,63705000.0,69953000.0,43539000.0,174936000.0,531314443.52,467094443.52,13.69527113133354,4.423028019778667,0.0,0.0,0.05913009210866846,13.69527113133354,0.05947232267595372,4.800672631759657,7.4647977340676634,1.7757954382048007,0.0,1.4037988929465537,0.0,0.299809563024345,3.52912644219449,0.04820249708114024,60.62465124600639,0.4477524282810029,2.076923076923077,1.7633732079436826,0.8882640414501138,0.8971088152773674,0.8064010498304961,2.097841225626741,2.512621094282985,1.9750329015456092,0.42007844836027086,0.4074302138386211,Aerospace & Defense,Industrials,AVAV
2012Q3,2012,Q3,2012-03-07,2012-01-28,5744000.0,71964000.0,7329000.0,0.26,27433000.0,0.3812044911344561,324545000.0,279818000.0,257207000.0,38866000.0,44727000.0,48447000.0,157142000.0,620801400.96,554936400.96,12.836982370974836,6.6177893274327175,0.0,0.0,0.02017256510376153,12.836982370974836,0.020527628672923116,8.62655495747874,27.019559582172704,2.218589944035051,0.0,0.9191694016141351,0.0,0.22173812568364942,5.227113672618741,0.017698624227765025,-66.83188728173108,0.3812044911344561,-0.13333333333333328,-0.5944687897024129,-0.024040881196800878,0.34619396873680675,-0.10437479595168137,-0.12797935327159557,-0.2344892416962607,0.22720612782994667,0.3368769398177469,0.3536469284975066,Aerospace & Defense,Industrials,AVAV
2012Q2,2012,Q2,2011-12-07,2011-10-29,6587000.0,80372000.0,9574000.0,0.3,30630000.0,0.3811028716468422,322939000.0,272748000.0,271623000.0,43887000.0,50191000.0,41435000.0,151398000.0,740844075.0799999,642255075.0799999,12.532113345169739,6.189144849271994,0.0,0.0,0.02388603996399304,12.532113345169739,0.024150497895493277,9.21768868610959,28.117658838621526,2.7162218424333084,0.0,1.2004826837214915,0.0,0.2488767228485875,5.118098753617244,0.020397040927233937,136.25971585065292,0.3811028716468422,28.999999999999996,0.12284074905297672,0.48376974595484373,0.0,0.410545705733364,19.20552147239264,21.317016317016318,-0.29974559768308245,0.1767005398984692,0.35827351954012926,Aerospace & Defense,Industrials,AVAV
2012Q1,2012,Q1,2011-09-08,2011-07-30,326000.0,61997000.0,429000.0,0.01,21715000.0,0.3502588834943626,301472000.0,265201000.0,267243000.0,29832000.0,36271000.0,38299000.0,144811000.0,626304447.99,545057447.99,12.207712805708953,8.958266291230894,0.0,0.0,0.001040139946101839,12.207712805708953,0.001229256299938537,10.102173459844831,480.2948220782209,2.3616217434700473,0.0,1.0517768087939632,0.0,0.20564762233308567,7.519039957093055,0.0010813607897250822,-544.6125634695652,0.3502588834943626,-0.9873417721518988,-0.9788991106051693,-0.8264235598469643,-0.34779803322166836,-0.5587368677734653,-0.981515082785212,-0.9829613154341091,-0.9353696074678053,0.10248968745110655,0.39289974867310107,Aerospace & Defense,Industrials,AVAV
2011Q4,2011,Q4,2011-06-22,2011-04-30,17636000.0,106060000.0,25178000.0,0.79,49211000.0,0.4639920799547426,331747000.0,263468000.0,298031000.0,62104000.0,68279000.0,38137000.0,144485000.0,620557854.0,558516854.0,12.16382671066798,4.7989018420713645,0.0,0.0,0.06677349281654044,12.16382671066798,0.06693792035465408,5.851007486328493,8.796748894307099,2.3553443074680795,0.0,1.4906521226105882,0.0,0.3197014592445448,4.1095903645497875,0.05316099316647927,23.418161213630704,0.4639920799547426,0.5192307692307693,-0.5344699020970287,-0.7403919981653737,-0.31596570275660235,0.44191157080488735,0.5397241138466912,0.6058422093245742,1.629638346931986,0.5770929873508369,0.4842287879990969,Aerospace & Defense,Industrials,AVAV
2011Q3,2011,Q3,2011-03-09,2011-01-29,11454000.0,84434000.0,15679000.0,0.52,34129000.0,0.40420920482270173,292893000.0,244090000.0,259258000.0,44315000.0,48803000.0,28880000.0,126849000.0,598154686.4,559055686.4,11.303586101937794,5.8503441272706755,0.0,0.0,0.046779120358478914,11.303586101937794,0.04692531443320087,7.084286974441575,13.055585088178802,2.4505497414887953,0.0,1.7418628808864265,0.0,0.2882759232893924,5.097687013426605,0.039106431358892156,136.5026669100867,0.40420920482270173,51.0,-0.7078760278698868,-0.8003146702177458,0.0,0.5673478760045925,42.717557251908396,38.099750623441395,0.7910738382423431,0.6226658255614645,0.3972551156364365,Aerospace & Defense,Industrials,AVAV
2011Q2,2011,Q2,2010-12-08,2010-10-30,262000.0,63781000.0,401000.0,0.01,21775000.0,0.3414026120631536,276207000.0,231560000.0,241989000.0,40298000.0,44647000.0,28929000.0,115395000.0,505937632.74,429273632.74,10.737287065561487,6.0049878405876225,0.0,0.0,0.0010172958301154112,10.737287065561487,0.00113145621005355,7.93241925871341,482.7649167366412,2.1849094521506305,0.0,1.4520377475889246,0.0,0.23091739166639513,5.199712144523302,0.0009485639393643174,-1168.4471887759817,0.3414026120631536,1.0625,-0.9933092304175505,-0.8489624668372463,0.0,0.809155865736125,1.0760964275341272,1.0548788832626248,-0.9537666954459227,0.08230291801261863,0.3539051892147445,Aerospace & Defense,Industrials,AVAV
2011Q1,2011,Q1,2010-09-09,2010-07-31,-3443000.0,38228000.0,-7307000.0,-0.16,12036000.0,0.31484775557183214,259984000.0,230726000.0,224519000.0,24883000.0,29258000.0,28085000.0,115133000.0,515161751.7,469719751.7,10.708595197130586,9.022987581883214,0.0,0.0,-0.015173730986090858,10.708595197130586,-0.014922462141241126,13.47603201056817,-37.40645888033691,2.232785865918882,0.0,0.9325974719601211,0.0,0.1470398178349437,7.766426877788048,-0.013243122653701766,-72.20206751226348,0.31484775557183214,-1.2222222222222223,-1.2195545667551948,-0.8939355664325241,0.0,-0.7199692887554966,-1.2211019779090675,-1.3111215192029293,-1.7855951826832746,-0.3185620198033629,0.41256247078004693,Aerospace & Defense,Industrials,AVAV
2010Q4,2010,Q4,2010-06-25,2010-04-30,15572000.0,99350000.0,23486000.0,0.72,42981000.0,0.43262204328132864,281971000.0,233420000.0,245595000.0,44113000.0,48551000.0,20928000.0,118576000.0,564070876.6,535405876.6,10.833630760790815,5.56740643347766,0.0,0.0,0.06657629728958059,10.833630760790815,0.06671236397909348,5.677613252138903,9.055851473799127,2.4165490386427897,0.0,2.6934728593272173,0.0,0.3523411982083264,5.027769591730329,0.05522553737795731,12.723211905084135,0.43262204328132864,1.4,-0.637973887809415,-0.6775552051182854,-0.12059496007588535,0.8304586687108726,1.390176515732924,1.7692489093267303,1.4520784910113846,0.7187197996563837,0.5007060627470071,Aerospace & Defense,Industrials,AVAV
2010Q3,2010,Q3,2010-03-10,2010-01-30,6515000.0,60861000.0,8481000.0,0.3,23481000.0,0.3858135751959383,253295000.0,216283000.0,220986000.0,32471000.0,37012000.0,29713000.0,103004000.0,728900530.28,676057530.28,10.109420289719589,6.8056419574389455,0.0,0.0,0.029988205625761145,10.109420289719589,0.030122570890916068,11.976479687813214,27.970089419800463,3.3701240054928037,0.0,1.258035203446303,0.0,0.24027714719990526,5.645406670567583,0.025720997256163763,-144.5084318556701,0.3858135751959383,1.9999999999999998,-0.8506068324636482,-0.8051206970598858,0.0,0.1950226474629752,1.9399819494584838,1.5143788911947822,-0.5313583932236613,-0.15904649305906757,0.060158861962551026,Aerospace & Defense,Industrials,AVAV
2010Q2,2010,Q2,2009-12-09,2009-10-31,2216000.0,51367000.0,3373000.0,0.1,19649000.0,0.3825218525512489,245646000.0,207701000.0,212547000.0,30809000.0,37945000.0,25106000.0,96489000.0,569146344.5,470970344.5,9.72914736870457,6.898860722516148,0.0,0.0,0.010513337602009162,9.72914736870457,0.010669183104558957,11.07999969824985,64.2087482513538,2.7402195680328933,0.0,1.263363339440771,0.0,0.20910985727428902,5.882144827810055,0.009021111681036939,-34.85707646374326,0.3825218525512489,1.588235294117647,-0.9490764820427127,-0.8351673796264277,0.0,0.8337844143723752,1.6177864510733204,1.6185585916009535,-0.6148998279458439,-0.03323839720235627,0.0,Aerospace & Defense,Industrials,AVAV
2010Q1,2010,Q1,2009-09-09,2009-08-01,-3587000.0,37940000.0,-5453000.0,-0.17,10715000.0,0.28241960991038484,235529000.0,204799000.0,203673000.0,23579000.0,30730000.0,19212000.0,94273000.0,606249109.44,492965109.44000006,9.607409675834656,8.637898129691674,0.0,0.0,-0.017706311508450756,9.607409675834656,-0.017514733958661908,15.979154176067476,-42.2532136492891,2.9602151838632027,0.0,1.4170830730793254,0.0,0.16108419769964633,7.560795623224055,-0.01522954710460283,271.86058719282516,0.28241960991038484,-1.6296296296296298,-1.0825509932841737,-0.8780733697368807,0.0,-0.5933586337760911,-1.6146333104866346,-1.6067653276955602,-1.2366104217842115,-0.8917477925461068,-0.4867202738178566,Aerospace & Defense,Industrials,AVAV
2009Q4,2009,Q4,2009-06-24,2009-04-30,5836000.0,76045000.0,8987000.0,0.27,26350000.0,0.346505358669209,253181000.0,207427000.0,221374000.0,38637000.0,45754000.0,11602000.0,97860000.0,504354920.16,387853920.16,9.730692858995187,5.7295856303543236,0.0,0.0,0.02771273967013135,9.730692858995187,0.0281351993713451,6.632321916759814,21.605334139821796,2.43148153403366,0.0,4.2833132218583,0.0,0.3003582417321995,5.281465952325491,0.02305070285684945,35.04168138400612,0.346505358669209,0.28571428571428586,-0.8628634251790006,-0.750540138437457,-0.2101244235566586,0.5800203873598369,0.28517947588636866,1.1908824963432472,-0.8434694589469619,-0.8108644160668199,-0.4527932853847276,Aerospace & Defense,Industrials,AVAV
2009Q3,2009,Q3,2009-03-10,2009-01-31,4541000.0,52225000.0,4102000.0,0.21,16677000.0,0.3193298228817616,230109000.0,200551000.0,204134000.0,28172000.0,29558000.0,20379000.0,92024000.0,783741248.12,681803248.12,9.483257488142323,7.245988925173932,0.0,0.0,0.02160503036279734,9.483257488142323,0.022642619583048702,15.007012888846338,43.148053739264476,3.9079398662684306,0.0,1.7443446685313313,0.0,0.22695765919629393,6.377857447110606,0.019734126001155972,122.74725890681285,0.3193298228817616,-0.4878048780487805,-0.8946591882135438,-0.8308258801555758,0.0,-0.3325729379277224,-0.4987305442101777,-0.6647597254004577,-0.8817426965490746,-0.8738829813171052,0.0,Aerospace & Defense,Industrials,AVAV
2009Q2,2009,Q2,2008-12-04,2008-11-01,9059000.0,65779000.0,12236000.0,0.41,24987000.0,0.3798628741695678,220925000.0,193385000.0,196170000.0,26387000.0,27540000.0,19001000.0,87483000.0,752873537.52,636227537.52,9.226502000431207,7.4343426687383936,0.0,0.0,0.04547305090891142,9.226502000431207,0.04684437779558911,11.445499893887106,20.776949374103104,3.893133063681258,0.0,2.1468343771380454,0.0,0.29774357813737695,6.546481221813772,0.041004865904718794,68.25689370081595,0.3798628741695678,0.8636363636363635,-0.7879652691759238,-0.7850069957044495,0.0,0.21396297915755721,0.8837596173840715,0.6928610957387936,-0.761966372956868,-0.8397256225457627,0.0,Aerospace & Defense,Industrials,AVAV
2009Q1,2009,Q1,2008-09-10,2008-08-02,4809000.0,53613000.0,7228000.0,0.22,20583000.0,0.3839180795702535,204230000.0,181522000.0,189751000.0,21830000.0,22708000.0,20687000.0,78424000.0,676649801.52,571818801.52,8.764243670327472,8.692212551534585,0.0,0.0,0.02464782101339259,8.764243670327472,0.026492656537499586,12.621002397179788,35.17622174672489,3.727646244091625,0.0,1.5966549040460192,0.0,0.2625128531557558,7.5236371965185525,0.0235469813445625,-126.71344597752808,0.3839180795702535,-0.26666666666666666,-0.8860924788355636,-0.822671699650404,0.0,-0.10313725490196078,-0.2501169499454234,-0.2081507449605609,-0.680986222175545,-0.845258244308682,0.0,Aerospace & Defense,Industrials,AVAV
2008Q4,2008,Q4,2008-06-26,2008-04-30,6413000.0,64306000.0,9128000.0,0.3,22950000.0,0.3568873822038379,202779000.0,169740000.0,189564000.0,32098000.0,33039000.0,15923000.0,73615000.0,495215694.96,390151694.96,8.195385245873146,5.905788522649386,0.0,0.0,0.0352265394661763,8.195385245873146,0.037781312595734654,7.700925185208223,19.30514949945423,2.9174955517850827,0.0,2.59724926207373,0.0,0.3171235680223297,5.259424263193968,0.03162556280482693,66.84877091792656,0.3568873822038379,0.07142857142857129,-0.8449020876547974,-0.7828858112271847,-0.33475090221604664,0.1571623052488277,0.07510477787091366,0.14774299006664152,-0.8449020876547974,-0.7828858112271847,-0.33475090221604664,Aerospace & Defense,Industrials,AVAV
2008Q3,2008,Q3,2008-03-04,2008-01-26,5965000.0,48535000.0,7953000.0,0.28,19833000.0,0.4086329452972082,188823000.0,162945000.0,177688000.0,24951000.0,25878000.0,16970000.0,67202000.0,469306339.90000004,389741339.90000004,8.089851291608346,7.121478097070257,0.0,0.0,0.03247869298955722,8.089851291608346,0.03660744422964804,9.66944143195632,19.66916764040235,2.8801518297585074,0.0,1.6913376546847378,0.0,0.2570396614819169,6.286281110977516,0.0315904312504303,132.1245326295045,0.4086329452972082,0.16666666666666682,-0.8547144586390514,-0.8349265226349069,0.0,0.04786812490093517,0.1551123160340821,0.21382783882783882,-0.8547144586390514,-0.8349265226349069,0.0,Aerospace & Defense,Industrials,AVAV
2008Q2,2008,Q2,2007-12-06,2007-10-27,5164000.0,53701000.0,6552000.0,0.24,18927000.0,0.35245153721532185,177550000.0,155853000.0,167003000.0,20718000.0,21697000.0,12704000.0,61237000.0,501128422.5,486845422.5,7.930604854088076,8.06076841393957,0.0,0.0,0.028212159583725298,7.930604854088076,0.033133786324292765,9.331826641961975,24.26067111250968,3.215391570903351,0.0,2.737248110831234,0.0,0.3024556462968178,7.257505550728835,0.02908476485497043,98.27974553834085,0.35245153721532185,0.3333333333333333,-0.8710890446791207,-0.8128041207421177,0.0,0.12413137732375126,0.3433922996878252,0.3618790272292663,-0.8710890446791207,-0.8128041207421177,0.0,Aerospace & Defense,Industrials,AVAV
2008Q1,2008,Q1,2007-09-06,2007-07-28,3844000.0,49204000.0,4811000.0,0.18,16837000.0,0.3421876270221933,168054000.0,143263000.0,159580000.0,24151000.0,24791000.0,16415000.0,56073000.0,378899105.55,349277105.55,7.580971049880062,6.607593888451824,0.0,0.0,0.022294930913020494,7.580971049880062,0.026831770938762975,7.70057526928705,24.64224151599896,2.644779919099838,0.0,1.9717940907706366,0.0,0.2927868423244909,5.783031758519316,0.022873600152331988,-44.77125198511166,0.3421876270221933,-0.30769230769230776,-0.9002100915870361,-0.8216332196922767,0.0,-0.1180199057097957,-0.30987432675044885,-0.3551802707411875,-0.9002100915870361,-0.8216332196922767,0.0,Aerospace & Defense,Industrials,AVAV
2007Q4,2007,Q4,2007-06-29,2007-04-30,5570000.0,50700000.0,7461000.0,0.26,19090000.0,0.3765285996055227,168177000.0,136423000.0,161068000.0,31213000.0,31754000.0,14015000.0,52810000.0,404411015.4,383491015.4,7.219022451978443,5.1602857783615805,0.0,0.0,0.035249290309993145,7.219022451978443,0.040828892488803205,7.976548627218935,18.151302307001792,2.9643902816973675,0.0,2.255440599357831,0.0,0.3014680961130238,4.595200717649697,0.03311986775837362,379.3724347091932,0.3765285996055227,-0.5438596491228069,-0.8523594927659662,-0.8123924592326337,-0.4140058058309004,-0.02780607048278672,-0.37338283271459105,-0.4335712116610993,-0.8523594927659662,-0.8123924592326337,-0.4140058058309004,Aerospace & Defense,Industrials,AVAV
2007Q3,2007,Q3,2007-01-31,2007-01-31,8889000.0,46275000.0,13172000.0,0.57,19636000.0,0.424332793084819,157196000.0,130446000.0,149360000.0,26367000.0,26750000.0,9994000.0,47240000.0,312853938.55,204646938.55,9.535759830375962,5.664656578298631,0.0,0.0,0.06725975541375079,9.535759830375962,0.06814313968998666,6.760755019989196,8.79890703538081,2.3983406049246434,,2.6654992995797477,,0.2943777195348482,5.196571471915652,0.05654724038779613,0.0,0.424332793084819,1.1111111111111107,-0.6812208617924734,-0.7682638798320603,0.0,0.10500844119302195,0.8163056804250102,0.6768936982813495,-0.6812208617924734,-0.7682638798320603,0.0,Aerospace & Defense,Industrials,AVAV
2007Q2,2007,Q2,2006-10-31,2006-10-31,4894000.0,45189000.0,7855000.0,0.27,17770000.0,0.39323729226139104,,,,,,,,,,,,,,,,,,,,,,,,,,,,,,,,,,,,,,Aerospace & Defense,Industrials,AVAV
2007Q1,2007,Q1,2006-07-31,2006-07-31,1365000.0,31557000.0,2013000.0,0.63,11986000.0,0.3798206420128656,55776000.0,35926000.0,47492000.0,17249000.0,19850000.0,11037000.0,33770000.0,,,,,,,,,,,,,,,,,,,,,,,,,,,,,,,Aerospace & Defense,Industrials,AVAV
