Quarters,Year,Quarter,FillingDate,Date,NetIncome,Revenue,OperatingIncome,EPSDiluted,GrossProfit,GrossProfitRatio,TotalAssets,CommonStockEquity,CurrentAssets,CurrentLiability,TotalLiability,Inventory,RetainedEarnings,MarketCap,EnterpriseValue,bookValuePerShare,currentRatio,debtToAssets,debtToEquity,roic,shareholdersEquityPerShare,roe,priceToSalesRatio,peRatio,pbRatio,payoutRatio,inventoryTurnover,dividendYield,assetTurnover,quickRatio,returnOnAssets,priceToFreeCashFlowsRatio,grossProfitMargin,epsdilutedGrowth,fiveYNetIncomeGrowthPerShare,fiveYRevenueGrowthPerShare,fiveYShareholdersEquityGrowthPerShare,grossProfitGrowth,netIncomeGrowth,operatingIncomeGrowth,threeYNetIncomeGrowthPerShare,threeYRevenueGrowthPerShare,threeYShareholdersEquityGrowthPerShare,Industry,Sector,Symbol
2023Q1,2023,Q1,2023-05-04,2023-03-31,-22846000.0,406151000.0,-21672000.0,-0.42,235065000.0,0.5787625784,4299586000.0,3443339000.0,833110000.0,349497000.0,854315000.0,438957000.0,552382000.0,2905865432.04,3241374432.04,63.38359687244618,2.383740060715829,0.08312637542312214,0.10379721543536666,-0.0042669421009212715,63.38359687244618,-0.0066348390326947185,7.154643056498691,-31.798404885319094,0.8439091916421823,0.0,0.389755716391355,0.0,0.09446281572225791,0.8659530696973079,-0.0053135348380053335,-126.41892595666927,0.5787625784498869,0.5841584158415842,-1.7059575812743626,-0.6504550049472291,-0.27576021189758965,0.014291077138160024,0.5833758844554672,-0.009361464300684644,-5.273314624107572,-0.5829985373027705,-0.12307376082456724,Specialty Industrial Machinery,Industrials,ENOV
2022Q4,2022,Q4,2023-03-01,2022-12-31,-54836000.0,408713000.0,-21471000.0,-1.01,231753000.0,0.5670311441,4273248000.0,3448085000.0,795023000.0,565199000.0,823447000.0,426643000.0,575732000.0,2909905038.96,3196148038.96,63.41839569649844,1.4066249232571182,0.07267024988954537,0.09006100487661992,-0.12166699961075529,63.41839569649844,-0.01590332024877577,7.119678206859092,-13.266399076154352,0.8439191722245827,0.0,0.41477300694022873,0.0,0.09564457761403036,0.516057176321968,-0.012832393532975385,-40.00419355182843,0.5670311441035641,0.17213114754098358,0.7797516265248471,-0.6536512115227515,-0.2703638854458032,0.07380550819186003,0.1685089993783075,-0.5723910655437568,-2.3728960923861067,-0.6036377403502441,-0.1368063879767958,Specialty Industrial Machinery,Industrials,ENOV
2022Q3,2022,Q3,2022-11-02,2022-09-30,-65949000.0,383814000.0,-13655000.0,-1.22,215824000.0,0.5623140375,4444818000.0,3406691000.0,1008211000.0,853916000.0,1036616000.0,416872000.0,614335000.0,2494086476.23,2964231476.23,62.92735070166297,1.1806910750003514,0.11813802049937702,0.15413842934389999,-0.0028705692469069345,62.92735070166297,-0.01935866798603102,6.498164413570115,-9.45460308810596,0.7321140884893875,0.0,0.4029774127310062,0.0,0.08635089220750995,0.6019959808693127,-0.014837277926790253,-1705.9415022093024,0.5623140375285945,-1.5520361990950224,-2.0913307040560944,-0.6550730337436593,-0.2164280006330897,-0.00037979491074819596,-1.5466096426884153,0.4589079093358694,-6.277227741765395,-0.6199906402748694,-0.04251025620719552,Specialty Industrial Machinery,Industrials,ENOV
2022Q2,2022,Q2,2022-08-04,2022-07-01,120651000.0,395117000.0,-25236000.0,2.21,215906000.0,0.5464356127,4503715000.0,3489267000.0,1078039000.0,812801000.0,1012252000.0,400852000.0,680947000.0,3028510744.0,3459780744.0,64.5198146934492,1.3263258780439493,0.11698675426842063,0.1509987627773971,-0.006387755722532968,64.5198146934492,0.034577749424162724,7.6648454609647265,6.275353590107003,0.8679504159469597,0.0,0.4470752297606099,0.0,0.0877313506738326,0.7552598975641024,0.026789217346124255,-62.31888272938659,0.5464356127425547,5.138888888888889,0.7159268622899796,-0.6893406496843766,-0.16231681012079724,-0.49816261496730824,5.2322950565628386,-1.4750931887495764,1.2155756300918172,-0.6354234508526916,-0.05472078904766224,Specialty Industrial Machinery,Industrials,ENOV
2022Q1,2022,Q1,2022-05-10,2022-04-01,19359000.0,1023368000.0,53118000.0,0.36,430231000.0,0.4204069308,8483651000.0,4600036000.0,2347737000.0,1450015000.0,3839606000.0,852814000.0,604092000.0,3763622657.709202,5352920657.709202,85.38824254310778,1.6191122160805234,0.2653105367017102,0.4893009532968872,0.0038466009742409877,85.38824254310778,0.004208445325210498,3.6776825713811667,48.6030096816623,0.8181724355438093,0.0,0.6955057022985083,0.0,0.12062825309527703,0.9093423171484433,0.0022819184806164234,-97.72597262435609,0.42040693084012787,1.0,-0.6174673394532848,-0.07757087579919457,0.16374746752078856,0.027476201621107837,0.6771203326691502,-0.041277863008753725,1.3078782159652653,-0.1597552644941643,0.06383193333889976,Specialty Industrial Machinery,Industrials,ENOV
2021Q4,2021,Q4,2022-02-22,2021-12-31,11543000.0,1023273000.0,55405000.0,0.18,418726000.0,0.4092026273,8515345000.0,4617378000.0,2303279000.0,1023584000.0,3853912000.0,776295000.0,589024000.0,5029529672.822293,6584881672.822293,72.63842618741165,2.250210046268797,0.26713210093073153,0.49264366053634767,0.0022686962411222656,72.63842618741165,0.002499903624957714,4.9151396282539395,108.93029699433191,1.089260977295403,0.0,0.7787593633863416,0.0,0.1201681200233226,1.3267792384406165,0.0013555528284526347,76.70005906033326,0.40920262725587403,-0.625,-0.8047431368982438,-0.2998065749857464,0.018412840579116088,0.03422077649424138,-0.5534277313525224,-0.13416158774808565,-0.8447958254068907,-0.3590911555155994,-0.12859476061429992,Specialty Industrial Machinery,Industrials,ENOV
2021Q3,2021,Q3,2021-11-04,2021-10-01,25848000.0,965891000.0,63990000.0,0.48,404871000.0,0.4191684154837347,7972311000.0,4586541000.0,1725687000.0,975471000.0,3341787000.0,780984000.0,590931000.0,4298163983.925318,5909827983.925318,86.48780147277425,1.7690807825142931,0.22441999565746995,0.39008612372591894,0.005450978403017907,86.48780147277425,0.005635619522424415,4.449947234134409,41.571533425461524,0.9371253813986002,0.0,0.7183501838706042,0.0,0.12115571005697093,0.8003272265397946,0.003242221734701519,63.044193553915804,0.4191684154837347,-0.11111275719859774,-0.2864724888095062,-0.15176789108425023,0.19117447834209433,-0.033683863822962214,-0.09754905383702256,-0.1573721705007835,-0.38919286383753254,-0.18361466026490209,0.04035107848203219,Specialty Industrial Machinery,Industrials,ENOV
2021Q2,2021,Q2,2021-07-28,2021-07-02,28642000.0,985928000.0,75941000.0,0.540001,418984000.0,0.4249640947411981,7559496000.0,4307854000.0,1478972000.0,899419000.0,3207536000.0,663540000.0,565083000.0,4147495799.1720634,5849960799.172064,83.98696761950914,1.644363750376632,0.2334512777042279,0.4096643015292533,0.009655178018664471,83.98696761950914,0.006648786147348541,4.206692374262688,36.201171349522234,0.9627753863459771,0.0,0.8544232450191398,0.0,0.13042245144385287,0.7362375044334176,0.0037888769304197,71.18209245824431,0.4249640947411981,0.3846179487179486,-0.424894663541873,-0.17786115276925316,0.1597367276233455,0.1291025851777394,0.5016252490300933,0.23870031154680543,-0.4061842102306564,-0.15044387755786084,0.03570094676395824,Specialty Industrial Machinery,Industrials,ENOV
2021Q1,2021,Q1,2021-04-29,2021-04-02,19074000.0,879211000.0,61307000.0,0.39,371077000.0,0.4220568214000962,8066614000.0,4246594000.0,2077965000.0,1558411000.0,3775545000.0,606208000.0,536441000.0,3552954722.480472,5173787722.480473,91.25706015092142,1.3333870204971603,0.2955993679628156,0.5615055265466866,0.007007002002798514,91.25706015092142,0.004491599620778441,4.041071736455153,46.568034005458635,0.8366598555172621,0.0,0.8382172455658784,0.0,0.10899381078603736,0.8453726263482483,0.0023645608925876456,59.36928268828594,0.4220568214000962,-0.4583333333333333,-0.25638849674995307,-0.11595944825658179,0.22933410989608927,0.046215656145593975,-0.42568950981572923,0.04898706454041476,-0.31192014186730177,-0.11664085993256401,0.04273025148062321,Specialty Industrial Machinery,Industrials,ENOV
2020Q4,2020,Q4,2021-02-18,2020-12-31,33212000.0,828122000.0,58444000.0,0.72,354685000.0,0.4283004195,7351549000.0,3543387000.0,1361829000.0,811658000.0,3763675000.0,564822000.0,517367000.0,3036014581.2030725,5349114581.203073,76.81684848498513,1.677835985107028,0.3278449208459333,0.6801876283905766,0.012053231071776594,76.81684848498513,0.00937295305310992,3.666144096163455,22.85329535411201,0.8568114578517877,0.0,0.8382056647935102,0.0,0.11264591992789547,0.7565674212537793,0.004517687360854155,31.75747469877691,0.4283004195034065,1.4,-0.3333333420571617,-0.30785744752005856,0.023977104033040837,0.030701499476926655,1.4773981799194391,-0.05630459705155738,1.157232594697615,-0.17283880203259175,-0.11621310748518951,Specialty Industrial Machinery,Industrials,ENOV
2020Q3,2020,Q3,2020-10-29,2020-10-02,13406000.0,805931000.0,61931000.0,0.3,344120000.0,0.4269844440777188,7154234000.0,3412446000.0,1287512000.0,784533000.0,3696765000.0,536052000.0,484155000.0,2453255378.6569295,4776091378.656929,74.81641897892706,1.6411189841600036,0.3339643349658398,0.7001602369678523,0.004801034605436683,74.81641897892706,0.003928560334727641,3.044001755307749,45.74920518157783,0.7189140512866518,0.0,0.8615041078104363,0.0,0.11265091413001029,0.7198932358485877,0.0018738553980761602,50.31080305682559,0.4269844440777188,2.6666666666666665,-0.34684328397722697,-0.2561647536933615,-0.016343065643048906,0.4273744638842571,2.58201557705924,13.585043690306849,-0.7366873042684311,-0.14033623279043328,-0.06838520371331815,Specialty Industrial Machinery,Industrials,ENOV
2020Q2,2020,Q2,2020-08-06,2020-07-03,-8474000.0,620360000.0,-4921000.0,-0.18,241086000.0,0.38862273518602103,7122525000.0,3351915000.0,1228404000.0,758731000.0,3726949000.0,556708000.0,470749000.0,2200811545.351435,4552957545.351435,73.53039085706253,1.6190243973160447,0.3395624444982643,0.7215403731896542,-7.837131050755834e-05,73.53039085706253,-0.0025281070671541494,3.5476361231404914,-64.92835571605603,0.6565833397778391,0.0,0.6812799528657753,0.0,0.08709832538320329,0.6801725512731126,-0.0011897466137359995,124.53664244858733,0.38862273518602103,-3.0000000000000004,-1.1449183728218926,-0.4503182163476425,-0.054112531454482984,-0.3076498934563228,-2.891095737558581,-1.1050665072485428,-1.1429786776299218,-0.42134798403174556,-0.04532936650757994,Specialty Industrial Machinery,Industrials,ENOV
2020Q1,2020,Q1,2020-05-07,2020-04-03,4481000.0,816356000.0,46837000.0,0.09,348214000.0,0.42654675166226497,7455572000.0,3291140000.0,1581610000.0,819099000.0,4117808000.0,561675000.0,479223000.0,1276666590.0512197,3624966590.05122,72.27927964847454,1.9309143339205639,0.36401016581960444,0.8246091020132842,0.003049736958755178,72.27927964847454,0.001361534301184392,1.5638601174625038,71.22665644115263,0.38791014361322207,0.0,0.8334748742600259,0.0,0.10949609231860413,1.0560457282941378,0.0006010269902832406,50.83080864991319,0.42654675166226497,-0.8767123287671234,-0.9218934756110563,-0.18696169826517453,-0.01883620110371166,-0.12032295632359294,-0.8697800122053995,-0.49025945757694483,-0.8952410445756136,-0.1294146049856132,-0.014913222945486698,Specialty Industrial Machinery,Industrials,ENOV
2019Q4,2019,Q4,2020-02-24,2019-12-31,34411000.0,888373000.0,91884000.0,0.73,395843000.0,0.4455819796,7386832000.0,3441430000.0,1404245000.0,857314000.0,3897204000.0,571558000.0,479560000.0,2933043262.6496105,5311657262.6496105,73.46949144799005,1.6379587875620834,0.3368488683646792,0.7230267650366272,0.008746705739417292,73.46949144799005,0.009999041096288462,3.301589830678792,21.30890749069782,0.8522745668659861,0.0,0.8617323176300568,0.0,0.12026441104928337,0.7832567763969794,0.004658424612878701,72.9975924004383,0.4455819796414344,2.0416666666666665,-0.6232698811114947,-0.35394464161892364,-0.040563842785720144,0.07524542160362034,2.2853733053274774,0.3540030356169228,-0.21008201397478332,-0.1750664612041139,0.030064628443415203,Specialty Industrial Machinery,Industrials,ENOV
2019Q3,2019,Q3,2019-10-31,2019-09-27,10474000.0,846519000.0,67861000.0,0.24,368142000.0,0.4348892346184787,9591272000.0,2982008000.0,3499132000.0,1505677000.0,6458334000.0,584351000.0,496423000.0,2235100131.016568,6300053131.016568,65.72117467534994,2.323959255537542,0.4370659074208301,1.4057702058478716,0.014432533322233466,65.72117467534994,0.0035123983570801956,2.6403425451957583,53.348771506028456,0.7495285495600845,0.0,0.8186466695530598,0.0,0.08825930491805467,0.46703509451230246,0.0010920345080402266,118.32187035556211,0.4348892346184787,1.0231883833928663,-0.8701555699154871,-0.3386117561086711,-0.1844355226532495,-0.021049944423466593,1.0223214856553446,0.6338662300765637,-0.6620726964535134,-0.13113913818732734,-0.09483898738502082,Specialty Industrial Machinery,Industrials,ENOV
2019Q2,2019,Q2,2019-08-06,2019-06-28,-469234000.0,908647000.0,41534000.0,-10.35001,376058000.0,0.41386589071443586,9899253000.0,3094798000.0,3636593000.0,1598555000.0,6642904000.0,594800000.0,485949000.0,2187490966.7980146,6327243966.798015,68.25476953888324,2.2749251667912582,0.431515186044846,1.380276838746826,0.0014607838512808982,68.25476953888324,-0.1516202349878732,2.407415604517502,-1.1654584742356768,0.7068283509288861,0.0,0.8954085406859449,0.0,0.09178945118384185,0.46804019880454534,-0.047400950354536855,50.73030999067752,0.41386589071443586,-7.846154832346295,-3.2255470760373055,-0.31084600792516803,-0.1754492652316406,0.049591113343939265,-8.019741268285182,0.6774636510500808,-11.658186167696766,-0.14287346935963732,-0.05750183256619069,Specialty Industrial Machinery,Industrials,ENOV
2019Q1,2019,Q1,2019-05-08,2019-03-29,-52023000.0,1007668000.0,24760000.0,-1.170001,358290000.0,0.3555635387845997,10502407000.0,3577500000.0,2408657000.0,1571628000.0,6760691000.0,739535000.0,955183000.0,2276891596.1446857,6405434596.144686,80.2647860692729,1.5325872280208803,0.416186594177887,1.2217920335429768,0.002813569033575266,80.2647860692729,-0.014541719077568134,2.259565249809149,-10.941754590011561,0.6364476858545592,0.0,0.8780896103632688,0.0,0.09594638638552096,0.8879162244500607,-0.0049534359123579955,-23.55957530881054,0.3555635387845997,-2.000000854700855,-1.935404994712681,-0.19592265156030403,-0.04914172561072373,0.17914406824285187,-2.133546868871748,-0.7114925251395346,-3.1174803661248314,0.057830827319983395,0.08125595077558871,Specialty Industrial Machinery,Industrials,ENOV
2018Q4,2018,Q4,2019-02-21,2018-12-31,45894000.0,985226000.0,85821000.0,1.17,303856000.0,0.3084124861,6603872000.0,3269760000.0,1958441000.0,1199345000.0,3126926000.0,496535000.0,991838000.0,1411041448.8825693,2364764448.8825693,83.3578028961799,1.632925471820035,0.18152108338865441,0.3666146750831865,0.025702886929809942,83.3578028961799,0.014035892542571931,1.4322007832543693,7.686415701848658,0.4315428193147415,0.0,1.3722496903541543,0.0,0.1491891423698097,1.0292593040367868,0.00694955928885357,14.673891939294606,0.30841248606918614,0.4999980769255422,0.08382090025247425,-0.26257378603751735,0.14037988880375168,0.12153368594724079,0.4657936761418077,0.4260717846460618,0.08333332185343754,-0.03165619937902368,0.11116875127819618,Specialty Industrial Machinery,Industrials,ENOV
2018Q3,2018,Q3,2018-10-25,2018-09-28,31310000.0,875373000.0,60180000.0,0.780001,270929000.0,0.3095012069140812,6446229000.0,3261862000.0,1951272000.0,1068880000.0,2967907000.0,484242000.0,945944000.0,2435231414.972494,3291340414.972494,83.13328381316036,1.8255295262330664,0.177159235267627,0.3501095386622733,0.010296961132091586,83.13328381316036,0.009598811966907246,2.7819357176569235,19.44451784551656,0.7465770823451434,0.0,1.2482271261063682,0.0,0.13579613755577097,1.1598879200658634,0.004857103276970148,47.09674541111443,0.3095012069140812,-0.16129014915037718,-0.5110349485285599,-0.2525137758510119,0.2060619110647098,-0.05742187771801527,-0.18584392958369086,-0.0840740289784488,0.7732888042766418,-0.06081691519200454,0.09300381139215536,Specialty Industrial Machinery,Industrials,ENOV
2018Q2,2018,Q2,2018-08-06,2018-06-29,38457000.0,925288000.0,65704000.0,0.930001,287434000.0,0.31064274042244144,6462703000.0,3316274000.0,1947480000.0,1074521000.0,2925263000.0,490159000.0,914634000.0,2157382862.564924,2973277862.564924,81.0919096694137,1.8124168815686246,0.16612166766753786,0.3237353125827359,0.016669223958812245,81.0919096694137,0.011596448303125737,2.331579856828278,14.02464351460673,0.6505442139476183,0.0,1.3013205918895705,0.0,0.14317352971349603,1.1576981743493147,0.005950606116357196,95.42563971005501,0.31064274042244144,0.549999083334861,-0.47273774670995244,-0.310348690737637,0.2266994716938357,0.06213140196585618,0.5674342775626656,0.05681013961268738,-0.26689929691630226,-0.08610198984662495,0.043158077397274175,Specialty Industrial Machinery,Industrials,ENOV
2018Q1,2018,Q1,2018-05-03,2018-03-30,24535000.0,880925000.0,62172000.0,0.600001,270620000.0,0.3071998183727332,6879214000.0,3604557000.0,2163227000.0,1095478000.0,3037970000.0,499493000.0,876177000.0,2261371673.320739,3121231673.320739,87.51741883516,1.9746877618719865,0.16400216652658284,0.31299435686549,0.011059788192417314,87.51741883516,0.006806661678536364,2.5670422264332817,23.04230357979151,0.6273646590470725,0.0,1.221848954840208,0.0,0.12805605407827114,1.2746061536607765,0.00356654117752406,-164.41556444094363,0.3071998183727332,1.1345293721973093,-0.32294177869687557,-0.29071168736234715,0.5098412804889493,0.010971933219517116,1.1330408801791592,1.8311475409836067,-0.527204237530852,-0.030058602323546582,0.18801575709554588,Specialty Industrial Machinery,Industrials,ENOV
2017Q4,2017,Q4,2018-02-16,2017-12-31,-184417000.0,874083000.0,21960000.0,-4.46,267683000.0,0.3062443727,6709697000.0,3500415000.0,2069832000.0,1097380000.0,2982433000.0,429627000.0,846490000.0,2746306125.5406647,3545358125.5406647,86.91784086817947,1.8861579398202992,0.1581399279281911,0.30312720063192505,0.004722694840361851,86.91784086817947,-0.052684324572943496,3.1419283129184126,-3.7229568390396013,0.7845658659160885,0.0,1.411456914951807,0.0,0.13027160540930538,1.2592046510780222,-0.027485145752483307,49.07272756666187,0.3062443726739909,-5.018014398185226,-9.100912464394971,-0.26242446412788095,0.5868790434238443,0.014338819017881841,-5.021040926236836,-0.706283604847123,-3.3483093198167517,-0.26065293072743756,0.13505779871857004,Specialty Industrial Machinery,Industrials,ENOV
2017Q3,2017,Q3,2017-11-06,2017-09-29,45863000.0,844509000.0,74766000.0,1.110001,263899000.0,0.3124880847924652,6838316000.0,3299624000.0,2314869000.0,1288630000.0,3324518000.0,414556000.0,833200000.0,2944682684.4064794,4024756684.4064794,80.30831978746731,1.79637987630274,0.19602603915934858,0.40625477327113635,0.012603769868398774,80.30831978746731,0.013899462484210322,3.4868576704410246,16.05151584287159,0.8924297690908053,0.0,1.4005586699987456,0.0,0.12349663279672948,0.9449019501330871,0.006706768157540541,480.2157019580038,0.3124880847924652,-0.13953477555443752,3.1139970833526576,-0.2782079072714224,0.37574717502900823,-0.12237859912603342,-0.1410458103906806,-0.18735258632870666,-0.37212558392337836,-0.27134220377513846,-0.0034168869074199543,Specialty Industrial Machinery,Industrials,ENOV
2017Q2,2017,Q2,2017-07-28,2017-06-30,53394000.0,965832000.0,92003000.0,1.290001,300698000.0,0.311335718841372,6730279000.0,3163113000.0,1958417000.0,1146755000.0,3357872000.0,454601000.0,787336000.0,2782855642.892796,3838992642.892796,77.02173742170142,1.7077902429027996,0.19737101537692567,0.41995401365679946,0.01433028691936784,77.02173742170142,0.01688020630309445,2.8813040393078673,13.029814412166143,0.8797838214735915,0.0,1.4631160072239173,0.0,0.14350549212001465,1.0907569620363549,0.007933400680714723,46.99737630069066,0.311335718841372,0.3870963579609054,2.651306642638756,-0.2189135663108669,0.4205593955963106,0.07635475915193993,0.38534585646826836,0.38933268902613977,-0.7203996721774814,-0.19123830006574863,-0.06954003927857011,Specialty Industrial Machinery,Industrials,ENOV
2017Q1,2017,Q1,2017-05-05,2017-03-31,38542000.0,844926000.0,66221000.0,0.930001,279367000.0,0.3306407898443177,6429745000.0,3010387000.0,1780577000.0,1081854000.0,3218313000.0,427327000.0,733942000.0,2772408148.4671555,3815335148.4671555,73.3735152395358,1.6458570195238913,0.19452824334402063,0.4154837899579024,0.01128617345179942,73.3735152395358,0.012803005062139852,3.281243740241341,17.98303246112783,0.9209474225297795,0.0,1.323480613207216,0.0,0.1314089439005746,1.0252464750326753,0.005994327924357809,96.61305228837314,0.3306407898443177,1.0752688171158423e-06,1.2429432375524727,-0.36549967881287426,0.018517524957674152,-0.032052747922859975,0.020385470719051148,-0.27085443734860165,-0.24714710486277816,-0.2675624161896382,-0.13077929309713926,Specialty Industrial Machinery,Industrials,ENOV
2016Q4,2016,Q4,2017-02-14,2016-12-31,37772000.0,933751000.0,90820000.0,0.93,288618000.0,0.3090952513,6385459000.0,2896871000.0,1785597000.0,1106674000.0,3292115000.0,403857000.0,685411000.0,2511699513.064494,3582113513.064494,71.32512797669177,1.613480573321502,0.20235726202298066,0.44604816714310025,0.015325683392114434,71.32512797669177,0.013038896105487611,2.6899028895974344,16.624083402153012,0.8670387853185365,0.0,1.5974292880895962,0.0,0.1462308347763254,1.0259064548367451,0.005915314780033824,20.331062919414716,0.30909525130361304,0.3478241335882123,1.853645138480349,0.9085992200676656,4.561978888038333,0.04796900587131046,0.35044690740078654,0.7977038796516231,-0.13850132815673025,-0.3250108244395753,-0.02423362078919855,Specialty Industrial Machinery,Industrials,ENOV
2016Q3,2016,Q3,2016-10-27,2016-09-30,27970000.0,879204000.0,50520000.0,0.690001,275407000.0,0.3132458451053453,6542392000.0,2972940000.0,1803241000.0,1074847000.0,3373733000.0,423905000.0,647639000.0,2215006042.651885,3408486042.651885,72.60716464740756,1.677672264052465,0.21171767145716736,0.46591589470355943,0.008535931345792898,72.60716464740756,0.009408195254529187,2.5193311707543242,19.79805186496143,0.7450557504194114,0.0,1.4243686675080502,0.0,0.13438571091429558,1.0363400558405056,0.004275194760570752,75.68012992523866,0.3132458451053453,-0.2812497070315552,1.8462571476633791,0.9386452377131514,3.5472597001434707,-0.08534564354627124,-0.29642300145897266,-0.3085324792641866,-0.5814270114483809,-0.28057805330051633,0.05335350337478048,Specialty Industrial Machinery,Industrials,ENOV
2016Q2,2016,Q2,2016-07-28,2016-07-01,39754000.0,957249000.0,73062000.0,0.960001,301105000.0,0.3145524309766842,6576160000.0,2965012000.0,1787060000.0,1087904000.0,3418123000.0,432246000.0,619669000.0,1871655451.4291563,3092445451.4291563,72.41899443128275,1.642663323234403,0.21372077321719665,0.4740156194983359,0.01142076080985057,72.41899443128275,0.013407702903057392,1.9552440915886633,11.770233507503372,0.6312471758728653,0.0,1.517987442336077,0.0,0.14556352035230286,1.0028531929287878,0.006045169217293983,60.79171922272172,0.3145524309766842,0.7777763374512271,0.35866629974461983,0.8201792281144111,3.1403251051367445,0.07337775068533194,0.7578598275480876,0.507489786654562,-0.455583818294495,-0.28734970484902067,0.0955019134659834,Specialty Industrial Machinery,Industrials,ENOV
2016Q1,2016,Q1,2016-05-03,2016-04-01,22615000.0,876843000.0,48466000.0,0.540001,280521000.0,0.3199215823129112,6723748000.0,3045592000.0,1784746000.0,1097661000.0,3484548000.0,453582000.0,579915000.0,2079621735.626271,3329662735.6262712,74.23291960770129,1.62595373252762,0.21507096934626344,0.4748117935691977,0.007187788448237954,74.23291960770129,0.007425485751210274,2.3717150454827958,22.989406761289754,0.6828300493389368,0.0,1.3146950275804596,0.0,0.13040985474173036,0.9818450323005008,0.003363451455943917,16374.974296269851,0.3199215823129112,-0.4999990740740741,0.2249220707069975,0.963442755885883,3.547548203267536,-0.1586683661992952,-0.4883136864493065,-0.5181443995943609,-0.3735033376626271,-0.2912584013529168,0.2806585007497615,Specialty Industrial Machinery,Industrials,ENOV
2015Q4,2015,Q4,2016-02-16,2015-12-31,44197000.0,1061464000.0,100582000.0,1.08,333425000.0,0.3141180483,6732919000.0,3069975000.0,1759765000.0,1116344000.0,3476363000.0,420386000.0,557300000.0,1644672200.428426,2864750200.428426,75.01813095471954,1.5763644539675943,0.2105397376680159,0.4617454539532081,0.01996906098228086,75.01813095471954,0.014396534173731056,1.5494375696476057,9.303076003056917,0.5357282063953048,0.0,1.7318345520545404,0.0,0.15765286943151996,0.972491454247078,0.006564314823927037,14.360563015083134,0.31411804828048806,1.4000000000000001,0.81872832121344,1.267192996021421,4.050413444074424,0.12691551133252668,1.4073751293643444,1.2079244868839865,0.910591254294113,-0.11854304917755241,0.36962329827560375,Specialty Industrial Machinery,Industrials,ENOV
2015Q3,2015,Q3,2015-10-22,2015-09-25,18359000.0,969144000.0,45555000.0,0.45,295874000.0,0.30529415649274,7039896000.0,3103054000.0,1999092000.0,1205426000.0,3735865000.0,449891000.0,513103000.0,2136790252.857164,3464327252.857164,76.05946378839592,1.6584112172792025,0.22000097728716447,0.4991160321412389,0.006645164266255327,76.05946378839592,0.00591642942726746,2.2048222481459554,29.097312664866877,0.6886087876192821,0.0,1.4965180454821279,0.0,0.13766453368061118,1.0052039693850972,0.0026078510250719614,30.15594926271083,0.30529415649274,-0.64285742630363,0.15088810981802186,1.6848767026043068,4.034972237956788,-0.09804686666443115,-0.6544318331545166,-0.5282891875660115,0.6585110979883595,-0.16581190168376111,0.30296079805963555,Specialty Industrial Machinery,Industrials,ENOV
2015Q2,2015,Q2,2015-07-23,2015-06-26,53127000.0,1025375000.0,96574000.0,1.260001,328037000.0,0.31991905400463244,7010017000.0,3219614000.0,2005226000.0,1203341000.0,3581377000.0,447305000.0,494744000.0,3316907227.3840923,4488367227.384092,77.73693309430304,1.6663821809445536,0.197384685372375,0.4297626982613444,0.014991744671495041,77.73693309430304,0.016501046398729787,3.23482357906531,15.608387577804562,1.0302189105228428,0.0,1.5589765372620472,0.0,0.14627282644250364,1.02799289644415,0.007578726271277231,53.70466026657317,0.31991905400463244,0.0,8.095324827894979,1.9093616909541815,5.085755528102614,0.11411230887317533,0.02057399723374827,0.24687229674770506,2.6024348412154716,-0.17774746600385594,0.43375019038248225,Specialty Industrial Machinery,Industrials,ENOV
2015Q1,2015,Q1,2015-04-23,2015-03-27,52056000.0,911070000.0,77453000.0,1.260001,294438000.0,0.3231782409694096,6945232000.0,3043603000.0,2022602000.0,1255020000.0,3696616000.0,455701000.0,441617000.0,3390594227.3304076,4622171227.330408,73.66688388807408,1.6116093767430002,0.20711979095874694,0.47262898610626947,0.014867395346875773,73.66688388807408,0.017103413290103866,3.7215518317257814,16.283397818361035,1.1140067306184176,0.0,1.3531504209997345,0.0,0.1311792032289202,0.9735486287071122,0.007495213982772642,-256.6493246030132,0.3231782409694096,-0.3437494791666667,28.812024472403234,1.6494178491474547,4.495347783042209,-0.2485893728929914,-0.3503880999326129,-0.2784397387764228,1.3258431993040805,-0.32058955700021685,0.02258985417393038,Specialty Industrial Machinery,Industrials,ENOV
2014Q4,2014,Q4,2015-02-17,2014-12-31,80134000.0,1206356000.0,107341000.0,1.92,391847000.0,0.3248187102,7245098000.0,3146826000.0,2099463000.0,1285535000.0,3892654000.0,442732000.0,389561000.0,3647562787.0234365,4881358787.023437,76.57569593927803,1.6331433994406999,0.2124531648847262,0.48914175744067195,0.02027629066341436,76.57569593927803,0.02546502412271921,3.0236205456958283,11.3795729247992,1.159124396145016,0.0,1.8397337441160793,0.0,0.16650651240328287,1.0381654330687224,0.011060443902898207,22.523744694265492,0.32481871023147396,0.0847445370118225,4.48979058118167,2.2307939587995405,4.551308538295753,0.04997923337665296,0.09190750657455476,-0.09650186017541201,2.7899010850475134,1.4370473649485411,4.9714215204814,Specialty Industrial Machinery,Industrials,ENOV
2014Q3,2014,Q3,2014-10-23,2014-09-26,73389000.0,1164453000.0,118806000.0,1.770002,373195000.0,0.32048953457116774,7529315000.0,3326536000.0,2218072000.0,1368785000.0,3992220000.0,522361000.0,309427000.0,4223260595.526414,5618500595.526414,80.58366505755438,1.620467787125078,0.22337490196651355,0.5055889970828513,0.018567437569077482,80.58366505755438,0.02206168819456636,3.6268192838409226,14.386558597086802,1.2695670798471483,0.0,1.5147723509220634,0.0,0.15465590163248583,1.012660132891579,0.009747101827988337,29.081210245804137,0.32048953457116774,-0.6143790693038461,3.7766575298338427,2.1691177726746695,4.918683211587694,-0.03858093469115416,-0.6173371222984071,0.2418572563448593,6.4075414901029415,1.5467839616835468,4.046813966439057,Specialty Industrial Machinery,Industrials,ENOV
2014Q2,2014,Q2,2014-07-25,2014-06-27,191785000.0,1199336000.0,95668000.0,4.590005,388171000.0,0.32365492239038934,7927833000.0,3414105000.0,2410752000.0,1417281000.0,4278427000.0,569197000.0,236038000.0,5277250095.180077,6815271095.180077,82.77813197032444,1.700969673621533,0.23612883873815202,0.5483106114193911,0.04375261071368086,82.77813197032444,0.05617431215501573,4.400143158531118,6.879122578903559,1.545719916399782,0.0,1.4251041379346694,0.0,0.1512816932445474,1.0491102329037079,0.02419135216395199,68.6453698138595,0.32365492239038934,5.954542493117435,14.500000150662377,2.2758920137351204,5.5674660138700025,0.1920542207154088,3.098845907245138,0.09038273040187832,5.506678074066099,1.2638248125651894,3.7325757647500395,Specialty Industrial Machinery,Industrials,ENOV
2014Q1,2014,Q1,2014-04-24,2014-03-28,46790000.0,1054331000.0,87738000.0,0.660001,325632000.0,0.30885177425305715,6771224000.0,3165346000.0,2342041000.0,1313240000.0,3374501000.0,472826000.0,44253000.0,4424932022.031291,5091913022.031291,84.41298585830356,1.7834066888002194,0.1697130385880012,0.3630456196573771,0.014786532538120364,84.41298585830356,0.014781954326636013,4.19690972003222,23.642509200851098,1.3979299646962104,0.0823466552682197,1.54115678917826,0.0008707478399252917,0.1557075943728933,1.1773963631933233,0.0069101243733776935,-55.57005101259973,0.30885177425305715,-0.29032150537634416,1.6195492041169481,1.9707682635720811,6.212081358403501,-0.08883796284637403,0.2603027527878037,-0.2664966768381892,1.7728614337276818,1.5830727340902846,4.171184485279918,Specialty Industrial Machinery,Industrials,ENOV
2013Q4,2013,Q4,2014-02-12,2013-12-31,37126000.0,1171378000.0,119615000.0,0.93,357381000.0,0.3050945126,6582853000.0,2513889000.0,2138346000.0,1375090000.0,3841738000.0,445752000.0,19376000.0,3770027382.908476,4945817382.908476,73.09652135624866,1.5550589415965501,0.22590372289947838,0.5915499849038681,0.017640395832035662,73.09652135624866,0.01476835293841534,3.218455001637794,25.386705966899722,1.499679334651799,0.13699294295103162,1.8261208025987545,0.0013490618193007092,0.17794381858443445,0.976076474994364,0.005639803896577973,24.360948990407387,0.3050945126167642,-0.3541671151617256,0.4981183427636316,2.07946145547639,5.307141518340779,0.11579049248502937,-0.3307616043262731,0.1635926769003288,0.8179101300870893,1.9771416325326554,3.921045745534486,Specialty Industrial Machinery,Industrials,ENOV
2013Q3,2013,Q3,2013-10-24,2013-09-27,55475000.0,1014570000.0,102798000.0,1.440001,320294000.0,0.31569433356003035,6333888000.0,2343085000.0,2366930000.0,1320995000.0,3763858000.0,453201000.0,-12608000.0,3291594330.3614225,4173471330.3614225,68.92953259735266,1.7917781672148645,0.24015770408317924,0.6492005198274924,0.020428813791588334,68.92953259735266,0.0236760510182089,3.244324522074793,14.833683327451205,1.404812172994758,0.09269040108156827,1.5319383673028082,0.0015621609116805717,0.16018123465397557,1.2217911498529517,0.008758443471056008,38.32292475767452,0.31569433356003035,-0.07692361932869318,0.7536405385293745,1.8529339997518546,3.2551832471139828,-0.051885312383444536,-0.049955473352514046,-0.07929996775695912,3.173829998634593,2.3734277668486254,3.562986191548163,Specialty Industrial Machinery,Industrials,ENOV
2013Q2,2013,Q2,2013-07-25,2013-06-28,58392000.0,1074118000.0,111652000.0,1.560002,337822000.0,0.3145110686162973,6094400000.0,2164297000.0,2286941000.0,1248976000.0,3690334000.0,467272000.0,-62997000.0,2936448905.884977,3854453905.884977,66.10576717493926,1.8310527984524922,0.24710258598057233,0.6958111571563422,0.021841118009559853,66.10576717493926,0.02697966129417543,2.733823384288297,12.572137047390811,1.3567679971302353,0.08806000822030415,1.5757331918026332,0.0017510946605251152,0.1762467182987661,1.2183124415521196,0.009581254922551852,36.06190629617548,0.3145110686162973,1.4761897203337773,1.6537088595213152,1.3389012959232185,2.2723475043748014,0.16199845214549832,1.1129726795730053,0.5437112005198612,11.646057980631628,2.855368393374541,4.175191791221228,Specialty Industrial Machinery,Industrials,ENOV
2013Q1,2013,Q1,2013-04-25,2013-03-29,27635000.0,947143000.0,72327000.0,0.630001,290725000.0,0.3069494257994833,5846321000.0,1820623000.0,1986542000.0,1267451000.0,3782001000.0,504718000.0,-116303000.0,2515979314.700298,3811070314.700298,57.96464831509854,1.5673521106535875,0.26168867566457604,0.8403255369178573,0.014207552707077355,57.96464831509854,0.015178870090073562,2.6563880160654705,22.760804366747763,1.3819331705137736,0.18187081599421023,1.3005638792355334,0.0019976316858545773,0.1620066705198021,0.9163699425066532,0.00472690432153828,-80.15480947785204,0.3069494257994833,0.6153871794871795,-0.05579833071167509,0.6837952148398427,5.589114710604033,-0.0547680202880645,0.4002330766112687,-0.013395353912889277,20.421383423912957,2.623040173994554,3.3240040137596454,Specialty Industrial Machinery,Industrials,ENOV
2012Q4,2012,Q4,2013-02-19,2012-12-31,19736000.0,1027397000.0,73309000.0,0.39,307570000.0,0.2993682092,6129727000.0,1912352000.0,2130782000.0,1175458000.0,3973441000.0,493649000.0,-138856000.0,2424767689.9303904,3670629689.9303904,54.7728204165113,1.8127249123320441,0.28195562379858025,0.9037619643245595,0.01747812087745771,54.7728204165113,0.010320275765131106,2.3601078160928934,30.715034580593716,1.2679505080290605,0.2569922983380624,1.458175748355613,0.0020917467768409624,0.16760893266535362,1.1534491236607347,0.0032197192468767367,17.54205207363586,0.29936820917327966,2.2500000000000004,-0.7457571011137227,0.6960063392423191,6.532077931240047,0.06799959720404046,1.1702221244776776,0.41890217938295976,0.591391888542518,2.2385537869521874,2.970722327954149,Specialty Industrial Machinery,Industrials,ENOV
2012Q3,2012,Q3,2012-10-31,2012-09-28,9094000.0,954440000.0,51666000.0,0.12,287987000.0,0.3017340010896442,6055724000.0,1956511000.0,2233516000.0,1220614000.0,3876027000.0,519358000.0,-153520000.0,2115412964.0439718,3291172964.043972,58.374330142290844,1.8298299052771803,0.2795872136841111,0.86536850546713,0.007302146807493726,58.374330142290844,0.004648069957183987,2.216391773232442,58.154084122607536,1.0812170051913697,0.5638882779854849,1.2832246735392543,0.0024241129685605004,0.15760956080561137,1.1471357857602813,0.0015017196952833386,135.34311990044606,0.3017340010896442,-0.42857142857142855,-0.8779717968255123,0.6412704704559253,0.0,-0.12170433647561857,-0.2645964742034611,-0.1432693264351806,-0.27099096169064263,2.1992624960530263,3.2874590967548105,Specialty Industrial Machinery,Industrials,ENOV
2012Q2,2012,Q2,2012-08-07,2012-06-29,12366000.0,1045653000.0,60306000.0,0.21,327893000.0,0.3135772574649525,6004868000.0,1882957000.0,2295883000.0,1236905000.0,3900923000.0,530352000.0,-157542000.0,1647961729.930681,2799706729.930681,54.21930097429673,1.8561514425117531,0.2815550649906043,0.8978967655660751,0.009096418852710488,54.21930097429673,0.006567330002756303,1.5760120517329181,33.31638625931346,0.8751988122568285,0.4192139737991266,1.353365312094609,0.0031457041179093746,0.1741342191035673,1.167200391299251,0.0020593291975776985,29.944973560058166,0.3135772574649525,1.0526315261839336,-0.83985683610884,0.7353736835528266,0.0,0.2838611411298532,1.1171044906153527,3.4991090298785794,0.18691897107888478,2.391962629943593,3.3016604502761266,Specialty Industrial Machinery,Industrials,ENOV
2012Q1,2012,Q1,2012-05-08,2012-03-30,-105598000.0,886366000.0,-24131000.0,-3.990004,255396000.0,0.2881383085542541,6130081000.0,1967343000.0,2338552000.0,1200666000.0,3910403000.0,555386000.0,-164835000.0,1656414530.670429,2801615530.670429,72.03952160036219,1.947712352977431,0.2814205880803206,0.8768836954206766,-0.015228149312341397,72.03952160036219,-0.053675439412446124,1.8687703845481765,-3.9215101864392063,0.8419551296700317,-0.019526884978882175,1.1360927355028754,0.001244857468839887,0.14459286916437156,1.21077135523118,-0.01722619978430954,-12.922969437885634,0.2881383085542541,-2.6605541284403667,-2.7390500416950685,0.8706637567825631,0.0,3.1498115169634735,-5.567039800995025,-1.7429495073891625,-9.117678936619477,2.429316355522421,5.15491663420612,Specialty Industrial Machinery,Industrials,ENOV
2011Q4,2011,Q4,2012-02-23,2011-12-31,-16080000.0,177791000.0,32480000.0,-1.09,61544000.0,0.3461592544,1088543000.0,189275000.0,351208000.0,240042000.0,899268000.0,56136000.0,-55503000.0,723508910.155576,1142312910.155576,12.823696280128742,1.4631106223077628,0.45373678393963307,2.60949412230881,0.08508331250697515,12.823696280128742,-0.08495575221238938,4.069434955400307,-11.248583802170025,3.8225275929498137,0.0,2.070810175288585,0.0,0.16332933104158495,0.9426642004315912,-0.014772039322286764,63.4323084477973,0.3461592544054536,-5.541666666666667,-332.16013139757797,-0.10695466901870186,14.859084102359002,0.015125274217757764,-5.357723577235772,4.970588235294118,-2.511901028163144,0.08907261783771535,0.10649406738256616,Specialty Industrial Machinery,Industrials,ENOV
2011Q3,2011,Q3,2011-10-27,2011-09-30,3690000.0,170294000.0,5440000.0,0.24,60627000.0,0.35601371745334537,1038887000.0,245496000.0,344959000.0,212027000.0,793391000.0,79183000.0,-39423000.0,536139752.32342917,923318752.3234291,15.967235089985454,1.626957887438864,0.4347210043055693,1.8396470818261805,0.006820217870489959,15.967235089985454,0.015030794799100597,3.148318509891301,36.32383145822691,2.1839042278628944,0.0,1.3849816248437166,0.0,0.16391965632450883,0.9417008211218383,0.0035518781157142213,60.118832958446866,0.35601371745334537,-0.6521744171385259,71.9530911737475,-0.1788388224726612,0.0,-0.06257537804991187,-0.6448508180943214,-0.6743879810857725,-0.7421081360620889,0.05871011981941232,-0.014304773332438092,Specialty Industrial Machinery,Industrials,ENOV
2011Q2,2011,Q2,2011-07-29,2011-07-01,10390000.0,186749000.0,16707000.0,0.690001,64674000.0,0.3463151074436811,1063585000.0,254296000.0,342469000.0,205233000.0,809289000.0,78556000.0,-43113000.0,632590142.2379119,1030676142.2379119,17.491137191481716,1.6686838861196787,0.4346629559461632,1.8179641048227262,0.01588955028685186,17.491137191481716,0.04085789788278227,3.3873816847100224,15.221129505243308,2.487613419943341,0.0,1.5539869647130709,0.0,0.17558446198470268,0.9988939400583727,0.009768847811881514,31.0595641104685,0.3463151074436811,0.5333355555555555,216.2331491198041,-0.04768513129426224,0.0,0.21444398542832463,0.5850495804729214,0.47432050829509353,1.2619404641997445,-0.08425572980776906,-0.13415906685186946,Specialty Industrial Machinery,Industrials,ENOV
2011Q1,2011,Q1,2011-05-03,2011-04-01,6555000.0,158558000.0,11332000.0,0.45,53254000.0,0.3358644786135042,1062289000.0,237782000.0,334028000.0,207659000.0,824507000.0,76658000.0,-53503000.0,588181851.8417802,626521851.8417802,16.323723529607214,1.6085409252669038,0.07888625411728824,0.35242364855203506,0.024301630251530267,16.323723529607214,0.02756726749711921,3.7095690652113436,22.432564906246384,2.473618069667932,0.0,1.3736857209945472,0.0,0.14926070024258936,0.9503561126654756,0.006170637180654229,350.9438256812531,0.3358644786135042,-0.2372881355932203,135.78705022609176,-0.19300252279724295,0.0,-0.10608654782287576,-0.2421965317919075,-0.5724257631211561,-0.5170801404197997,-0.3922024419696099,0.8555945730244569,Specialty Industrial Machinery,Industrials,ENOV
2010Q4,2010,Q4,2011-02-25,2010-12-31,8650000.0,166651000.0,26503000.0,0.59,59574000.0,0.3574776029,1022077000.0,216371000.0,321056000.0,191510000.0,805706000.0,57941000.0,-60058000.0,461569816.3862442,483527816.3862442,14.853859349423601,1.676445094250953,0.08071798895777911,0.3812895443474403,0.04274247869797242,14.853859349423601,0.03997763101339828,2.769679248166793,13.340168103648676,2.1332332724174874,0.0,1.848035070157574,0.0,0.16305131609457996,1.0689781212469323,0.00846315884223987,19.638761706430845,0.3574776028946721,0.5128205128205127,179.5046505653232,-0.15181235526862935,17.369789764293728,0.26492133256895345,0.4783797641428816,2.0799535153980244,-0.7329154368947128,-0.3406134462361617,1.042626714285663,Specialty Industrial Machinery,Industrials,ENOV
2010Q3,2010,Q3,2010-12-13,2010-10-01,5851000.0,132397000.0,8605000.0,0.39,47097000.0,0.35572558290595707,1004205000.0,226051000.0,284893000.0,166109000.0,778154000.0,58502000.0,-68708000.0,386851293.90772647,429073293.90772647,15.106233002639385,1.715096713603718,0.08464407167859152,0.3760213403170081,0.022923617822394902,15.106233002639385,0.02588353955523311,2.9219037735577578,16.5292810591235,1.7113452004535545,0.0,1.4580698095791598,0.0,0.13184260185918215,1.0270364640085727,0.005826499569311047,97.61576934335767,0.35572558290595707,1.6,117.85347328996373,-0.34404861425856975,0.0,0.09576324422419208,1.8709519136408244,0.7800992966487381,-0.8241487356538358,-0.4900591556982171,0.0,Specialty Industrial Machinery,Industrials,ENOV
2010Q2,2010,Q2,2010-07-28,2010-07-02,2038000.0,122968000.0,4834000.0,0.15,42981000.0,0.34952995901372713,965936000.0,184585000.0,280316000.0,143923000.0,781351000.0,56332000.0,-90194000.0,255184759.8276243,279710759.8276243,12.773587886554402,1.9476803568574863,0.0905857116827616,0.47403635181623643,0.011620070872381564,12.773587886554402,0.011040983828588456,2.075212736871579,31.30333167659768,1.3824783152890228,0.0,1.4199211815664277,0.0,0.12730450050520944,1.1840567525690822,0.0021098706332510642,30.40809816821071,0.34952995901372713,3.5,41.86992338661469,-0.36911185450981593,0.0,0.029337101254909473,4.120980091883614,4.4132138857782754,-0.9365712248764718,-0.509543480562037,0.0,Specialty Industrial Machinery,Industrials,ENOV
2010Q1,2010,Q1,2010-04-30,2010-04-02,-653000.0,119971000.0,893000.0,-0.06,41756000.0,0.34805077893824343,989264000.0,193227000.0,284654000.0,146898000.0,796037000.0,65381000.0,-92232000.0,287291727.88346153,317227727.88346153,13.405317879133813,1.9377663412708137,0.0911293648611493,0.4665548810466446,0.00223671516336913,13.405317879133813,-0.0033794449015924276,2.39467644583659,-109.98917606564378,1.4868094411415669,0.0,1.196295559872134,0.0,0.12127298678613596,1.1195591498863158,-0.0006600866907114784,21.15550278965107,0.34805077893824343,-1.1666666666666667,-14.77065253223007,-0.3829372256771664,0.0,-0.11178234881198018,-1.1275390625,-0.9511086777990693,-1.0203745552539008,-0.5202914134105902,0.0,Specialty Industrial Machinery,Industrials,ENOV
2009Q4,2009,Q4,2010-02-25,2009-12-31,5120000.0,130971000.0,18265000.0,0.36,47011000.0,0.3589420559,1003131000.0,198832000.0,289561000.0,144199000.0,804299000.0,71150000.0,-91579000.0,298704007.2294193,340226007.2294193,13.794170403431892,2.0080652431708956,0.09119945450793565,0.4601120543976825,0.04466439463075793,13.794170403431892,0.02575038223223626,2.2806881464554696,14.585156602998989,1.502293429776994,0.0,1.1800421644413213,0.0,0.13056220972136243,1.1612216450876913,0.005104019315523097,282.59603332963036,0.3589420558749647,2.0,106.97203823126793,-0.3263594650720938,16.059270881928715,0.017421979829459377,-0.04744186046511628,0.9437054379057146,106.97203823126793,-0.3263594650720938,16.059270881928715,Specialty Industrial Machinery,Industrials,ENOV
2009Q3,2009,Q3,2009-11-16,2009-10-02,5375000.0,128545000.0,9397000.0,0.12,46206000.0,0.3594538877435917,1025204000.0,196625000.0,308054000.0,154740000.0,828579000.0,77369000.0,-96699000.0,256270932.01360533,298371932.01360536,13.615134004770923,1.9907845418120718,0.09064927565635718,0.4726458995549905,0.023064100773374785,13.615134004770923,0.02733630006357279,1.9936281614501172,11.919578233190945,1.303348668854954,0.0,1.0642376145484627,0.0,0.12538480146390377,1.1335530567403387,0.005242858982212321,18.076527616110976,0.3594538877435917,-0.6,112.13414167240818,-0.3400939103885776,0.0,0.03705532487936258,0.23110398534127347,0.13298770195321918,112.13414167240818,-0.3400939103885776,0.0,Specialty Industrial Machinery,Industrials,ENOV
2009Q2,2009,Q2,2009-08-04,2009-07-03,4366000.0,129185000.0,8294000.0,0.3,44555000.0,0.3448929829314549,900107000.0,183434000.0,290241000.0,140571000.0,716673000.0,81561000.0,-102074000.0,189368488.19319192,565829488.1931919,12.604272606131977,2.064728855880658,0.46050969495848826,2.259711939989315,0.009305530960335519,12.604272606131977,0.023801476280297,1.4658705592227574,10.843362814543742,1.0323521713160695,0.0,1.0376282782212087,0.0,0.14352182573849553,1.142945557760847,0.004850534436461443,41.942079334040294,0.3448929829314549,-0.375,90.19136481284214,-0.34189710157975683,0.0,-0.07206081432885557,-0.3636496137589273,-0.2977138018628281,90.19136481284214,-0.34189710157975683,0.0,Specialty Industrial Machinery,Industrials,ENOV
2009Q1,2009,Q1,2009-05-08,2009-04-03,6861000.0,136323000.0,11810000.0,0.48,48015000.0,0.3522149600580973,889154000.0,168586000.0,283352000.0,140251000.0,720568000.0,80146000.0,-106440000.0,187173206.54026902,573256206.540269,11.704386246273517,2.02032071072577,0.47286971660702193,2.4940030607523758,0.013805712039643135,11.704386246273517,0.04069732955286916,1.3730126724050162,6.820186800038953,1.1102535592532536,0.0,1.1018391435629975,0.0,0.15331764801148057,1.127507112248754,0.007716323606484366,24.853698916514276,0.3522149600580973,-0.3333333333333333,143.79267486527732,-0.29831848367209085,0.0,-0.16862901270907643,-0.33895365642162056,-0.45643669167395406,143.79267486527732,-0.29831848367209085,0.0,Specialty Industrial Machinery,Industrials,ENOV
2008Q4,2008,Q4,2009-03-06,2008-12-31,10379000.0,159311000.0,21727000.0,0.72,57754000.0,0.3625236173,913076000.0,166931000.0,294857000.0,154286000.0,746145000.0,80327000.0,-113301000.0,257580081.58375195,654623081.5837519,11.589484894811457,1.9111066460988035,0.46634124651179093,2.5507844558530173,0.01942145241228875,11.589484894811457,0.06217538983172688,1.6168380186161153,6.2043569126060305,1.5430332387857975,0.0,1.26429469543242,0.0,0.1744772614765912,1.0772007829615131,0.011367071306222045,-33.86538017141098,0.3625236173271149,-0.22580728407818917,218.0355884603867,-0.1799946887339955,13.332733061889778,0.06013436616615882,-0.2396894000439528,0.03802971668816588,218.0355884603867,-0.1799946887339955,13.332733061889778,Specialty Industrial Machinery,Industrials,ENOV
2008Q3,2008,Q3,2008-11-05,2008-09-26,13651000.0,153461000.0,20931000.0,0.930001,54478000.0,0.35499573181459787,939617000.0,237617000.0,318703000.0,168862000.0,702000000.0,84369000.0,-123680000.0,455208158.00312674,507003158.00312674,16.198957505320866,1.8873577240586987,0.10613260509335186,0.4196837768341491,0.04462611787707166,16.198957505320866,0.05744959325300799,2.966279106764108,8.336535015807025,1.9157221831902886,0.0,1.1732152804940204,0.0,0.16332292838465035,1.1329132664542645,0.01452825991866899,20.698806748050508,0.35499573181459787,1.306930719210509,281.882484386213,-0.22437581151353594,0.0,-0.04049174841925428,1.4347590687601517,1.5124871455854267,281.882484386213,-0.22437581151353594,0.0,Specialty Industrial Machinery,Industrials,ENOV
2008Q2,2008,Q2,2008-08-05,2008-06-27,-31399000.0,161431000.0,-40842000.0,-3.030003,56777000.0,0.3517106379815525,939378000.0,232490000.0,312774000.0,161402000.0,706888000.0,90552000.0,-137331000.0,504122404.56143636,578123404.5614364,20.20132858339845,1.9378570277939555,0.10766060095084194,0.4350036560712289,-0.08720545496024912,20.20132858339845,-0.13505527119445998,3.122835171444372,-4.013841241452246,2.1683616695833643,0.0,1.1557337220602526,0.0,0.17184881911222105,1.098456029045489,-0.03342530908750258,-9.701751367565459,0.3517106379815525,-4.258064238640603,-830.3226087976675,0.03993538338583326,0.0,0.17848395533230935,-5.6188584877905265,-3.746049889060714,-830.3226087976675,0.03993538338583326,0.0,Specialty Industrial Machinery,Industrials,ENOV
2008Q1,2008,Q1,2008-06-17,2008-03-28,6798000.0,130651000.0,14873000.0,0.930001,48178000.0,0.36875339645314614,914207000.0,64177000.0,300188000.0,189703000.0,850030000.0,86479000.0,-102440000.0,263685614.45817414,438225614.4581741,8.79703129493474,1.5824103994138206,0.22729316227068924,3.2378110538043225,0.035828512170077265,8.79703129493474,0.10592579896224504,2.0182441348185174,9.69717617160099,4.108724534617918,0.0,0.9536766151319974,0.0,0.14291183506580019,0.6374121653321244,0.007435952689051823,-18.767659392040866,0.36875339645314614,-0.5810806306306308,282.25,0.32774057174215715,0.0,-0.6193749209960814,-0.5808877928483354,1.0579948060860818,282.25,0.32774057174215715,0.0,Specialty Industrial Machinery,Industrials,ENOV
2007Q4,2007,Q4,2007-12-31,2007-12-31,16220000.0,126576000.0,-256454000.0,2.22,126576000.0,1.0,896540000.0,53051000.0,287067000.0,148374000.0,843489000.0,68287000.0,-109238000.0,263685614.45817414,422085614.4581741,7.271940215771739,1.934752719479154,0.23032212728935686,3.8923488718403045,,7.271940215771739,0.30574352981093667,2.0832196819157986,4.06420490841822,4.970417418298885,,0.0,,0.14118276931313717,0.8954129429684446,0.018091775046289067,0.0,1.0,0.6536300531619718,674.8333333333335,0.28632839097163654,7.993219189693168,0.0,-6.164848036495901e-05,-3.0260870939198585,674.8333333333335,0.28632839097163654,7.993219189693168,Specialty Industrial Machinery,Industrials,ENOV
2007Q3,2007,Q3,2007-09-30,2007-09-30,16221000.0,126576000.0,126576000.0,1.342501,0.0,0.0,,,,,,,,263685614.45817414,,,0.0,0.0,0.0,0.0,,0.0,2.0832196819157986,4.063954356361725,0.0,,0.0,,0.0,0.0,0.0,0.0,0.0,0.0,674.8750000000001,0.28632839097163654,0.0,0.0,0.0,0.0,674.8750000000001,0.28632839097163654,0.0,Specialty Industrial Machinery,Industrials,ENOV
2007Q2,2007,Q2,2007-06-30,2007-06-30,16221000.0,126576000.0,126576000.0,1.342501,0.0,0.0,,,,,,,,263685614.45817414,,,0.0,0.0,0.0,0.0,,0.0,2.0832196819157986,4.063954356361725,0.0,,0.0,,0.0,0.0,0.0,0.0,0.0,0.0,674.8750000000001,0.28632839097163654,0.0,0.0,0.0,0.0,674.8750000000001,0.28632839097163654,0.0,Specialty Industrial Machinery,Industrials,ENOV
2007Q1,2007,Q1,2007-03-31,2007-03-31,16221000.0,126576000.0,126576000.0,1.342501,0.0,0.0,,,,,,,,263685614.45817414,,,0.0,0.0,0.0,0.0,,0.0,2.0832196819157986,4.063954356361725,0.0,,0.0,,0.0,0.0,0.0,0.0,0.0,405.8184848484848,674.8750000000001,0.28632839097163654,0.0,-1.0,674.875,1.4591743452078647,674.8750000000001,0.28632839097163654,0.0,Specialty Industrial Machinery,Industrials,ENOV
