Year,Date,FillingDate,NetIncome,Revenue,OperatingIncome,EPSDiluted,GrossProfit,GrossProfitRatio,TotalAssets,CommonStockEquity,CurrentAssets,CurrentLiability,TotalLiability,Inventory,RetainedEarnings,EnterpriseValue,bookValuePerShare,currentRatio,debtToAssets,debtToEquity,roic,shareholdersEquityPerShare,roe,priceToSalesRatio,peRatio,pbRatio,payoutRatio,inventoryTurnover,dividendYield,assetTurnover,quickRatio,returnOnAssets,priceToFreeCashFlowsRatio,grossProfitMargin,epsdilutedGrowth,fiveYNetIncomeGrowthPerShare,fiveYRevenueGrowthPerShare,fiveYShareholdersEquityGrowthPerShare,grossProfitGrowth,netIncomeGrowth,operatingIncomeGrowth,threeYNetIncomeGrowthPerShare,threeYRevenueGrowthPerShare,threeYShareholdersEquityGrowthPerShare,Industry,Sector,Price,MarketCap,AvgVolume,Symbol
2022,2022-12-31,2022-12-31,48799000.0,149241000.0,74221000.0,2.95,149241000.0,1.0,3969509000.0,353538000.0,638155000.0,27000000.0,3615971000.0,0.0,65401000.0,574559506.0,21.428441546949003,23.63537037037037,0.020133220506616815,0.2260549078175472,0.13126606503991062,21.428441546949003,0.1380304238865412,3.7476330633002997,11.461310805549294,1.5820095887853638,,0.0,,0.03759684132218871,23.63537037037037,0.012293459972001574,0.0,1.0,-0.019933554817275618,0.624406498173406,0.3836074853465409,0.3826839633185577,0.04566155657072391,-0.02122069117676555,0.06640900012931221,0.2885047632795451,0.26645991698790644,0.1594105132851773,Banks—Regional,Financial Services,20.07,332190612,58896,AROW
2021,2021-12-31,2022-03-11,49857000.0,142724000.0,69599000.0,3.01,142724000.0,1.0,4027952000.0,371186000.0,1017012000.0,0.0,70169000.0,0.0,54078000.0,176787412.306,22.49811195414867,0.0,0.017420515438118428,0.18903999612054334,0.12066227083648888,22.49811195414867,0.13431810466989597,3.9538859078080772,11.31865961261207,1.5203009065697521,0.32685480474156087,0.0,0.028877518710550814,0.03543339146047421,0.0,0.012377754253278092,9.240603453568914,1.0,0.20883534136546167,0.8210180634159723,0.3916844819057257,0.5449073917720513,0.08239041407553466,0.221177162172092,0.07810152268537882,0.3507590766262972,0.24180233682590202,0.3533325710183828,Banks—Regional,Financial Services,20.07,332190612,58896,AROW
2020,2020-12-31,2021-03-10,40827000.0,131860000.0,64557000.0,2.49,131860000.0,1.0,3688636000.0,334392000.0,746278000.0,0.0,70217000.0,0.0,41899000.0,151783419.874,20.381282952002028,0.0,0.019036033916060027,0.20998409052848155,0.12400342111278523,20.381282952002028,0.12209323189549989,3.5079434238889733,11.329694071913195,1.3832789656271682,0.3855291841183531,0.0,0.03402820779372116,0.035747631373765264,0.0,0.011068319020906372,12.440358772362972,1.0,0.0873362445414848,0.6000849363979676,0.3551355875314532,0.5105142397047614,0.13083599190422285,0.08944629753168779,-0.06146688958348477,0.3666346194352212,0.22930310172733412,0.31511538194916144,Banks—Regional,Financial Services,20.07,332190612,58896,AROW
2019,2019-12-31,2020-02-28,37475000.0,116604000.0,68785000.0,2.29,116604000.0,1.0,3184275000.0,301728000.0,427555000.0,130000000.0,2882547000.0,0.0,33218000.0,679764093.4743,18.48218668142981,3.288884615384615,0.058177764169237894,0.6139768268109025,0.11124274106444897,18.48218668142981,0.12420126736663485,4.843153695193132,15.069542187439628,1.8716562383149724,0.40576384256170783,0.0,0.026926089559635696,0.03661869656358198,3.288884615384615,0.011768769971186534,15.617995339315247,1.0,0.02928937466854107,0.5537303841507455,0.2630897461858369,0.45440825616667474,0.0,0.03296673006422448,0.0,0.3832892607461929,0.14905410118775902,0.26914057848248135,Banks—Regional,Financial Services,20.07,332190612,58896,AROW
2018,2018-12-31,2019-03-08,36279000.0,112967000.0,0.0,2.224835946390141,0.0,0.0,2988334000.0,269584000.0,2315872000.0,234000000.0,2718750000.0,0.0,29257000.0,676104237.069,16.624230019986026,9.896888888888888,0.10005575012699383,1.1091162680277762,0.0,16.624230019986026,0.13457401032702238,4.083876150282826,12.716536758703382,1.7113153490897086,0.39662063452686125,0.0,0.031189359339948305,0.03780266864413415,1.716982905982906,0.01214020922694719,12.511681638841429,0.0,0.23005577404849276,0.6149929299450546,0.30051306388618826,0.36118412268607325,0.0,0.23709336425015345,0.0,0.43854238492214953,0.17460829003590966,0.2320684732385616,Banks—Regional,Financial Services,20.07,332190612,58896,AROW
2017,2017-12-31,2018-03-12,29326000.0,105296000.0,0.0,1.8087276961982952,0.0,0.0,2760465000.0,249603000.0,2062628000.0,105000000.0,2510862000.0,0.0,28818000.0,578829840.7664,15.497714673365374,19.64407619047619,0.0652064054425613,0.7211451785435271,0.0,15.497714673365374,0.11749057503315265,4.479446899848047,16.083606382268293,1.8896721624595858,0.46371820227784216,0.0,0.028831730350543643,0.03814429815266631,3.552742857142857,0.010623572477825294,13.390144521402412,0.0,0.09686910149852147,0.28654307479619917,0.21216212177465396,0.3812829048071767,0.0,0.10522348684706415,0.0,0.23244335890158455,0.1561461990082678,0.21955288955637223,Banks—Regional,Financial Services,20.07,332190612,58896,AROW
2016,2016-12-31,2017-03-14,26534000.0,99391000.0,0.0,1.6489913825881741,0.0,0.0,2605242000.0,232852000.0,1850400000.0,123000000.0,2372390000.0,0.0,28644000.0,682980291.5274,14.562757660407538,15.04390243902439,0.07600061721713376,0.8503255286619827,0.0,14.562757660407538,0.11395220998745985,5.456583508842853,20.439258744531546,2.329098704444884,0.493404688324414,0.0,0.024140048056117625,0.03815039063549567,3.2874065040650406,0.010184850390098118,16.308873865622182,0.0,0.06427053352143815,0.18198691881074475,0.15549747408649636,0.36733139438506174,0.0,0.07590625253426324,0.0,0.19793779240083867,0.16044993157858808,0.19239173700319082,Banks—Regional,Financial Services,20.07,332190612,58896,AROW
2015,2015-12-31,2016-03-10,24662000.0,94049000.0,0.0,1.549409976739676,0.0,0.0,2446188000.0,213971000.0,1670848000.0,105173000.0,2232217000.0,0.0,32139000.0,479435023.9581,13.492943274725874,15.886662926796802,0.07365460054582885,0.842044015310486,0.0,13.492943274725874,0.11525860981160999,3.724973407033568,14.205256019710486,1.6372780608498347,0.5149622901630038,0.0,0.036251531788548445,0.03844716759300593,4.310773677654911,0.010081808920655322,12.830251747229445,0.0,0.05114039122062666,0.09739473612835355,0.1399921160831433,0.3689637933854618,0.0,0.05573630136986301,0.0,0.09883810878763312,0.09960558176204083,0.2026013043679692,Banks—Regional,Financial Services,20.07,332190612,58896,AROW
2014,2014-12-31,2015-03-13,23360000.0,89410000.0,0.0,1.474027627213943,0.0,0.0,2217420000.0,200926000.0,1495141000.0,60421000.0,2016494000.0,0.0,29458000.0,390608149.706,12.707701983308706,24.745386537793152,0.04077757032948201,0.45002140091376924,0.0,12.707701983308706,0.11626170829061445,3.8752057902471755,14.832283805907533,1.7244266531260264,0.5311215753424657,0.0,0.03580848251642312,0.04032163505335029,6.826004203836415,0.010534765628523238,11.876809025674424,0.0,0.06676079299431928,0.04406652060290856,0.08405155523139282,0.3897298574494139,0.0,0.07180545996788254,0.0,0.052325311915089705,0.05117559185365893,0.19315587593051045,Banks—Regional,Financial Services,20.07,332190612,58896,AROW
2013,2013-12-31,2014-03-17,21795000.0,84277000.0,0.0,1.3817789675944647,0.0,0.0,2163698000.0,192154000.0,1351534000.0,64777000.0,1971544000.0,0.0,27457000.0,381379970.2988,12.213064891750896,20.86441175108449,0.0484249650367103,0.5452761847268337,0.0,12.213064891750896,0.11342464897946439,3.8751138542995123,14.98430696484515,1.6995897576881045,0.55558614361092,0.0,0.03707786719228236,0.03895044502513752,7.83589854423638,0.01007303237327945,9.4826646428223,0.0,-0.022866841604518497,0.04173536840140239,0.12005515574669229,0.492036902895436,0.0,-0.017313675098065737,0.0,-0.02250417841469836,0.029627634900884672,0.23911020024752777,Banks—Regional,Financial Services,20.07,332190612,58896,AROW
2012,2012-12-31,2012-12-31,22179000.0,84521000.0,0.0,1.4141153185953068,0.0,0.0,2022796000.0,175825000.0,1248903000.0,42262000.0,1846971000.0,0.0,26251000.0,342419906.84,11.219797638434404,29.55144101083716,0.045322415112547185,0.5214161808616522,0.0,11.219797638434404,0.1261424712071662,3.5443724854178247,13.50709711168222,1.7038186085027724,0.5327111231344966,0.0,0.039439349456794635,0.0417842431960514,12.6121811556481,0.010964526328903162,12.284163974248575,0.0,0.008265709581077174,0.2726889205288786,0.34321078825056484,0.4303404693912242,0.0,0.011215975926685816,0.0,0.00016305305002952788,0.03395582372666644,0.2270108154214754,Banks—Regional,Financial Services,20.07,332190612,58896,AROW
2011,2011-12-31,2012-03-14,21933000.0,84040000.0,0.0,1.4025224751349081,0.0,0.0,1962684000.0,166385000.0,1206077000.0,43147000.0,1796299000.0,0.0,23947000.0,333333242.27750003,10.65049608325342,27.95274294852481,0.051969649724560855,0.6130360308922078,0.0,10.65049608325342,0.13182077711332152,3.2730752293848173,12.54134146161036,1.6532093775129972,0.521953221173574,0.0,0.041618611754675336,0.042818915322079355,1.1546109810647323,0.01117500320989013,8.956117679077265,0.0,-0.007338231613233386,0.32054284379923503,0.38642230754106344,0.43248306792268465,0.0,0.0018728302576283575,0.0,0.05579355205069309,0.12485570760598476,0.30114212371790977,Banks—Regional,Financial Services,20.07,332190612,58896,AROW
2010,2010-12-31,2011-03-10,21892000.0,80366000.0,0.0,1.4128905935545704,0.0,0.0,1908336000.0,152259000.0,1186355000.0,3590000.0,1756077000.0,0.0,24577000.0,430388578.2776,9.856318581923693,330.46100278551535,0.0794582295780198,0.995888584582849,0.0,9.856318581923693,0.14378131998765262,3.855294257243113,14.152867635556367,2.0349179902508228,0.5023296181253426,0.0,0.03549313333951741,0.04211312892488535,10.471030640668523,0.011471774362586043,35.1685105876958,0.0,0.0029521872087537146,0.2226712351927097,0.3287632239550554,0.34984549779108615,0.0,0.004588839941262849,0.0,0.27436285273502375,0.295624820036553,0.256519217302513,Banks—Regional,Financial Services,20.07,332190612,58896,AROW
2009,2009-12-31,2010-03-05,21792000.0,80332000.0,0.0,1.4087317536907593,0.0,0.0,1841627000.0,140818000.0,1190587000.0,4145000.0,1700809000.0,0.0,24100000.0,367209293.0303,9.14400875478871,287.23449939686367,0.08790487976121114,1.1496257580707012,0.0,9.14400875478871,0.15475294351574373,3.3913918865495694,12.501711317469715,1.9346766253625245,0.4882525697503671,0.0,0.03905485875906364,0.04362012503074727,17.908564535585043,0.011833015045934927,16.548459760086256,0.0,0.06509995280597296,0.16891277687111203,0.34440951720727647,0.24646596322150333,0.0,0.06630131624015266,0.0,0.33098862244505756,0.3443763653634664,0.22986174651222072,Banks—Regional,Financial Services,20.07,332190612,58896,AROW
2008,2008-12-31,2009-03-06,20437000.0,73500000.0,0.0,1.32262868849022,0.0,0.0,1665086000.0,125802000.0,1172040000.0,617000.0,1539284000.0,0.0,25454000.0,387652052.2072,8.185497870763324,1899.578606158833,0.10847307586515051,1.4357243922990095,0.0,8.185497870763324,0.1624536970795377,3.610517717104762,12.984931849449527,2.1094501852689147,0.5054557909673631,0.0,0.038926333755751746,0.04414186414395413,94.55105348460292,0.012273840510340006,10.925197703054755,0.0,0.19735405026240738,0.13388412865000393,0.2549951624398871,0.24720814679047312,0.0,0.17914839603046387,0.0,0.14727411569738966,0.22148568184755538,0.12102275877043452,Banks—Regional,Financial Services,20.07,332190612,58896,AROW
TTM,,,,,,,,,,,,,,,,347449612.0,21.38119141215603,23.63537037037037,0.020133220506616815,0.2260549078175472,0.13126606503991062,21.38119141215603,0.13815967820592584,2.225866966852273,6.800496936412631,0.9386754747721604,0.2659890571528105,0.0,0.05341983059292476,0.03759684132218871,23.63537037037037,0.012293459972001574,8.906630881840362,1.0,,,,,,,,,,,Banks—Regional,Financial Services,20.07,332190612,58896,AROW
