Quarters,Year,Quarter,FillingDate,Date,NetIncome,Revenue,OperatingIncome,EPSDiluted,GrossProfit,GrossProfitRatio,TotalAssets,CommonStockEquity,CurrentAssets,CurrentLiability,TotalLiability,Inventory,RetainedEarnings,MarketCap,EnterpriseValue,bookValuePerShare,currentRatio,debtToAssets,debtToEquity,roic,shareholdersEquityPerShare,roe,priceToSalesRatio,peRatio,pbRatio,payoutRatio,inventoryTurnover,dividendYield,assetTurnover,quickRatio,returnOnAssets,priceToFreeCashFlowsRatio,grossProfitMargin,epsdilutedGrowth,fiveYNetIncomeGrowthPerShare,fiveYRevenueGrowthPerShare,fiveYShareholdersEquityGrowthPerShare,grossProfitGrowth,netIncomeGrowth,operatingIncomeGrowth,threeYNetIncomeGrowthPerShare,threeYRevenueGrowthPerShare,threeYShareholdersEquityGrowthPerShare,Industry,Sector,Symbol
2023Q1,2023,Q1,2023-05-02,2023-03-31,295800000.0,1408900000.0,267700000.0,3.68,973800000.0,0.6911775144,7378932000.0,472858000.0,2903319000.0,3454256000.0,6906074000.0,343716000.0,4152609000.0,25898715000.0,28041935000.0,5.947899371069182,0.8405048728293444,0.41154085713217037,6.422080201667308,0.05083102728538408,5.947899371069182,0.6255577784451146,18.382223720633117,21.888704361054764,54.77059709257325,0.0,1.2658706606617092,0.0,0.19093549039346072,0.6997029172128528,0.04008710203590438,180.40719017533107,0.6911775143729151,0.14641744548286612,18.28734788476377,0.6737757750820972,-0.45189907129294915,-0.053920139900903524,0.15186915887850466,-0.1944026482094493,3.4204430948551825,0.5518247194759519,-0.4039306573952752,Information Technology Services,Technology,IT
2022Q4,2022,Q4,2023-02-16,2022-12-31,256800000.0,1504700000.0,332300000.0,3.21,1029300000.0,0.6840566226,7299736000.0,227798000.0,2786107000.0,3597600000.0,7071938000.0,412115000.0,3856826000.0,26622288000.0,29082680000.0,2.8762373737373736,0.7744349010451412,0.4326719486841716,13.86487589882264,0.0687244320724253,2.8762373737373736,1.1273145506106288,17.69275470193394,25.91733644859813,116.86796196630348,0.0,1.1535615058903461,0.0,0.2061307422624599,0.6267469979986657,0.03517935443144793,160.84030932817785,0.6840566225825746,0.47926267281105994,1.743189958236507,0.7001331407358115,-0.7344905919633669,0.12487992210099985,0.47973148174824976,0.311272285315171,3.2830019519876386,0.41173989866047067,-0.7259555996490643,Information Technology Services,Technology,IT
2022Q3,2022,Q3,2022-11-01,2022-09-30,173545000.0,1331868000.0,253418000.0,2.17,915031000.0,0.6870282941,6525954000.0,-64926000.0,1980255000.0,3085893000.0,6590880000.0,0.0,3600012000.0,21930172710.0,24478115710.0,-0.8191624925875926,0.641712139727463,0.47144524769865065,-47.38671718571913,0.05226371149809293,-0.8191624925875926,-2.6729661460739917,16.46572536467578,31.59147873750324,-337.77181267905,0.0,0.0,0.0,0.20408786209648427,0.5106551004846895,0.02659304677906096,77.53424211140377,0.6870282940952106,-0.14229249011857703,5.118508330987377,0.8389965114206936,-1.085979756695264,-0.03883298319327731,-0.1530258662762323,-0.14702793672164255,3.753218989991149,0.5090143912519539,-1.0800281771454192,Information Technology Services,Technology,IT
2022Q2,2022,Q2,2022-08-02,2022-06-30,204900000.0,1376500000.0,297100000.0,2.53,952000000.0,0.6916091537,6590594000.0,-142867000.0,1981282000.0,3178382000.0,6733461000.0,0.0,3426467000.0,19418949000.0,22167527000.0,-1.7791656288916562,0.623361823720371,0.47174063521436765,-21.761855431975192,0.06107193167547272,-1.7791656288916562,-1.4342010401282312,14.107482019614965,23.693202781844803,-135.92326429476367,0.0,0.0,0.0,0.20885826072733352,0.4821538128519479,0.031089762167112706,49.22233375156838,0.691609153650563,0.21634615384615372,3.4691699885790657,0.8142349667013691,-1.1861061330871094,0.07484755116534023,0.18772280671245978,0.3675677914999977,1.2236339853626577,0.4424530305872823,-1.166345549345908,Information Technology Services,Technology,IT
2022Q1,2022,Q1,2022-05-03,2022-03-31,172515000.0,1262740000.0,217247000.0,2.08,885707000.0,0.7014167604,6985453000.0,118153000.0,2273929000.0,3260416000.0,6867300000.0,0.0,3221542000.0,24397669200.0,27081676200.0,1.4405388929529384,0.6974352352583228,0.4495316194955431,26.57725152979611,0.04427650633223565,1.4405388929529384,1.460098347058475,19.321213551483282,35.35586644639596,206.49216862881178,0.0,0.0,0.0,0.18076708840500394,0.5467317667438756,0.024696322486172335,162.11937644525955,0.7014167603782251,-0.16799999999999998,3.782181338128245,1.0399081581634644,0.16057693958933483,-0.023191976495915017,-0.17598479167363237,0.171749261073116,8.091193475585422,0.4259241393440424,-0.8488983894489116,Information Technology Services,Technology,IT
2021Q4,2021,Q4,2022-02-23,2021-12-31,209359000.0,1306323000.0,185404000.0,2.5,906736000.0,0.6941131711,7416324000.0,371058000.0,2620080000.0,3378780000.0,7045266000.0,0.0,3049027000.0,27581400000.0,30075191000.0,4.497672727272727,0.7754514943263545,0.4382607879591021,8.759503905049884,0.049713349482151,4.497672727272727,0.5642217658694867,21.113767421992875,32.935531789892,74.33177562537394,0.0,0.0,0.0,0.17614157633889782,0.6279405584264143,0.02822948404088063,129.11310632799993,0.6941131710916826,0.42045454545454547,2.154195124076746,0.8607233441326206,5.10522982298427,0.13762209160085065,0.40636818594028146,-0.1946694697703511,1.7303821745183328,0.3145751948897568,-0.5220849025685895,Information Technology Services,Technology,IT
2021Q3,2021,Q3,2021-11-02,2021-09-30,148865000.0,1156282000.0,230221000.0,1.76,797045000.0,0.6893171389,6994639000.0,334507000.0,2108848000.0,2904544000.0,6660132000.0,0.0,2839668000.0,25404368000.0,27841895000.0,4.00127990430622,0.7260513182103628,0.45793028060490326,9.575455820057577,0.04029430060560684,4.00127990430622,0.44502805621407027,21.970737242299023,42.66343331206126,75.94569919314094,0.0,0.0,0.0,0.16530974650728936,0.5975106591602675,0.021282728100764026,76.78561756456136,0.6893171388986423,-0.4376996805111821,3.8271875111832143,0.9910435309355986,32.49721553934629,-0.023847635750388542,-0.4511606128979929,-0.1659142948234885,12.765171948361347,0.36340286957371404,-0.6138993610247833,Information Technology Services,Technology,IT
2021Q2,2021,Q2,2021-08-03,2021-06-30,271236000.0,1167319000.0,276016000.0,3.13,816517000.0,0.6994806047,7188340000.0,527638000.0,2257166000.0,2909606000.0,6660702000.0,0.0,2690803000.0,20759446400.0,23171473400.0,6.155940825088669,0.7757634538834468,0.4463177868603878,6.080464257691826,0.04406058893140174,6.155940825088669,0.5140569860396711,17.783867477527565,19.134117889955608,39.34410789215333,0.0,0.0,0.0,0.1623906214786724,0.6526034796463851,0.037732772795944544,36.84744714575542,0.6994806047018852,0.701086956521739,4.452992374788069,0.8432487081799389,10.620434591097437,0.06100281845339806,0.6528702010968921,0.2244955902968786,5.226967698462882,0.2383360197958652,-0.3917227747216582,Information Technology Services,Technology,IT
2021Q1,2021,Q1,2021-05-04,2021-03-31,164100000.0,1104038000.0,225412000.0,1.84,769571000.0,0.6970511885,6937858000.0,891594000.0,1997856000.0,2812421000.0,6046264000.0,0.0,2419567000.0,16128657600.000002,18417384600.0,10.091384462151394,0.7103687534689863,0.39417382137253315,3.067227908666949,0.03922286577142545,10.091384462151394,0.18405238258669304,14.60878846561441,24.571385740402196,18.089688355910877,0.0,0.0,0.0,0.15913240080728086,0.5765214382910666,0.023652833482610915,111.40345220580619,0.6970511884554699,0.38345864661654133,2.812577908952326,0.8488471894153864,8.384794002741144,0.010823150508780018,0.3719932779854022,0.2654353562005277,9.629577368549722,0.1801898470811168,-0.07007552573122576,Information Technology Services,Technology,IT
2020Q4,2020,Q4,2021-02-24,2020-12-31,119607000.0,1112759000.0,178130000.0,1.33,761331000.0,0.6841831879,7315967000.0,1090428000.0,2323058000.0,2947494000.0,6225539000.0,0.0,2255467000.0,14311214410.0,16441593410.0,12.205509352018716,0.7881468121733242,0.38859688678202076,2.6071982744390274,0.028439252066609067,12.205509352018716,0.10968812246200574,12.86101879202954,29.912995079719412,13.124401070038553,0.0,0.0,0.0,0.15210005731299772,0.6629669135882889,0.01634876155127545,60.28185762726143,0.6841831879140048,6.000000000000001,0.6831336521618313,0.5996145759558784,8.621713721275313,0.14511522130522478,6.0506366423013445,0.993129839323278,0.1326651936866119,0.11459790482612002,0.12670727125319056,Information Technology Services,Technology,IT
2020Q3,2020,Q3,2020-11-03,2020-09-30,16964000.0,994618000.0,89372000.0,0.19,664851000.0,0.6684485903,6840602000.0,1037503000.0,1865404000.0,2521562000.0,5803099000.0,0.0,2135860000.0,11167781100.0,13377755100.0,11.60803553447157,0.7397811356611497,0.4040125415862522,2.663788923983834,0.02333097340855441,11.60803553447157,0.016350796094083582,11.22821133339634,164.58059862060836,10.764095236351125,0.0,0.0,0.0,0.14539919147466845,0.5958921493899416,0.0024798986989741545,48.781875483219984,0.6684485903130649,-0.6885245901639344,-0.48128288791576396,0.8464265979517486,7.036376322743179,0.021929527931827404,-0.6919948435826206,-0.10314999347723555,1.3570048064572016,0.21785053643352106,0.21838594905774952,Information Technology Services,Technology,IT
2020Q2,2020,Q2,2020-08-04,2020-06-30,55077000.0,973135000.0,99651000.0,0.61,650584000.0,0.6685444466,6810294000.0,991219000.0,1767185000.0,2539322000.0,5819075000.0,0.0,2118896000.0,10837559590.0,13258296590.0,11.097018684997145,0.6959278894130008,0.40781939810528006,2.801974134878367,0.020367627814205272,11.097018684997145,0.0555649155232093,11.136748333992715,49.19276462951867,10.933567243969295,0.0,0.0,0.0,0.14289177530368,0.5533571559652537,0.00808731605419678,33.673854287392146,0.668544446556747,-0.2650602409638554,0.002900556672016248,0.6543177997502242,6.426259855119259,-0.03988854995402981,-0.26658854548117766,-0.2009894321589506,1.596666358973672,0.15303543591120974,0.16078188715165628,Information Technology Services,Technology,IT
2020Q1,2020,Q1,2020-05-07,2020-03-31,75097000.0,1018891000.0,124718000.0,0.83,677613000.0,0.665049549,6800346000.0,890275000.0,1772618000.0,2530338000.0,5910071000.0,0.0,2063819000.0,8883535830.0,11653844830.0,9.97853596207086,0.7005459349699527,0.4408833021143336,3.3676774030496195,0.020564694453797695,9.97853596207086,0.08435258768358092,8.718828441903991,29.57353765796237,9.978417713627811,0.0,0.0,0.0,0.14982928809798796,0.5439648774195385,0.011043114570935066,284.61012494793835,0.6650495489704001,0.10666666666666662,1.5692639736312353,1.09744156026449,7.189620491435566,-0.09966716492277031,0.10924506284988406,-0.0838921984148554,0.9137454872020223,0.5131668445272579,7.039254465877623,Information Technology Services,Technology,IT
2019Q4,2019,Q4,2020-02-19,2019-12-31,67701000.0,1203493000.0,136139000.0,0.75,752625000.0,0.6253671604,7151294000.0,938593000.0,2018741000.0,2856534000.0,6212701000.0,0.0,1988722000.0,13780854800.0,16592673800.0,10.49551594578879,0.7067099498903217,0.43246089448986436,3.2949904804318804,0.0168709734079093,10.49551594578879,0.07213030568095011,11.450714545078368,50.88866781879145,14.682460661863022,0.0,0.0,0.0,0.168290242297408,0.5625166723028677,0.009466958007879413,466.83112466124663,0.6253671604238662,0.6304347826086956,0.12188393173419584,1.019807013653556,4.707605500372587,0.18440433962917385,0.6357639895621919,0.9688345119817201,-0.059037242332742275,0.5814491487405435,13.246820710472557,Information Technology Services,Technology,IT
2019Q3,2019,Q3,2019-10-31,2019-09-30,41388000.0,1000502000.0,69147000.0,0.46,635446000.0,0.6351271662,6737344000.0,919657000.0,1706505000.0,2527263000.0,5817687000.0,0.0,1921021000.0,12847079540.0,15498854540.0,10.235925917681366,0.6752383903060346,0.43911992619049883,3.216962410985835,0.011579130938382358,10.235925917681366,0.045003735088190486,12.840633541961935,77.60147591089205,13.969425057385527,0.0,0.0,0.0,0.14850095230405336,0.5282580404176376,0.006143073591017469,70.08734016726586,0.6351271661625864,-0.5929203539823009,0.20469027419657354,1.092958878137975,4.940169749819574,-0.06946577964307209,-0.5997524321606096,-0.4039154497336253,0.2487731102370059,0.6030330709813013,81.57500914320373,Information Technology Services,Technology,IT
2019Q2,2019,Q2,2019-07-30,2019-06-30,103406000.0,1070882000.0,116002000.0,1.13,682883000.0,0.6376827699,6729641000.0,963802000.0,1691104000.0,2482151000.0,5765839000.0,0.0,1879633000.0,14746828800.0,17476897800.0,10.695601029829545,0.6813058512556247,0.43813956792048786,3.0592611345483824,0.028160653141347598,10.695601029829545,0.10728967153004455,13.77073178931012,35.65273968628513,15.300682920350862,0.0,0.0,0.0,0.1591291422529077,0.5363529454896176,0.015365752794242665,78.41430159042449,0.6376827699036869,3.913043478260869,0.9367988543534628,1.0465903872090583,3.847783644245937,0.09471640704778302,3.972637653282039,1.3771388757966352,0.9773898401529837,0.6084034751454638,17.714964136853514,Information Technology Services,Technology,IT
2019Q1,2019,Q1,2019-05-07,2019-03-31,20795000.0,970444000.0,48799000.0,0.23,623799000.0,0.6427975236,6714675000.0,856897000.0,1716013000.0,2568918000.0,5857778000.0,0.0,1776227000.0,13929912360.0,16849418360.0,9.533577356979151,0.667990570349073,0.4570252469404699,3.581265893100338,0.010266825263965452,9.533577356979151,0.024267794145620768,14.354164032133745,167.4670877614811,16.256227247848923,0.0,0.0,0.0,0.1445258333426413,0.5169993748340741,0.0030969481024770372,896.6215473738414,0.6427975236077507,-0.75,-0.4379786320388774,1.2156560779559609,2.6917980202047196,-0.08404536023740267,-0.7524994049035943,-0.6234819375646189,-0.5250884540089562,0.5974641935766786,7.976595248604668,Information Technology Services,Technology,IT
2018Q4,2018,Q4,2019-02-22,2018-12-31,84020000.0,1088879000.0,129606000.0,0.92,681037000.0,0.6254478229,6201474000.0,850757000.0,1811739000.0,2620935000.0,5350717000.0,0.0,1755432000.0,11556736000.0,13847429000.0,9.411028761061948,0.6912567461611981,0.3945934466547792,2.8763336651946445,0.02833617876157098,9.411028761061948,0.09875910512637569,10.61342536682221,34.38686027136396,13.584062194022499,0.0,0.0,0.0,0.1755839015047068,0.5385429245669962,0.013548391882317011,-676.0301842644049,0.6254478229445145,6.076923076923077,0.39531752459643293,1.1329086120120446,1.4016204843231876,0.1630484901684194,6.148813069003658,1.4581974053561946,0.16846938907331366,0.5469152322799904,6.876704115395156,Information Technology Services,Technology,IT
2018Q3,2018,Q3,2018-11-01,2018-09-30,11753000.0,921674000.0,52724000.0,0.13,585562000.0,0.6353244206,5944817000.0,941548000.0,1535340000.0,2343596000.0,5003269000.0,0.0,1671412000.0,14379462580.0,16339225580.0,10.363308164747837,0.6551214458464684,0.3651516943246529,2.30552239503456,0.0052460014705299676,10.363308164747837,0.012482634979841707,15.601462751471779,305.8679184038118,15.272150309915162,0.0,0.0,0.0,0.15503824592077434,0.5078426486476338,0.001977016281577717,63.977249320383166,0.635324420565189,-0.74,-0.6860664461391153,1.2894517245807808,1.9865054191313516,-0.07596193145326094,-0.7459909228441755,-0.3876138264263148,-0.6464607572936087,0.6832152185113082,6.389096875625878,Information Technology Services,Technology,IT
2018Q2,2018,Q2,2018-08-01,2018-06-30,46270000.0,1001336000.0,86096000.0,0.5,633699000.0,0.6328535077,6152937000.0,921432000.0,1608484000.0,2513804000.0,5231505000.0,0.0,1659658000.0,12100279200.0,14389312200.0,10.120288199630965,0.6398605460091559,0.3950695415864001,2.638108943470598,0.01582943805194099,10.120288199630965,0.05021531702827772,12.08413479591266,65.37864274908148,13.132037090094547,0.0,0.0,0.0,0.16274114296960948,0.4876255268907202,0.007519985983929301,79.82978307911543,0.6328535077136945,3.2727272727272725,0.022352339755652675,1.3071933523312758,1.88108650596685,0.04509397119843788,3.362281104814418,0.7030165166650183,-0.17342933933026963,0.6700080727708039,5.948654691745145,Information Technology Services,Technology,IT
2018Q1,2018,Q1,2018-05-08,2018-03-31,-19587000.0,963565000.0,50555000.0,-0.22,606356000.0,0.6292839611,6915028000.0,987571000.0,2310662000.0,3185856000.0,5927457000.0,0.0,1613980000.0,10704008100.0,13489814100.0,10.851832316905664,0.7252876463970751,0.4303359292254493,3.0132365166656374,0.005827809411779894,10.851832316905664,-0.019833510704546812,11.108755610674942,-136.62133175065094,10.838722582983907,0.0,0.0,0.0,0.13934361509454482,0.41588288987323974,-0.0028325264915774746,-715.7477833500501,0.629283961123536,-1.1896551724137931,-1.5492691349685386,1.4363326127032494,2.1823749618550923,-0.015865132577325275,-1.1825323604238307,-0.19618723566635926,-1.6569709400658352,0.9446222781632725,7.7313204996860465,Information Technology Services,Technology,IT
2017Q4,2017,Q4,2018-02-22,2017-12-31,107307000.0,1014509000.0,62894000.0,1.16,616131000.0,0.6073194028,7283173000.0,983465000.0,2588608000.0,2822585000.0,6299708000.0,0.0,1647284000.0,11180172750.0,14035949750.0,10.832901911108664,0.9171054193230673,0.4660997342779033,3.4517598491049504,0.052922297259018126,10.832901911108664,0.10911115291342345,11.020279514523775,26.047165492465545,11.368145028038619,0.0,0.0,0.0,0.13929491994766566,0.6078651307223697,0.014733550885033213,-866.9488794975186,0.6073194027849925,3.188679245283019,0.8785495485937864,1.2005620375768067,2.3023654963616837,0.24250521297577227,3.227210460772105,9.225004064379776,0.7516217041746902,0.6771875569315031,4.891080615017224,Information Technology Services,Technology,IT
2017Q3,2017,Q3,2017-11-02,2017-09-30,-48180000.0,828085000.0,6151000.0,-0.53,495878000.0,0.5988249998,7011492000.0,863410000.0,1812283000.0,2482035000.0,6148082000.0,0.0,1539978000.0,11274531840.0,13986345840.0,9.52738788841808,0.7301601306992045,0.47662180888176153,3.8705018473262993,0.0011377596689207718,9.52738788841808,-0.05580199441748416,13.61518665354402,-58.50213698630137,13.05814368608193,0.0,0.0,0.0,0.11810396417766718,0.6060748539001263,-0.006871575978408019,97.56684441444482,0.5988249998490494,0.4854368932038835,-2.58472394321021,1.282457378412547,2.4077997823824817,0.008441675970609708,0.47789902580162763,110.83928571428571,-2.3903472393841194,0.7174067747245697,4.528986999780686,Information Technology Services,Technology,IT
2017Q2,2017,Q2,2017-08-08,2017-06-30,-92281000.0,843731000.0,-56000.0,-1.03,491727000.0,0.5828006794,6994887000.0,853675000.0,1759974000.0,2243907000.0,6141212000.0,0.0,1588158000.0,11029072470.0,13857675470.0,9.559951622114964,0.7843346448850153,0.4886261922458504,4.003730928046387,-8.474901295940854e-06,9.559951622114964,-0.10809851524292031,13.071787655070159,-29.87904462998884,12.919521445514981,0.0,0.0,0.0,0.12062110510148341,0.6576364350215941,-0.01319263627847026,135.49894921126347,0.5828006793634464,-3.395348837209302,-3.3254613196199685,1.219034187749426,3.1509713612403867,0.2687764475178037,-3.5328960008783246,-1.001046455133236,-2.744202211784623,0.6271930376074798,3.3330502871431364,Information Technology Services,Technology,IT
2017Q1,2017,Q1,2017-05-04,2017-03-31,36433000.0,625169000.0,53514000.0,0.43,387560000.0,0.6199283714,3365300000.0,102817000.0,2175695000.0,1470356000.0,3262483000.0,0.0,1680439000.0,8945351650.0,9346157650.0,1.2412265346773708,1.4797062752149819,0.48396784833447243,15.840736454088331,0.02321782142350547,1.2412265346773708,0.3543480163786144,14.308693569258873,61.38220603573683,87.00265179882703,0.0,0.0,0.0,0.18576917362493686,1.3223858711767762,0.010826077912816093,-221.9414874085101,0.619928371368382,-0.4556962025316456,0.2006312090122903,0.9097532041759243,-0.32501022835225507,-0.08627526794513314,-0.4520117319696172,-0.5076320075077976,0.06843397024914957,0.5487743766298425,-0.5193454154968469,Information Technology Services,Technology,IT
2016Q4,2016,Q4,2017-02-22,2016-12-31,66485000.0,703217000.0,108687000.0,0.79,424154000.0,0.603162324,2367335000.0,60878000.0,1343196000.0,1460249000.0,2306457000.0,0.0,1644005000.0,8352121589.999999,8572279589.999999,0.736691796652831,0.919840383386669,0.29332181545915553,11.406271559512467,0.09010241753779742,0.736691796652831,1.092102237261408,11.877018886062196,31.40603741445439,137.1944148953645,0.0,0.0,0.0,0.2970500583990014,0.7651064989601088,0.02808432266662724,118.66674608925449,0.6031623240052502,1.1944444444444446,0.692052203726062,0.8840410624370884,-0.6162584005366082,0.20863288852415107,1.1809801863272535,1.2305750523334564,0.20783589698379398,0.5068703056578261,-0.8120020505309083,Information Technology Services,Technology,IT
2016Q3,2016,Q3,2016-11-03,2016-09-30,30484000.0,574059000.0,48726000.0,0.36,350937000.0,0.6113256651,2277740000.0,-10498000.0,1245949000.0,1417424000.0,2288238000.0,0.0,1577521000.0,7309331100.0,7580002100.0,-0.12703598828626056,0.8790234961451195,0.3233051182312292,-70.14717088969327,0.04572756755858394,-0.12703598828626056,-2.90379119832349,12.732717542970322,59.94399603070464,-696.2593922651934,0.0,0.0,0.0,0.25203008245014796,0.7238031809818375,0.013383441481468474,62.25528792511647,0.6113256651319812,-0.3684210526315789,0.16314604215134101,0.9297491452983722,-1.0628787786012734,-0.07300779764168885,-0.3637369288889817,-0.41504699936373785,-0.10478941635395222,0.5677432474704089,-1.036609320248932,Information Technology Services,Technology,IT
2016Q2,2016,Q2,2016-08-04,2016-06-30,47911000.0,609998000.0,83299000.0,0.57,378576000.0,0.6206184283,2304521000.0,-52828000.0,1233656000.0,1387241000.0,2357349000.0,0.0,1538762000.0,8042072190.0,8423034190.0,-0.6398817815138265,0.8892874417639041,0.35843240308940555,-15.635931702884834,0.06686884359288377,-0.6398817815138265,-0.9069243582948436,13.183768127108614,41.963600164889066,-152.23124460513364,0.0,0.0,0.0,0.26469622103682283,0.7632761719124507,0.02079000364934839,63.847759076510236,0.6206184282571419,0.18749999999999994,0.7448812124104304,0.9583329967746694,-1.2872573141556054,0.09660656093851835,0.19279508053875072,0.29288053516273727,0.16746082857924777,0.5500244867370777,-1.1821642555792768,Information Technology Services,Technology,IT
2016Q1,2016,Q1,2016-05-05,2016-03-31,40167000.0,557266000.0,64429000.0,0.48,345225000.0,0.6194976905,2211509000.0,-112670000.0,1179277000.0,1291224000.0,2324179000.0,0.0,1490851000.0,7366996850.0,7853053850.0,-1.3665085929824987,0.9133016424725686,0.4024401438113071,-7.8991745806337095,0.05520490071526443,-1.3665085929824987,-0.35650128694417327,13.219892923666615,45.85229697263923,-65.38561152036921,0.0,0.0,0.0,0.25198450469792344,0.7797407730959152,0.018162711524122216,3647.0281435643565,0.6194976905104564,-0.38461538461538464,0.6094989739855189,0.9778306772004829,-1.6274761782812843,-0.10690956691355086,-0.38921582044614755,-0.36598734513535586,0.24324292107906,0.5552042538108188,-1.400738106199134,Information Technology Services,Technology,IT
2015Q4,2015,Q4,2016-02-24,2015-12-31,65763000.0,643768000.0,101621000.0,0.78,386551000.0,0.6004507835,2174686000.0,-132400000.0,1140997000.0,1323492000.0,2307086000.0,0.0,1450684000.0,7498803900.0,7950827900.0,-1.6014127266349771,0.8621109912262409,0.3793651129404429,-6.231117824773414,0.09981696324579671,-1.6014127266349771,-0.49669939577039274,11.648301717388874,28.50692600702523,-56.637491691842904,0.0,0.0,0.0,0.29602802427568853,0.7206231696149278,0.030240227784608904,108.37518101542064,0.6004507835120727,1.1666666666666667,1.090586101252558,0.9642738809845164,-1.825653527190416,0.26091452355788675,1.1656787196206284,0.9365971719327667,0.2641703679175777,0.5333330124585333,-1.4881840689843928,Information Technology Services,Technology,IT
2015Q3,2015,Q3,2015-11-05,2015-09-30,30366000.0,500166000.0,52474000.0,0.36,306564000.0,0.6129245091,2091542000.0,-159589000.0,1061399000.0,1235100000.0,2251131000.0,0.0,1384922000.0,6965266770.000001,7434022770.000001,-1.92301389340756,0.859362804631204,0.4016175625447636,-5.263520668717769,0.045216584114729355,-1.92301389340756,-0.19027627217414733,13.925910137834242,57.34428941908714,-43.64503048455721,0.0,0.0,0.0,0.23913744022352887,0.691074406930613,0.014518474885993206,66.68453887468766,0.6129245090629911,-0.4098360655737705,0.7401715803023124,0.9431374866150056,-2.190457360090907,-0.09150340355795532,-0.40639233701495453,-0.3842525228819526,0.090679392396794,0.5054440538117769,-1.6878324262875026,Information Technology Services,Technology,IT
2015Q2,2015,Q2,2015-05-07,2015-06-30,51155000.0,547936000.0,85220000.0,0.61,337441000.0,0.6158401711,1861039000.0,-170155000.0,1066068000.0,1204520000.0,2031194000.0,0.0,1354555000.0,7137153340.0,7494572340.0,-2.0450584714493467,0.8850562879819347,0.3841939905611865,-4.2020510710822485,0.10062918874742885,-2.0450584714493467,-0.3006376539037936,13.025523674297729,34.88003782621445,-41.94501096059475,0.0,0.0,0.0,0.294424780995992,0.7348952279746289,0.02748733368833216,54.168652681431105,0.6158401711148748,0.9062499999999999,1.924078355749207,1.0049721118561363,-2.828587863297503,0.1500115873275533,0.8043455257310148,0.7505443490407132,0.38351158475378777,0.5466345416581074,-1.887973023567482,Information Technology Services,Technology,IT
2015Q1,2015,Q1,2015-03-31,2015-03-31,28351000.0,471186000.0,48682000.0,0.32,293424000.0,0.6227349709,1789370000.0,-139513000.0,1000648000.0,1420731000.0,1928883000.0,0.0,1303401000.0,7256295149.999999,7639642149.999999,-1.6121401911276996,0.7043191145966408,0.37163918027015097,-4.766580892103245,0.05936899526914689,-1.6121401911276996,-0.20321403740153246,15.4000652608524,63.98623637614193,-52.01160572849842,0.0,0.0,0.0,0.263325080894393,0.5687473561145635,0.015844123909532406,-1215.6634528396714,0.6227349709032102,-0.5151515151515151,0.6202851151428073,0.766191150789993,-2.3342228608492084,-0.1570794934847057,-0.5206445286081428,-0.49204924874791317,-0.10569619096252253,0.3777619765598139,-1.8766958400194735,Information Technology Services,Technology,IT
2014Q4,2014,Q4,2015-02-27,2014-12-31,59144000.0,583979000.0,95840000.0,0.66,348104000.0,0.5960899279,1904351000.0,161171000.0,1096658000.0,1215218000.0,1743180000.0,0.0,1275049000.0,7380753869.999999,7420451869.999999,1.8388649925268405,0.9024372581709619,0.2126708784252483,2.5128590130978896,0.10848373855361367,1.8388649925268405,0.3669642801744731,12.638731649596988,31.19823595800081,45.79455280416452,0.0,0.0,0.0,0.3066551281775261,0.754933682680803,0.03105729983600712,126.8170768041237,0.5960899278912427,0.736842105263158,1.5181061689747442,0.9444488386067318,0.5680721666846154,0.23056691683075214,0.7474443065650298,0.9404344921139479,0.4191825577481045,0.47514842469718194,-0.04213811442503713,Information Technology Services,Technology,IT
2014Q3,2014,Q3,2014-11-07,2014-09-30,33846000.0,470940000.0,49391000.0,0.38,282881000.0,0.6006731218,1768953000.0,152523000.0,959234000.0,1358872000.0,1616430000.0,0.0,1215905000.0,6503050110.0,6531830110.0,1.7231706077073423,0.7059046032297376,0.2091632734165351,2.425863640237866,0.06887835068253319,1.7231706077073423,0.221907515587813,13.808659510765702,48.03411119482361,42.63652111484826,0.0,0.0,0.0,0.26622527562914333,0.5822056823600751,0.01913335176231364,55.82688142781107,0.6006731218414235,-0.3448275862068965,0.8078229476000239,0.8872225658878433,1.184869051299195,-0.10662198950234018,-0.36187782805429863,-0.3959100304546177,0.20570866373590668,0.47802793973826935,-0.14708528979917151,Information Technology Services,Technology,IT
2014Q2,2014,Q2,2014-08-05,2014-06-30,53040000.0,519820000.0,81761000.0,0.58,316642000.0,0.6091377785,1796808000.0,197509000.0,971769000.0,1345548000.0,1599299000.0,0.0,1182059000.0,6313020920.0,6370095920.0,2.206286793042973,0.7222105788868178,0.2087034340897859,1.8986476565624857,0.09557300509130495,2.206286793042973,0.268544724544198,12.144628756107883,29.755943250377072,31.963206334901194,0.0,0.0,0.0,0.28930191762280666,0.6028331950996917,0.029519013717659318,49.975625148430204,0.6091377784617752,0.44999999999999984,2.253591382424879,1.029760982246411,4.765757931363445,0.14774848576016472,0.4055543777824889,0.3817982085516309,0.7814500323245901,0.539042505618228,-0.009548268545579967,Information Technology Services,Technology,IT
2014Q1,2014,Q1,2014-05-01,2014-03-31,37736000.0,446702000.0,59170000.0,0.4,275881000.0,0.6175951753,1757713000.0,236723000.0,945668000.0,1266621000.0,1520990000.0,0.0,1129019000.0,6365495360.0,6437211360.0,2.5823669942946905,0.7466069171441181,0.20196698778469524,1.4996430427123684,0.06656177033231146,2.5823669942946905,0.15940994326702518,14.24998177756088,42.1712380750477,26.890058676174263,0.0,0.0,0.0,0.2541381897954899,0.6160335254192059,0.02146880634096693,873.7811063829787,0.6175951753070279,-0.3846153846153846,0.9330655601933856,0.6727922838727788,53.2216225470221,-0.11177756528514259,-0.38558728711452667,-0.33334835562265513,0.36003662775208967,0.4259946384368798,0.18577649699456528,Information Technology Services,Technology,IT
2013Q4,2013,Q4,2014-02-26,2013-12-31,61418000.0,520707000.0,88757000.0,0.65,310599000.0,0.5964947658,1783582000.0,361316000.0,1084882000.0,1159923000.0,1422266000.0,0.0,1091283000.0,6551165250.0,6332175250.0,3.9186161271080744,0.9353051883616412,0.1149372442646315,0.567370390461535,0.11131762937656745,3.9186161271080744,0.1699841689822759,12.581288997459223,26.666308126282196,18.13140090668556,0.0,0.0,0.0,0.29194452511855357,0.7887704614875298,0.0344351983816836,101.006263587166,0.5964947657703853,0.625,0.8589345503517335,0.5267370436379196,18.261691551097485,0.24753584769249307,0.6080536209875896,0.5109374734010861,0.7507024899169549,0.4246110544784665,1.0203531377264397,Information Technology Services,Technology,IT
2013Q3,2013,Q3,2013-11-07,2013-09-30,38194000.0,410705000.0,58743000.0,0.4,248970000.0,0.6062015315,1628398000.0,321635000.0,935155000.0,1043993000.0,1306763000.0,0.0,1029865000.0,5561340000.0,5391819000.0,3.4700449891572895,0.8957483431402318,0.12589059922697032,0.6373684455982713,0.0752386512738261,3.4700449891572895,0.11874951420087988,13.540960056488233,36.40192176781694,17.29084210362678,0.0,0.0,0.0,0.2522141392951846,0.7343871079595361,0.023454953887194655,59.405870791317724,0.6062015315128864,-0.18367346938775503,1.0742411154852034,0.40710080017980144,22.931714348839485,-0.07150289211353643,-0.17887087758524314,-0.2060361955478665,0.9597106939129201,0.4286034311245803,1.1481595173859536,Information Technology Services,Technology,IT
2013Q2,2013,Q2,2013-08-02,2013-06-30,46514000.0,446047000.0,73987000.0,0.49,268143000.0,0.6011541385,1613787000.0,328694000.0,923358000.0,1014840000.0,1285093000.0,0.0,991671000.0,5399219800.0,5270856800.0,3.5126637741252913,0.9098557408064325,0.12703039496538268,0.6236803835786476,0.09010694133549896,3.5126637741252913,0.14151155786232789,12.10459839433961,29.019326439351595,16.426280370192337,0.0,0.0,0.0,0.2763976906493856,0.754181940010248,0.028822886787413706,48.80165407281536,0.601154138465229,0.28947368421052627,0.576782337345658,0.3144935056477236,9.00592578595937,0.10339194377348086,0.26827539195637357,0.37000277752059996,1.364113901220538,0.45125227978695653,2.140846305806666,Information Technology Services,Technology,IT
2013Q1,2013,Q1,2013-05-02,2013-03-31,36675000.0,406754000.0,54005000.0,0.38,243017000.0,0.5974544811,1567395000.0,319157000.0,875040000.0,975092000.0,1248238000.0,0.0,945157000.0,5099055600.0,5034992600.0,3.4099791655537155,0.8973922460649867,0.13079026027261795,0.6423171041211692,0.07297610113195034,3.4099791655537155,0.1149120965543604,12.535969160721223,34.75838854805726,15.97663720363332,0.0,0.0,0.0,0.25950956842404116,0.7286163767111206,0.023398696563406162,507.62126431060227,0.5974544810868485,-0.3770491803278688,1.6258344241917602,0.4649655035660127,19.934862449576848,-0.11480503396652522,-0.3765193886744981,-0.3220647493754786,0.937993904083145,0.4097314305168671,1.8221318361393608,Information Technology Services,Technology,IT
2012Q4,2012,Q4,2013-02-22,2012-12-31,58823000.0,474749000.0,79661000.0,0.61,274535000.0,0.5782739932,1621277000.0,306673000.0,927466000.0,1070000000.0,1314604000.0,0.0,908482000.0,4302317760.0,4207465760.0,3.280346140681157,0.8667906542056075,0.12644353802588948,0.6684644556253729,0.11754733656388945,3.280346140681157,0.1918101691378113,9.062299783675163,18.285015045135406,14.029007313979385,0.0,0.0,0.0,0.2928241133378195,0.7138504672897197,0.036281893840472666,74.7904,0.5782739932048303,0.8484848484848484,0.5850442959431467,0.4253965668951138,17.332669396343032,0.22964844152412178,0.8748366533864542,0.6006470020896962,1.3479654408339043,0.48198748388491935,1.7972795725613,Information Technology Services,Technology,IT
2012Q3,2012,Q3,2012-11-06,2012-09-30,31375000.0,374406000.0,49768000.0,0.33,223263000.0,0.5963125591,1479148000.0,261465000.0,781978000.0,968893000.0,1217683000.0,0.0,849659000.0,4283307599.9999995,4227916599.9999995,2.7957592865849747,0.8070839607675977,0.13521297395527695,0.7649207350888264,0.07228484208869916,2.7957592865849747,0.11999694031705964,11.440274995593018,34.129941035856575,16.381953990017784,0.0,0.0,0.0,0.2531227436334971,0.6464511561132137,0.021211535289234074,43.20420007867582,0.5963125590936043,-0.23255813953488366,1.8121032151590672,0.5351114474625209,3.109393383375035,-0.05491142294748873,-0.24368431202391283,-0.20653040400497433,0.5860816991250223,0.42001723700228677,2.5448422302588702,Information Technology Services,Technology,IT
2012Q2,2012,Q2,2012-08-03,2012-06-30,41484000.0,397482000.0,62722000.0,0.43,236235000.0,0.5943287998,1380115000.0,214991000.0,686350000.0,908357000.0,1165124000.0,0.0,818284000.0,4018717499.9999995,4068274499.9999995,2.303063738618104,0.7555949918369099,0.14497922274593059,0.9306808191970827,0.10362502280989268,2.303063738618104,0.19295691447548968,10.110438963273808,24.218478811107897,18.69249177872562,0.0,0.0,0.0,0.28800643424642147,0.5944193747612447,0.030058364701492268,59.75876964713229,0.5943287997947077,0.19444444444444448,2.2981116972278377,0.4627526128256456,1.9842423326156138,0.06073872514682903,0.21223809941264135,0.17114795727836282,1.4403421538726222,0.4884011055586468,5.018668134734304,Information Technology Services,Technology,IT
2012Q1,2012,Q1,2012-05-03,2012-03-31,34221000.0,369171000.0,53556000.0,0.36,222708000.0,0.6032651535,1349848000.0,171781000.0,676820000.0,911052000.0,1178067000.0,0.0,776801000.0,3983258240.0,4084566240.0,1.8388819902372184,0.7428994173768347,0.17801485796919356,1.3988333983385823,0.08827578581464836,1.8388819902372184,0.19921295137413333,10.789737655449642,29.09951667104994,23.188002398402617,0.0,0.0,0.0,0.2734907930374383,0.5741823737832747,0.02535174330739461,344.5427073782545,0.6032651535467304,-0.21739130434782614,3.6292426320107265,0.5484845891136764,4.37323310690265,-0.0998496435096115,-0.23993869936034115,-0.2289996113038596,0.7202225760301499,0.35660347160104255,37.61076500878674,Information Technology Services,Technology,IT
2011Q4,2011,Q4,2012-02-23,2011-12-31,45024000.0,427694000.0,69463000.0,0.46,247412000.0,0.578479006,1379872000.0,181784000.0,705785000.0,921137000.0,1198088000.0,0.0,742579000.0,3292406070.0000005,3349667070.0000005,1.919760061674288,0.7662106722452795,0.1449409800329306,1.1002068388857105,0.12237175946441589,1.919760061674288,0.24767856356995116,7.6980412865272845,18.281394756130066,18.111638373014127,0.0,0.0,0.0,0.3099519375710211,0.6120392514902778,0.03262911342501333,54.09180787618907,0.5784790060183215,0.48387096774193555,1.1808825232525202,0.5383901233475116,6.5513139807198115,0.21825021665484912,0.47794117647058826,0.4701164021164021,0.326961352087076,0.2210958463027761,9.45663493484201,Information Technology Services,Technology,IT
2011Q3,2011,Q3,2011-11-01,2011-09-30,30464000.0,345784000.0,47250000.0,0.31,203088000.0,0.5873261921,1304431000.0,194067000.0,633686000.0,834492000.0,1110364000.0,0.0,697555000.0,3349507589.9999995,3402604589.9999995,2.020331678066148,0.7593673756009645,0.16098973422128116,1.0821005116789562,0.08018412021913458,2.020331678066148,0.15697671422756057,9.686704966106007,27.487424418986343,17.259542271483557,0.0,0.0,0.0,0.26508416313319755,0.606584604765534,0.023354244111033852,34.07711298986692,0.5873261920736644,-0.03125000000000003,2.747216389186489,0.6931461104316347,0.22864764447321162,-0.04690213157376034,-0.05458833752288738,-0.08373409866583928,0.5964311722899992,0.14313965800514025,13.769095902707287,Information Technology Services,Technology,IT
2011Q2,2011,Q2,2011-08-02,2011-06-30,32223000.0,365543000.0,51568000.0,0.32,213082000.0,0.5829191094,1295972000.0,215819000.0,625609000.0,799367000.0,1080153000.0,0.0,667091000.0,3903536940.0,3998195940.0,2.227556096856099,0.7826305063881797,0.16975675400394452,1.0193727150992267,0.07910301946031328,2.227556096856099,0.1493056681756472,10.678735306106258,30.285331440275577,18.08708658644512,0.0,0.0,0.0,0.2820608778584722,0.6078622209823523,0.02486396311031411,47.13221212011447,0.5829191093797447,0.10344827586206906,1.0695522340061083,0.5076773945457149,0.4430931018882349,0.08576262031785825,0.10386763043403789,0.1264061510233503,0.05498964683315361,0.04042424080406497,6.076958667907836,Information Technology Services,Technology,IT
2011Q1,2011,Q1,2011-05-05,2011-03-31,29191000.0,329567000.0,45781000.0,0.29,196251000.0,0.5954813437,1275374000.0,210030000.0,616240000.0,784218000.0,1065344000.0,0.0,634868000.0,4018738140.0,4164902140.0,2.1777856120777255,0.7858019071227643,0.20007229251968442,1.2149073941817836,0.0674116332852543,2.1777856120777255,0.13898490691805931,12.193994362299623,34.417612791613855,19.134114840737038,0.0,0.0,0.0,0.2584081218528839,0.5789691131802637,0.022888188092277245,-141.66448604060915,0.5954813437024945,-0.23684210526315796,3.4318564685966853,0.6835382050141132,0.603435722655631,-0.09705307230440084,-0.2044748460238731,-0.13741191543882128,1.0283020446532372,0.15192903472243452,13.092763330025596,Information Technology Services,Technology,IT
2010Q4,2010,Q4,2011-02-15,2010-12-31,36694000.0,382304000.0,53074000.0,0.38,217345000.0,0.568513539,1285658000.0,187056000.0,621102000.0,811152000.0,1098602000.0,0.0,605677000.0,3201874400.0000005,3301849400.0000005,1.9395698969328716,0.7657035919285164,0.17123994094852596,1.1769523565135573,0.10235013270368866,1.9395698969328716,0.1961658540757848,8.375205072403116,21.81469995094566,17.117196989136943,0.0,0.0,0.0,0.29736057334065513,0.5979138311931672,0.028541027240525863,45.97685845981535,0.5685135389637566,0.8999999999999999,1.9227907938104192,0.5588995834386861,0.5053273637961897,0.2768101042737553,0.8278455790784558,0.619937124194976,-0.04152905753675243,0.11267966907439847,9.839555390391217,Information Technology Services,Technology,IT
2010Q3,2010,Q3,2010-11-03,2010-09-30,20075000.0,296122000.0,32763000.0,0.2,170225000.0,0.5748475291,1236373000.0,154223000.0,571848000.0,927377000.0,1082150000.0,0.0,568983000.0,2810725120.0,2962313120.0,1.6153572214133838,0.6166294829395165,0.24264522114281045,1.945235146508627,0.049277015818441725,1.6153572214133838,0.1301686518872023,9.491780820067405,35.00280348692404,18.225070968662262,0.0,0.0,0.0,0.23950862725083774,0.4835131774887667,0.016237009381473065,46.639427860283746,0.574847529058969,0.0,14.750191384791364,0.5492529729826183,0.46757241099741703,-0.03203702966581182,-0.0018893253119872718,-0.04285714285714286,0.7625290866627805,0.18932623987750075,1.374359734514819,Information Technology Services,Technology,IT
2010Q2,2010,Q2,2010-08-09,2010-06-30,20113000.0,314195000.0,34230000.0,0.2,175859000.0,0.5597129171,1174271000.0,106981000.0,517967000.0,892496000.0,1067290000.0,0.0,548908000.0,2224025250.0,2458661250.0,1.1183812998525984,0.5803577831161149,0.3040184080165481,3.337041156840934,0.04879889433436525,1.1183812998525984,0.18800534674381433,7.07848708604529,27.644126311340923,20.788974210373805,0.0,0.0,0.0,0.2675660047808385,0.45542164894856674,0.017128073502624182,34.07057998988924,0.5597129171374465,0.05263157894736847,29.722924268885357,0.3383924216455627,0.042999681805750915,0.017779115326963257,0.03659227954440035,0.17234057127200494,0.5604834022163422,0.12836667578502572,0.44916563231046164,Information Technology Services,Technology,IT
2010Q1,2010,Q1,2010-05-05,2010-03-31,19403000.0,295833000.0,29198000.0,0.19,172787000.0,0.5840693905,1180827000.0,115952000.0,534272000.0,882454000.0,1064875000.0,0.0,528795000.0,2134217119.9999998,2395304120.0,1.208299031918552,0.6054389237286023,0.31079912637498974,3.1651028011591005,0.042554379978835495,1.208299031918552,0.16733648406237064,7.214263182268374,27.498545585734163,18.406039740582308,0.0,0.0,0.0,0.2505303486454832,0.4635686392718487,0.016431704220855384,-187.57401300755842,0.5840693905007217,-0.29629629629629634,2.530487466660838,0.7174494197433053,0.1644808933133144,-0.05232877012855952,-0.24548918960958158,-0.3005461862782675,1.5550745853768997,0.2079344793542931,2.530662867879655,Information Technology Services,Technology,IT
2009Q4,2009,Q4,2010-02-19,2009-12-31,25716000.0,328827000.0,41744000.0,0.27,182328000.0,0.5544800153,1215279000.0,112535000.0,557825000.0,898173000.0,1102744000.0,0.0,509392000.0,1731172520.0,1943598520.0,1.1726915582047248,0.6210663201855322,0.2707197277333024,2.9235349002532547,0.06330925329193321,1.1726915582047248,0.22851557293286534,5.264690916500165,16.829721962980244,15.38341422668503,0.0,0.0,0.0,0.2705773735907557,0.4833946244209078,0.02116057300422372,42.97846375372393,0.5544800153272086,0.28571428571428586,4.69647019471461,0.4935379414401327,0.0038502324186668693,0.22081835164614427,0.2815069517117656,0.5168053486428545,0.22912626784033513,0.16709358557968518,3.612744235766826,Information Technology Services,Technology,IT
2009Q3,2009,Q3,2009-10-30,2009-09-30,20067000.0,267469000.0,27521000.0,0.21,149349000.0,0.558378728,996840000.0,74824000.0,455707000.0,696209000.0,922016000.0,0.0,483676000.0,1733311440.0,1885533440.0,0.7886837001433511,0.6545548822264579,0.2658400545724489,3.5416443921736342,0.07229300984503764,0.7886837001433511,0.268189351010371,6.480419936516007,21.594052922708926,23.165180156099645,0.0,0.0,0.0,0.2683168813450504,0.5225844538062564,0.02013061273624654,33.0614271272436,0.5583787280021236,0.16666666666666666,159.97336338698457,0.7004133210233819,-0.07074566155422575,-0.023039032910100673,0.16770439336630782,-0.10532817528688924,1.4991668964780385,0.3260318642384529,-0.5203686696913643,Information Technology Services,Technology,IT
2009Q2,2009,Q2,2009-08-04,2009-06-30,17185000.0,269971000.0,30761000.0,0.18,152871000.0,0.5662497083,972208000.0,36111000.0,435989000.0,661891000.0,936097000.0,0.0,463609000.0,1440086200.0,1659622200.0,0.38265338560983364,0.6587021125834919,0.32554761943946153,8.764642352745701,0.058520618634824176,0.38265338560983364,0.4758937719808369,5.334225527927074,20.949755600814665,39.87943285979341,0.0,0.0,0.0,0.277688519329197,0.5275672278366076,0.017676258578411205,32.88093248396009,0.5662497083020028,-0.14285714285714285,1.1818102217984612,0.6588951337275026,-0.8812452220862066,-0.025610463448680277,-0.14057811562312464,-0.10710864706394589,0.1331490223642834,0.14317873644292312,-0.752103005636045,Information Technology Services,Technology,IT
2009Q1,2009,Q1,2009-05-08,2009-03-31,19996000.0,273533000.0,34451000.0,0.21,156889000.0,0.573565164,948691000.0,4472000.0,418210000.0,641549000.0,944219000.0,0.0,446424000.0,1033816980.0,1301553980.0,0.047626147521778954,0.6518753828624159,0.3562803905592021,75.5813953488372,0.06930230224194166,0.047626147521778954,4.471377459749553,3.779496367897109,12.925297309461893,231.17553220035776,0.0,0.0,0.0,0.28832675760600657,0.5132920478404611,0.021077463578762737,100.45835973180449,0.5735651639838704,-0.4166666666666667,58.806705974421256,0.8192010246327074,-0.9842211633897908,-0.1951933928388222,-0.4056945847946264,-0.3823882684068052,2.1180976219081398,0.43515514573975406,-0.964934350817007,Information Technology Services,Technology,IT
2008Q4,2008,Q4,2009-02-20,2008-12-31,33646000.0,347321000.0,55781000.0,0.36,194940000.0,0.5612675306,1093065000.0,-21316000.0,554524000.0,792409000.0,1114381000.0,0.0,426428000.0,1674201339.9999998,1949522339.9999998,-0.22701228993162795,0.6997951815287308,0.38080992438693034,-19.527584912741602,0.09259835306882813,-0.22701228993162795,-1.578438731469319,4.8203285721278,12.439824496225404,-78.54200319009193,0.0,0.0,0.0,0.3177496306258091,0.5798015923595012,0.030781335053267647,40.95604824110768,0.5612675306128913,0.894736842105263,3.0655323169520594,0.18311637152928778,-1.0471405176214923,0.1244613902620513,0.791491400883872,0.6083559194971455,1.7526182238433654,0.45462218830875434,-1.1761874178870808,Information Technology Services,Technology,IT
2008Q3,2008,Q3,2008-10-30,2008-09-30,18781000.0,297706000.0,34682000.0,0.19,173363000.0,0.5823295466,1115416000.0,-14958000.0,543827000.0,797150000.0,1130374000.0,0.0,392783000.0,2144144520.0,2423473520.0,-0.15822041697077396,0.6822141378661482,0.38057549828942744,-28.37946249498596,0.05517661882641283,-0.15822041697077396,-1.2555822970985426,7.202221386199808,28.54140514349609,-143.3443321299639,0.0,0.0,0.0,0.2669013175353411,0.5630471053126764,0.016837664154001737,42.65341502715391,0.5823295465996654,-0.36666666666666664,1.831667516530411,0.24784714031195898,0.1999671923685043,-0.09606019208909931,-0.37187290969899667,-0.2710036784025223,13.990966623386827,0.5729279043833324,-1.1437452445346101,Information Technology Services,Technology,IT
2008Q2,2008,Q2,2008-07-30,2008-06-30,29900000.0,343939000.0,47575000.0,0.3,191786000.0,0.5576163215,1120925000.0,-41614000.0,540635000.0,806795000.0,1162539000.0,0.0,374002000.0,1965188400.0,2298041400.0,-0.4387579735357689,0.6701020705383648,0.41907353301960437,-11.288268371221223,0.07883811357417829,-0.4387579735357689,-0.7185081943576681,5.713770174362314,16.431341137123745,-47.22421300523862,0.0,0.0,0.0,0.3068349800388072,0.5579558623937927,0.026674398376340967,31.612965703622674,0.5576163214988704,1.1428571428571426,0.9432560702764953,0.3469487179765868,-0.09222876229643134,0.16843650808156502,1.0489275680120607,0.8068742878845423,44.065084469481114,0.4776376184571621,-1.409184619635412,Information Technology Services,Technology,IT
2008Q1,2008,Q1,2008-05-08,2008-03-31,14593000.0,290099000.0,26330000.0,0.14,164139000.0,0.5658033982,1095801000.0,-17611000.0,520810000.0,872321000.0,1113412000.0,0.0,344102000.0,1891258600.0,2216323600.0,-0.18008998875140608,0.5970393926089135,0.38419384541536283,-23.905513599454885,0.043026201540961234,-0.18008998875140608,-0.8286298336267106,6.519355806121359,32.40009936270815,-107.39075577763897,0.0,0.0,0.0,0.264736936724825,0.4851172905386893,0.013317199016974797,281.98279409572086,0.5658033981502866,-0.65,8.944216361482953,0.16889204504000074,0.5803791178295504,-0.17206470585268172,-0.6240758391509312,-0.6128111995059041,2.1295744138845794,0.6526958631050074,-1.17355914838816,Information Technology Services,Technology,IT
2007Q4,2007,Q4,2008-02-28,2007-12-31,38819000.0,348391000.0,68003000.0,0.4,198251000.0,0.5690474209,1133210000.0,17498000.0,557790000.0,876012000.0,1115712000.0,0.0,322557000.0,1717192399.9999998,2001247399.9999998,0.17893445137539626,0.6367378529061246,0.34768489512093964,22.516859069607957,0.10047642895526762,0.17893445137539626,2.218482112241399,4.928922962992729,11.058968546330403,98.13649559949708,0.0,0.0,0.0,0.3074372799392875,0.530667388117971,0.034255786659136436,28.499699600019913,0.5690474208575996,2.6363636363636367,3.240563336262118,0.26156127154792713,1.5073518943060649,0.358739753817474,2.107011365455419,1.9214675430682648,7.438322629950042,0.5528341987962675,-0.8468281029703293,Information Technology Services,Technology,IT
2007Q3,2007,Q3,2007-10-30,2007-09-30,12494000.0,273119000.0,23277000.0,0.11,145908000.0,0.5342286696,1106082000.0,71250000.0,530818000.0,786408000.0,1034832000.0,0.0,283739000.0,2646476560.0,2895768560.0,0.68033381712627,0.6749905901262448,0.3318018013131034,5.150877192982456,0.03556271783969787,0.68033381712627,0.1753543859649123,9.689829561473204,52.95494957579638,37.14353066666666,0.0,0.0,0.0,0.24692473071616752,0.5500350962858974,0.011295726718272244,81.06339204214783,0.5342286695542968,-0.15384615384615388,-0.35960269232424735,-0.00996313450547612,12.647621029855664,-0.08395278754394776,-0.11062072892938496,0.009191415564708432,89.79215312523873,0.5729256855407934,-0.19840723088222675,Information Technology Services,Technology,IT
2007Q2,2007,Q2,2007-07-31,2007-06-30,14048000.0,303491000.0,23065000.0,0.13,159280000.0,0.5248261069,1079505000.0,80461000.0,515658000.0,748588000.0,999044000.0,0.0,271244000.0,2563728810.0,2820890810.0,0.7717415283093066,0.6888408577214703,0.3334861811663679,4.474217322678068,0.037761501152449084,0.7717415283093066,0.1745939026360597,8.447462395919484,45.624444938781316,31.86299958986341,0.0,0.0,0.0,0.2811390405787838,0.5428166094033033,0.013013371869514269,70.70014919199161,0.524826106869726,0.625,-0.3820645106718078,0.03194243244163138,6.751239897501054,0.13379459582585917,0.71484375,0.24851142145718308,0.6143672333718257,0.6879828683240106,-0.7604934459023169,Information Technology Services,Technology,IT
2007Q1,2007,Q1,2007-05-03,2007-03-31,8192000.0,264197000.0,18474000.0,0.08,140484000.0,0.5317395731,1057432000.0,35428000.0,499767000.0,766612000.0,1022004000.0,0.0,257196000.0,2479327950.0,2793233950.0,0.34223007892118507,0.6519164844797629,0.3830033515157476,11.431635994128937,0.028227885013228635,0.34223007892118507,0.23122953596025742,9.384391003682858,75.66308441162109,69.98215959128373,0.0,0.0,0.0,0.2498477443466814,0.5228746745420109,0.007747070260782726,-495.9647829565913,0.5317395731215722,-0.6363636363636365,2.5513762641668594,0.09211492727885581,3.20558410143638,-0.10803809523809524,-0.6370403190075321,-0.5502045188936502,21.224120443328342,0.5937739664361169,-0.886617062698027,Information Technology Services,Technology,IT
