Quarters,Year,Quarter,FillingDate,Date,NetIncome,Revenue,OperatingIncome,EPSDiluted,GrossProfit,GrossProfitRatio,TotalAssets,CommonStockEquity,CurrentAssets,CurrentLiability,TotalLiability,Inventory,RetainedEarnings,MarketCap,EnterpriseValue,bookValuePerShare,currentRatio,debtToAssets,debtToEquity,roic,shareholdersEquityPerShare,roe,priceToSalesRatio,peRatio,pbRatio,payoutRatio,inventoryTurnover,dividendYield,assetTurnover,quickRatio,returnOnAssets,priceToFreeCashFlowsRatio,grossProfitMargin,epsdilutedGrowth,fiveYNetIncomeGrowthPerShare,fiveYRevenueGrowthPerShare,fiveYShareholdersEquityGrowthPerShare,grossProfitGrowth,netIncomeGrowth,operatingIncomeGrowth,threeYNetIncomeGrowthPerShare,threeYRevenueGrowthPerShare,threeYShareholdersEquityGrowthPerShare,Industry,Sector,Symbol
2023Q1,2023,Q1,2023-05-04,2023-03-31,507800000.0,2888100000.0,669300000.0,1.61,1044400000.0,0.3616218275,42795900000.0,11667000000.0,2838500000.0,3765800000.0,30808200000.0,523500000.0,7526700000.0,29896766000.000004,47757766000.0,36.991122384273936,0.7537575017260608,0.4181872562558563,1.5339590297420074,0.0197553436169595,36.991122384273936,0.04352447072940773,10.351707350853504,14.718770185112248,2.5625067283791894,0.48463962189838516,3.5218720152817573,0.008231659571473383,0.06748543668902862,0.4823145148441234,0.011865622641421257,100.76429389956186,0.3616218274990478,1.0125,0.3011296155285508,0.2635100347064827,0.2033881660760169,0.4062205466540999,1.0071146245059288,0.7594637223974764,0.12146643109540634,0.3696765626482026,0.12458431731649705,Utilities—Regulated Electric,Utilities,WEC
2022Q4,2022,Q4,2023-02-23,2022-12-31,253000000.0,2558400000.0,380400000.0,0.8,742700000.0,0.2902986241,41872100000.0,11407300000.0,3187700000.0,4611000000.0,30255500000.0,807100000.0,7265300000.0,29571904000.0,46837504000.0,36.16772352568167,0.6913250921708957,0.4130315890533314,1.5160905735800758,0.010672683494025817,36.16772352568167,0.02217878025474915,11.558749218261413,29.221249011857708,2.5923666424131917,0.9067193675889328,2.2496592739437493,0.0077573632052910756,0.06110035083026646,0.814682281500759,0.006042209490328882,-46.776184751660864,0.29029862414008756,-0.1666666666666666,-0.41519881913033463,0.2457529541909474,0.2025678527471223,-0.0012103281334050564,-0.16308303010254713,-0.058881741712023754,0.036036036036036084,0.3136842105263157,0.12455884382578505,Utilities—Regulated Electric,Utilities,WEC
2022Q3,2022,Q3,2022-11-03,2022-09-30,302300000.0,2003000000.0,404200000.0,0.96,743600000.0,0.3712431353,40761000000.0,11385900000.0,2771000000.0,3369700000.0,29164900000.0,924600000.0,7242000000.0,28206222000.000004,44515122000.0,36.0998731769182,0.8223283971866931,0.4008095974092883,1.434879983137038,0.011726803031592096,36.0998731769182,0.02655038249062437,14.081988017973043,23.32634965266292,2.4772940215529733,0.7591796228911677,1.3621025308241401,0.008136502648245482,0.04914010941831653,0.9574146066415408,0.007416402934177277,-75.216592,0.37124313529705444,0.05494505494505487,0.4023722442658415,0.20921275002367162,0.23493284787445776,-0.00040328001075413364,0.050382209867963865,-0.009799118079372856,0.28857630008525137,0.24564676616915426,0.12939671077429724,Utilities—Regulated Electric,Utilities,WEC
2022Q2,2022,Q2,2022-08-04,2022-06-30,287800000.0,2127900000.0,408200000.0,0.91,743900000.0,0.3495934959,39607100000.0,11321000000.0,2642500000.0,3817800000.0,28116500000.0,572200000.0,7169500000.0,31741856000.0,47038456000.0,35.89410272669626,0.6921525485881922,0.3869735476720083,1.3538468333186113,0.012552964273892488,35.89410272669626,0.025421782528045226,14.916986700502843,27.572842251563586,2.8038031975973854,0.7970813064628214,2.4187347081440054,0.007227050617330001,0.05372521593350687,0.9035046361779036,0.007266373958204463,783.7495308641975,0.34959349593495936,-0.49444444444444446,0.44424522775682795,0.30508693483225285,0.23357640262058316,-0.30496122582453516,-0.4933098591549296,-0.4418922614164616,0.21949152542372896,0.3381335681046409,0.12684888419962984,Utilities—Regulated Electric,Utilities,WEC
2022Q1,2022,Q1,2022-05-05,2022-03-31,568000000.0,2908100000.0,731400000.0,1.8,1070300000.0,0.368040989,38974500000.0,11273600000.0,2562600000.0,3264400000.0,27530000000.0,368800000.0,7111400000.0,31480074000.0,46573974000.0,35.74381737476221,0.7850140914103664,0.38814352974380684,1.3418695004257735,0.022637616125156447,35.74381737476221,0.0503831961396537,10.824962690416424,13.855666373239437,2.792371026114107,0.4042253521126761,4.983188720173536,0.007293502550216369,0.07461545369408203,0.5114262957970837,0.014573631476991367,45.406135871916916,0.36804098896186516,1.535211267605634,0.5924913912925597,0.26272253027594966,0.23206080859272096,0.6340458015267175,1.5379803395889187,1.0395984383714445,0.35152257082815713,0.22361488832777948,0.12603963911147165,Utilities—Regulated Electric,Utilities,WEC
2021Q4,2021,Q4,2022-02-24,2021-12-31,223800000.0,2201900000.0,358600000.0,0.71,655000000.0,0.2974703665,38988500000.0,10943600000.0,2656700000.0,3753000000.0,27875200000.0,635800000.0,6775100000.0,30615877999.999996,46189678000.0,34.69752694990488,0.7078870237143619,0.39986406247996203,1.4245860594319968,0.01232058622637679,34.69752694990488,0.020450308856317847,13.90429992279395,34.20004244861483,2.797605723893417,0.9544235924932976,2.4329977980497013,0.006976771987398174,0.05647562742860074,0.4055422328803624,0.005740154148018005,-51.12018367006177,0.29747036650165765,-0.22826086956521746,0.15018959953022698,0.1224127655216949,0.2221311472277384,-0.08018536722370453,-0.22907337237340683,-0.08051282051282051,0.0904576595921461,0.060573059206251674,0.11485235736712296,Utilities—Regulated Electric,Utilities,WEC
2021Q3,2021,Q3,2021-11-04,2021-09-30,290300000.0,1746500000.0,390000000.0,0.92,712100000.0,0.4077297452046951,38400900000.0,10938900000.0,2408900000.0,3692600000.0,27294300000.0,645700000.0,6764500000.0,27818280000.0,42475980000.0,34.68262523779328,0.6523587715972485,0.38237905882414214,1.3423378950351499,0.01294340127543193,34.68262523779328,0.026538317381089506,15.928016032064129,23.956493282810886,2.5430600883086965,0.7361350327247674,1.6019823447421404,0.007681999030853094,0.045480704879312724,0.3437144559389048,0.007559718652427417,170.97897971727105,0.4077297452046951,0.05747126436781615,0.33678823609403585,0.02050071974413218,0.22685039341928953,0.03729060451565914,0.05066956207021354,0.057483731019522775,0.2436490015058545,0.06287871343974757,0.11591913504632817,Utilities—Regulated Electric,Utilities,WEC
2021Q2,2021,Q2,2021-08-05,2021-06-30,276300000.0,1676200000.0,368800000.0,0.87,686500000.0,0.4095573320606133,37794900000.0,10861300000.0,2278100000.0,3373900000.0,26764500000.0,452700000.0,6688200000.0,28054830000.0,42633630000.0,34.43658845909955,0.6752126619046208,0.3866606341067181,1.3454927126587057,0.012102110937949877,34.43658845909955,0.02543894377284487,16.737161436582745,25.38439196525516,2.5830084796479245,0.7737965979008324,2.186216037110669,0.007620791143628387,0.04434989906045524,0.4242271555173538,0.007310510148194597,96.2429845626072,0.4095573320606133,-0.4596273291925466,0.5216026752201867,0.046980589418585045,0.22611799746069094,-0.274236177185749,-0.4586598746081505,-0.4139520101700302,0.1949312712656894,0.0025300162178096184,0.1136245319741199,Utilities—Regulated Electric,Utilities,WEC
2021Q1,2021,Q1,2021-05-06,2021-03-31,510400000.0,2691400000.0,629300000.0,1.61,945900000.0,0.35145277550717097,37600600000.0,10797500000.0,2355500000.0,3714900000.0,26633000000.0,353500000.0,6626000000.0,29518286000.0,44177286000.0,34.23430564362714,0.6340682117957415,0.39055493795311774,1.3600463070155129,0.021534522458837378,34.23430564362714,0.04727020143551748,10.967632458943301,14.458408111285268,2.7338074554294978,0.41869122257053293,4.937765205091938,0.0072395802385002974,0.07157864502162199,0.4583434278177071,0.01357425147471051,-391.48920424403184,0.35145277550717097,1.118421052631579,0.4744169661100541,0.22742846150796966,0.2213963962721177,0.40926698450536353,1.1328875888006686,0.6985155195681512,0.3077915631464598,0.17745608095600138,0.11370392759113673,Utilities—Regulated Electric,Utilities,WEC
2020Q4,2020,Q4,2021-02-25,2020-12-31,239300000.0,1933400000.0,370500000.0,0.76,671200000.0,0.34716044274335367,37028100000.0,10500100000.0,2083000000.0,4148100000.0,26365600000.0,528600000.0,6329600000.0,29026262000.0,43292262000.0,33.29137603043754,0.502157614329452,0.3859447284629781,1.3610156093751489,0.012903496374558789,33.29137603043754,0.022790259140389138,15.013066101168926,30.324134977016296,2.7643795773373587,0.8336815712494776,2.3878168747635264,0.006873086172790695,0.05221439933455943,0.29594272076372313,0.006462659439722805,-77.65185125735688,0.34716044274335367,-0.09523809523809519,0.32262626022121577,0.04703727646900067,0.2101146102345521,0.002539208364451083,-0.10408086858854362,0.0008103727714748784,-0.4468659186477829,-0.05857615633490549,0.10693001066247573,Utilities—Regulated Electric,Utilities,WEC
2020Q3,2020,Q3,2020-11-06,2020-09-30,267100000.0,1651000000.0,370200000.0,0.84,669500000.0,0.40551181102362205,35422000000.0,10481100000.0,1727200000.0,2840000000.0,24862900000.0,573400000.0,6290100000.0,30562260000.0,43568860000.0,33.23113506658212,0.6081690140845071,0.36755970865563775,1.2422074018948392,0.013399790482806711,33.23113506658212,0.025483966377574874,18.51136281041793,28.605634593785098,2.9159401207888487,0.7469112691875702,1.7117195674921521,0.006527658622104517,0.04660945175314776,0.32566901408450705,0.0075405115464965275,-2680.9,0.40551181102362205,0.1052631578947368,0.4649537443211925,-0.027155832807205793,0.2042920013453607,0.060846141657423546,0.10417527904092601,0.09268004722550177,0.23907914800994476,-0.00328993994554072,0.13679679883513635,Utilities—Regulated Electric,Utilities,WEC
2020Q2,2020,Q2,2020-08-06,2020-06-30,241900000.0,1548700000.0,338800000.0,0.76,631100000.0,0.40750306708852585,35042000000.0,10414100000.0,1713400000.0,3484600000.0,24549300000.0,467700000.0,6222800000.0,27644810000.0,40459610000.0,33.018706404565634,0.491706365149515,0.36607784943781746,1.2318011157949318,0.011926581820998013,33.018706404565634,0.02322812340960813,17.850332536966487,28.570494005787516,2.6545558425596067,0.8247209590739976,1.961941415437246,0.007216544443604422,0.04419553678443011,0.27871204729380705,0.0069031447976713655,186.78925675675674,0.40750306708852585,-0.4685314685314685,1.1567860146591178,0.12700467346639013,-0.12021787882238859,-0.31267697669353084,-0.4657685512367491,-0.4593041812958825,0.21390868865315035,-0.05014890926513936,0.13475735487421744,Utilities—Regulated Electric,Utilities,WEC
2020Q1,2020,Q1,2020-05-07,2020-03-31,452800000.0,2108600000.0,626600000.0,1.43,918200000.0,0.4354548041354453,34832200000.0,10374500000.0,1845300000.0,2847700000.0,24347600000.0,391100000.0,6180700000.0,27796202000.0,40497002000.0,32.893151553582754,0.6479966288583769,0.36507025108950913,1.2257169020193743,0.022635393661015215,32.893151553582754,0.043645476890452554,13.182302001327896,15.3468429770318,2.679281121981782,0.44059187279151946,3.043722833035029,0.007177239537977167,0.06053594088228708,0.4186887663728623,0.012999466011334341,142.9845781893004,0.4354548041354453,0.857142857142857,0.6534024922873043,0.0862277251485493,0.6334300099830239,0.40591027407747665,0.8542178542178542,0.7256954007160562,0.2695072217909702,-0.08442738305427348,0.13380063677487083,Utilities—Regulated Electric,Utilities,WEC
2019Q4,2019,Q4,2020-02-27,2019-12-31,244200000.0,1947500000.0,363100000.0,0.77,653100000.0,0.3353530166880616,34951800000.0,10143800000.0,2093600000.0,3182700000.0,24697200000.0,549800000.0,5927700000.0,29089342000.0,41786842000.0,32.161699429296135,0.6578062651208094,0.36435891713731483,1.2554466767877916,0.013928115761825169,32.161699429296135,0.024073818490112187,14.936760975609756,29.780243652743657,2.8676967211498647,0.762080262080262,2.354310658421244,0.00639753212705877,0.05571959097957759,0.3814371445627926,0.006986764630147803,-118.97481390593047,0.3353530166880616,0.04054054054054058,0.43817531462884396,0.13655585528793826,0.6297303928689869,0.09857022708158115,0.04092071611253197,0.16789964618848505,0.2550326193265479,-0.007266969047867355,0.13281314478313663,Utilities—Regulated Electric,Utilities,WEC
2019Q3,2019,Q3,2019-11-07,2019-09-30,234600000.0,1608000000.0,310900000.0,0.74,594500000.0,0.3697139303482587,34377200000.0,10081400000.0,1773000000.0,2818400000.0,24190800000.0,593300000.0,5869900000.0,29994540000.0,42250840000.0,31.96385542168675,0.6290803292648312,0.35710587249688747,1.2177177772928363,0.01326592457583968,31.96385542168675,0.023270577499156862,18.653320895522388,31.963491048593347,2.9752355823595926,0.7932651321398124,1.7082420360694421,0.006204462545516618,0.046775188206136624,0.33061311382344594,0.006824290518134112,-280.8477528089888,0.3697139303482587,0.0,0.32803498027614914,0.11261387673785699,0.6275316453113468,-0.00033630401883302503,-0.005932203389830509,-0.011760966306420852,0.08029803716038865,-0.06042647732690275,0.1306776326885907,Utilities—Regulated Electric,Utilities,WEC
2019Q2,2019,Q2,2019-08-06,2019-06-30,236000000.0,1590200000.0,314600000.0,0.74,594700000.0,0.3739781159602566,33934300000.0,10046600000.0,1838700000.0,3362000000.0,23786000000.0,461400000.0,5821700000.0,26219202000.0,38131502000.0,31.853519340519973,0.5469066032123736,0.3521569621297625,1.189477037007545,0.013435978228488432,31.853519340519973,0.02349053411104254,16.48799018991322,27.77457838983051,2.6097587243445544,0.7885593220338983,2.157563935847421,0.0070978514143946875,0.046861140497962236,0.3099940511600238,0.006954615241805489,443.6413197969543,0.3739781159602566,-0.443609022556391,0.2686599186615872,0.08933365874505436,0.6334209462847651,-0.2722711698482624,-0.4386298763082778,-0.420412675018423,0.2996678659137317,-0.006736348112734769,0.13414757655976522,Utilities—Regulated Electric,Utilities,WEC
2019Q1,2019,Q1,2019-05-03,2019-03-31,420400000.0,2377400000.0,542800000.0,1.33,817200000.0,0.3437368553882392,33737100000.0,10014900000.0,2008300000.0,2889900000.0,23625000000.0,330100000.0,5772100000.0,24643705000.0,36451005000.0,31.74294770206022,0.6949375410913873,0.3508867092903658,1.182028777122088,0.02151273776496573,31.74294770206022,0.041977453594144724,10.365821906284175,14.654914961941008,2.4607040509640634,0.4429115128449096,4.726446531354135,0.007555682069721252,0.07046841607607056,0.5054500155714731,0.012461059190031152,65.38526134253118,0.3437368553882392,1.0461538461538462,0.44930547285557687,0.0038229714504766556,0.6468058062506198,0.47243243243243244,1.0477350219191428,0.873015873015873,0.21404472618418727,0.08388330059495193,0.13251083091758248,Utilities—Regulated Electric,Utilities,WEC
2018Q4,2018,Q4,2019-02-26,2018-12-31,205300000.0,2076800000.0,289800000.0,0.65,555000000.0,0.26723805855161786,33475800000.0,9819300000.0,2247600000.0,3331700000.0,23633100000.0,548200000.0,5538200000.0,21851530000.0,33566130000.0,31.1229793977813,0.6746105591739953,0.3524665579314012,1.201623333638854,0.012583892489692898,31.1229793977813,0.0209078040186164,10.521730546995377,26.609266926449102,2.2253653519089958,0.8490014612761811,2.775994162714338,0.007976558163204132,0.06203884597231433,0.409820812197977,0.00613278846211293,-116.29340074507716,0.26723805855161786,-0.12162162162162159,0.02003683556773878,0.2636652256137902,0.6512684570479267,-0.02030008826125331,-0.12077087794432548,-0.04261645193260654,0.13434645295828196,0.12433940024383576,0.1312951452907886,Utilities—Regulated Electric,Utilities,WEC
2018Q3,2018,Q3,2018-11-02,2018-09-30,233500000.0,1643700000.0,302700000.0,0.74,566500000.0,0.3446492668978524,32562400000.0,9805700000.0,1839700000.0,3602500000.0,22719700000.0,608500000.0,5508100000.0,21028075000.0,32290275000.0,31.07987321711569,0.5106731436502429,0.3463104685158342,1.1500147873175806,0.013383556190468833,31.07987321711569,0.023812680379779107,12.793134391920667,22.513998929336193,2.144474642299887,0.7464668094218415,1.7702547247329499,0.008288918505379118,0.050478465960739995,0.286412213740458,0.007170847357688623,-262.19544887780546,0.3446492668978524,0.013698630136986314,0.22075320558997258,0.1219032118852335,0.6670013587896034,-0.03508771929824561,0.009511456982274102,-0.08494558645707376,0.28026311790374037,-0.03176431086436277,0.12633055245350042,Utilities—Regulated Electric,Utilities,WEC
2018Q2,2018,Q2,2018-08-03,2018-06-30,231300000.0,1672500000.0,330800000.0,0.73,587100000.0,0.35103139013452916,31937600000.0,9756200000.0,1810400000.0,3053200000.0,22181400000.0,466600000.0,5449100000.0,20397075000.0,31240075000.0,30.9229793977813,0.5929516572776103,0.34043885576874905,1.1144502982718683,0.013134037907250403,30.9229793977813,0.023708001065988808,12.195560538116592,22.04612516212711,2.0906782353785287,0.7544314742758322,2.3261894556365195,0.008555148225909843,0.052367742097089325,0.3654853923752129,0.007242247382395672,142.13989547038327,0.35103139013452916,-0.4065040650406504,0.40710143962497836,0.19606181526651678,0.6713541801441738,-0.268411214953271,-0.40753073770491804,-0.3931388736011741,1.0616225153238428,0.21670942007574748,-0.17605844170958213,Utilities—Regulated Electric,Utilities,WEC
2018Q1,2018,Q1,2018-05-04,2018-03-31,390400000.0,2286500000.0,545100000.0,1.23,802500000.0,0.35097310299584517,31785600000.0,9698200000.0,1980800000.0,3605900000.0,22087400000.0,376000000.0,5392700000.0,19781850000.0,30509450000.0,30.739144215530903,0.5493219445908095,0.33901200543642407,1.111103091295292,0.021713107663240593,30.739144215530903,0.0402548926604937,8.651585392521321,12.667680584016393,2.0397444886680005,0.4462090163934426,3.9468085106382977,0.008806052012324428,0.07193509010369475,0.3896114700906847,0.012282291352058794,43.53400088028169,0.35097310299584517,-0.09558823529411772,0.6038566118602302,0.3008862722133516,0.6618304466072329,0.2082204155374887,-0.09817509817509817,0.32273719970880854,0.4250966007229474,0.17749809338099767,0.5264648801150008,Utilities—Regulated Electric,Utilities,WEC
2017Q4,2017,Q4,2018-02-28,2017-12-31,432900000.0,2055000000.0,412100000.0,1.36,664200000.0,0.32321167883211677,31590500000.0,9491800000.0,2213500000.0,3869300000.0,22098700000.0,539000000.0,5176800000.0,20965308000.000004,31959708000.000004,30.075411913814957,0.5720672989946501,0.34926006236051976,1.1624033376177332,0.024305659441563102,30.075411913814957,0.045607787774710806,10.202096350364965,12.10747747747748,2.208781053119535,0.37907137907137906,2.580333951762523,0.00782721627557296,0.06505120210189773,0.35913472721164036,0.013703486807742834,-66.05327032136107,0.32321167883211677,1.0,2.1862242345407243,0.39504095474461676,0.6570176531558115,0.03280982739853833,1.0069541029207232,0.047002032520325206,1.5478769551681586,0.19853256333850922,0.5240119068257506,Utilities—Regulated Electric,Utilities,WEC
2017Q3,2017,Q3,2017-11-03,2017-09-30,215700000.0,1657500000.0,393600000.0,0.68,643100000.0,0.3879939668174962,31013000000.0,9225700000.0,1823300000.0,3026100000.0,21787300000.0,672200000.0,4908300000.0,19813368000.0,30283868000.0,29.232256020278832,0.602524701761343,0.33820010963144487,1.1368893417301669,0.012468136278680736,29.232256020278832,0.023380339703220353,11.953766515837104,22.96403337969402,2.14762760549335,0.760778859527121,1.509074680154716,0.008282286989269062,0.053445329378002775,0.3192558078054261,0.006955147841227872,-489.21896296296296,0.3879939668174962,0.07936507936507943,0.008771310191624252,0.16428175003722528,0.6121964254768871,0.054435153303820295,0.08174523570712136,0.08669243511871894,0.22027115715193182,0.14613733400206594,0.4884444041305296,Utilities—Regulated Electric,Utilities,WEC
2017Q2,2017,Q2,2017-08-04,2017-06-30,199400000.0,1631500000.0,362200000.0,0.63,609900000.0,0.3738277658596384,30559600000.0,9183200000.0,1779700000.0,2787300000.0,21376400000.0,510000000.0,4857000000.0,19371528000.0,29617928000.0,29.097591888466415,0.638503210992717,0.33648673411955654,1.1197512849551354,0.011770866687230855,29.097591888466415,0.021713563899294363,11.873446521605883,24.287271815446342,2.1094529140169005,0.8234704112337011,2.0031372549019606,0.008476357672972416,0.053387478893702794,0.3734079575216159,0.006524954515111455,208.0722663802363,0.3738277658596384,-0.43750000000000006,0.22019766763662563,0.2607780609934713,0.6305691769676912,-0.29204875217643644,-0.44130008405715887,-0.41325125546735786,0.07123083373833813,0.11691711619223474,0.49209936801573095,Utilities—Regulated Electric,Utilities,WEC
2017Q1,2017,Q1,2017-05-05,2017-03-31,356900000.0,2304500000.0,617300000.0,1.12,861500000.0,0.3738338034280755,30016600000.0,9156000000.0,1855300000.0,2054600000.0,20860600000.0,417100000.0,4822000000.0,19134828000.0,29061128000.0,29.011406844106464,0.9029981504915798,0.3322161737172098,1.089121887287025,0.020199752528370963,29.011406844106464,0.03897990388816077,8.303244955521805,13.403493975903615,2.089867627785059,0.45979265900812555,3.4596020139055383,0.008575985109455909,0.07677418495099378,0.6021123333008859,0.011890087484925009,49.7137646141855,0.3738338034280755,0.8360655737704921,0.5146057903965698,0.4129472968647989,0.6382393683251771,0.4286898839137645,0.8330765279917822,0.7066629803704728,0.23000291825705568,-0.027266320460909797,0.5050950430565295,Utilities—Regulated Electric,Utilities,WEC
2016Q4,2016,Q4,2017-02-28,2016-12-31,194700000.0,1963000000.0,361700000.0,0.61,603000000.0,0.30718288334182375,30123200000.0,8960200000.0,2168700000.0,2431600000.0,21163000000.0,587600000.0,4613900000.0,18509940000.0,28648040000.0,28.39100126742712,0.8918818884684981,0.33779943697880704,1.1356442936541595,0.0120227691267537,28.39100126742712,0.021729425682462444,9.429414161996943,23.767257318952236,2.065795406352537,0.802773497688752,2.314499659632403,0.008444111650280877,0.06516571944547724,0.526073367330153,0.0064634567376639935,-440.71285714285716,0.30718288334182375,-0.10294117647058831,0.2279901992919889,0.29013168171594045,0.6414558411119821,-0.05825394346400125,-0.10400368154624942,-0.09348370927318296,-0.03293597780289808,0.19404316781701023,0.50631995278229,Utilities—Regulated Electric,Utilities,WEC
2016Q3,2016,Q3,2016-11-04,2016-09-30,217300000.0,1712500000.0,399000000.0,0.68,640300000.0,0.3738978102189781,29443500000.0,8921900000.0,1817700000.0,2025500000.0,20521600000.0,654300000.0,4575800000.0,18898128000.0,28840028000.0,28.269645120405578,0.8974080473957048,0.3385093484130623,1.1171275176812114,0.013277884124821478,28.269645120405578,0.02435579865275334,11.035403211678831,21.741978831109066,2.118173034891671,0.7188219052001841,1.6386978450252179,0.008265368929663296,0.05816224293986788,0.44260676376203406,0.007380236724574185,162.35505154639176,0.3738978102189781,0.19298245614035106,0.23171506910309503,0.19676788025702968,0.6529957938501106,0.11999300332342137,0.19592735277930656,0.2014453477868112,0.1356985827860353,0.1684921131182318,0.5162718489554179,Utilities—Regulated Electric,Utilities,WEC
2016Q2,2016,Q2,2016-08-05,2016-06-30,181700000.0,1602000000.0,332100000.0,0.57,571700000.0,0.3568664169787765,29175300000.0,8863900000.0,1765900000.0,2137100000.0,20311400000.0,494500000.0,4515000000.0,20608680000.0,30502280000.0,28.085868187579216,0.8263066772729399,0.3402090124180385,1.1197892575502884,0.010875339444285679,28.085868187579216,0.02049887746928553,12.86434456928839,28.35536598789213,2.3250126919301883,0.8596587782058338,2.0835187057633973,0.007579330650968427,0.054909461085233056,0.4431238594356839,0.0062278708359468455,93.0414446952596,0.3568664169787765,-0.4770642201834863,0.22874715696998102,0.19620032582219502,0.6499918037801062,-0.30652595827268314,-0.4756132756132756,-0.4364500254539284,0.10501219499206527,0.14528185448263936,0.5180113337221576,Utilities—Regulated Electric,Utilities,WEC
2016Q1,2016,Q1,2016-05-06,2016-03-31,346500000.0,2194800000.0,589300000.0,1.09,824400000.0,0.37561509021323125,29104600000.0,8848700000.0,1896400000.0,2229800000.0,20255900000.0,470700000.0,4489700000.0,18964099000.0,28933999000.0,28.02882483370288,0.8504798636649027,0.3437463493743257,1.1306293579847888,0.019354171986970144,28.02882483370288,0.03915829443873111,8.640467924184437,13.68261111111111,2.143150858318171,0.4507936507936508,2.911408540471638,0.008236615934139555,0.07541075981116387,0.5035429186474123,0.0119053345519265,49.39853868194842,0.37561509021323125,0.9122807017543862,0.5008777062609715,0.22279075631976958,0.6645920976941789,0.35147540983606557,0.9133075648812811,0.5499736980536559,0.42260309919067496,0.24792319869132304,0.5153042051097284,Utilities—Regulated Electric,Utilities,WEC
2015Q4,2015,Q4,2016-02-26,2015-12-31,181100000.0,1848300000.0,380200000.0,0.57,610000000.0,0.33003300330033003,29355200000.0,8685200000.0,2206800000.0,2709000000.0,20670000000.0,687000000.0,4299800000.0,16198567000.0,26525567000.0,27.51092809629395,0.8146179401993355,0.35349103395650516,1.1947681112697461,0.01133036198197337,27.51092809629395,0.020851563579422465,8.764035600281339,22.361356985091113,1.86507702758716,0.7979017117614577,1.8024745269286755,0.008920542168946178,0.06296329100125361,0.39808047249907713,0.006169264729928598,-57.70775561097257,0.33003300330033003,-0.017241379310344845,0.06482159619570244,0.2554799760709101,0.6775744021145194,0.06606081789584062,-0.007671232876712329,0.09979751229389644,0.3325073514418828,0.2543247954981319,0.5157263229142868,Utilities—Regulated Electric,Utilities,WEC
2015Q3,2015,Q3,2015-11-06,2015-09-30,182500000.0,1698700000.0,345700000.0,0.58,572200000.0,0.3368458232766233,28769600000.0,8711400000.0,2181900000.0,2666800000.0,20058200000.0,719800000.0,4264900000.0,16485854000.0,26458154000.0,27.593918276845105,0.818171591420429,0.3473979478338246,1.1472897582478132,0.011511078607510578,27.593918276845105,0.02094956034621301,9.704982633778773,22.583361643835616,1.8924459903115458,0.6597260273972603,1.5650180605723811,0.0073032310003473275,0.05904496412880263,0.3250712464376781,0.006343501473777877,-321.36167641325534,0.3368458232766233,0.6571428571428571,0.2045918952140422,0.2926605989521391,0.7166807943179762,0.899734395750332,1.2558714462299134,1.0850422195416165,-0.14676657852545733,0.1928440053749537,0.5218399968846019,Utilities—Regulated Electric,Utilities,WEC
2015Q2,2015,Q2,2015-08-05,2015-06-30,80900000.0,991200000.0,165800000.0,0.35,301200000.0,0.30387409200968524,28614500000.0,8538200000.0,2276800000.0,2940300000.0,20076300000.0,562500000.0,8456700000.0,10230675000.0,19998575000.0,37.53054945054945,0.774342754140734,0.3488546016879554,1.1691340095102012,0.005025929123571287,37.53054945054945,0.009475065001991053,10.321504237288135,31.615188504326326,1.198223864514769,1.176761433868974,1.2266666666666666,0.009305348865055336,0.03463978053084974,0.39825868108696394,0.002827237938807248,57.0908203125,0.30387409200968524,-0.5930232558139535,-0.06267973289393813,0.14339276617422314,1.366727568857306,-0.38941820393269816,-0.5868232890704801,-0.5379041248606466,-0.3132334220682921,0.06259667293646326,1.1031347667290756,Utilities—Regulated Electric,Utilities,WEC
2015Q1,2015,Q1,2015-05-07,2015-03-31,195800000.0,1387900000.0,358800000.0,0.86,493300000.0,0.35542906549463216,15135600000.0,4541000000.0,1326400000.0,1560300000.0,10594600000.0,289700000.0,4510600000.0,11162250000.0,16256050000.0,20.137472283813747,0.8500929308466321,0.3408520309733344,1.136093371504074,0.02276109818761461,20.137472283813747,0.04311825589077296,8.042546292960587,14.252106741573034,2.4581039418630257,0.48672114402451483,3.088022091819123,0.008537705211762862,0.09169771928433627,0.46407742100878036,0.012936388382356827,61.94367369589345,0.35542906549463216,0.6226415094339621,0.5652030012975535,0.14577957451030685,0.28210364902664725,0.3332432432432432,0.6128500823723229,0.4735112936344969,0.1629370332053117,0.19096191732721396,0.13713892094834976,Utilities—Regulated Electric,Utilities,WEC
2014Q4,2014,Q4,2015-02-27,2014-12-31,121400000.0,1225100000.0,243500000.0,0.53,370000000.0,0.3020161619459636,15163400000.0,4450100000.0,1535400000.0,1668700000.0,10713300000.0,400600000.0,4117300000.0,11892870000.0,17059070000.0,19.734368070953437,0.9201174567028225,0.3447841513117111,1.1748275319655739,0.015410595089224524,19.734368070953437,0.027280285836273344,9.707672843033222,24.49108319604613,2.6724950001123573,0.7248764415156508,2.1345481777334,0.007399391400057345,0.08079322579368743,0.4226643494936178,0.008006119999472414,-198.2145,0.3020161619459636,-0.05357142857142862,0.06039074452167509,0.19009872810413483,0.28259952047060677,-0.017264276228419653,-0.038796516231195566,-0.010564811052417716,0.07161327318602331,0.12687496066153936,0.1409634142732676,Utilities—Regulated Electric,Utilities,WEC
2014Q3,2014,Q3,2014-10-31,2014-09-30,126300000.0,1033300000.0,246100000.0,0.56,376500000.0,0.36436659247072484,14724900000.0,4428700000.0,1274500000.0,1065600000.0,10296200000.0,379300000.0,4398300000.0,9696500000.0,14700900000.0,19.639467849223948,1.1960397897897899,0.34588350345333413,1.1500214509901325,0.015800309421919196,19.639467849223948,0.028518526881477633,9.384012387496371,19.193388756927952,2.189468692844401,0.6967537608867775,1.7316108621144213,0.009075439591605219,0.07017365143396559,0.5506756756756757,0.008577307825520037,91.64933837429112,0.36436659247072484,-0.034482758620689495,1.2384399340496899,0.30348311427013647,0.3054637315976911,0.01949634443541836,-0.05037593984962406,0.022434565849605317,0.0019460264640465345,0.01063939304079421,0.14836806793830432,Utilities—Regulated Electric,Utilities,WEC
2014Q2,2014,Q2,2014-08-01,2014-06-30,133000000.0,1043700000.0,240700000.0,0.58,369300000.0,0.353837309571716,14619800000.0,4397500000.0,1285500000.0,980800000.0,10222300000.0,304300000.0,4367100000.0,10580460000.0,15589760000.0,19.50110864745011,1.3106647634584012,0.3449226391605904,1.1467197271176806,0.016358641456910274,19.50110864745011,0.030244457077885162,10.137453291175625,19.888082706766916,2.406017055144969,0.6609022556390978,2.2162339796253696,0.008307767337147911,0.0713894854922776,0.6251019575856444,0.009097251672389499,66.16923076923077,0.353837309571716,-0.3626373626373627,1.1647620672010919,0.2844101666589905,0.3036052042241131,-0.27517173699705594,-0.35934489402697495,-0.3695652173913043,0.2587795765877959,0.0907055836167462,0.14565336624160144,Utilities—Regulated Electric,Utilities,WEC
2014Q1,2014,Q1,2014-05-02,2014-03-31,207600000.0,1695000000.0,381800000.0,0.91,509500000.0,0.3005899705014749,14800800000.0,4352400000.0,1545000000.0,1424600000.0,10448400000.0,234900000.0,4322000000.0,10510990000.0,15598190000.0,19.275465013286095,1.0845149515653516,0.3455759148154154,1.1751677235548204,0.024777274343021644,19.275465013286095,0.04769782189137028,6.201174041297935,12.657743256262043,2.4149871335355204,0.424373795761079,5.046828437633035,0.0083817033409793,0.1145208367115291,0.6476203846693809,0.014026268850332415,41.07459945291129,0.3005899705014749,0.4444444444444445,0.5191178910008231,0.25702130380715765,0.2987330605493628,0.45198062125961813,0.4386694386694387,0.4057437407952872,0.25724541724346855,0.32031495452010167,0.14474249030646247,Utilities—Regulated Electric,Utilities,WEC
2013Q4,2013,Q4,2014-02-27,2013-12-31,144300000.0,1178300000.0,271600000.0,0.63,350900000.0,0.2978019180174828,14769400000.0,4263400000.0,1551100000.0,1496400000.0,10506000000.0,329400000.0,3881000000.0,9351108000.0,14567908000.0,18.847922192749778,1.0365543972199946,0.35497718255311655,1.229722756485434,0.017862956683163667,18.847922192749778,0.03384622601679411,7.9361011626920135,16.20081081081081,2.1933452174320966,0.6001386001386001,2.5118397085610202,0.009260934640044793,0.07977981502295287,0.5032745255279337,0.009770200549785366,-1039.012,0.2978019180174828,0.050000000000000044,0.48554059623574675,0.014400477332804341,0.3086580372003974,-0.08714880332986473,0.04945454545454545,0.05271317829457364,0.18414998219714607,0.11705661808338036,0.14931752549135624,Utilities—Regulated Electric,Utilities,WEC
2013Q3,2013,Q3,2013-11-01,2013-09-30,137500000.0,1053200000.0,258000000.0,0.6,384400000.0,0.36498290922901633,14372800000.0,4228500000.0,1238200000.0,1291200000.0,10144300000.0,367600000.0,4198100000.0,9158184000.0,14243384000.0,18.644179894179896,0.9589529120198265,0.3550943448736502,1.2069764691971148,0.017421422778108323,18.644179894179896,0.03251744117299279,8.695579187238891,16.65124363636364,2.1658233416105,0.6305454545454545,1.8193688792165397,0.009466942354510456,0.07327730156963153,0.37058550185873607,0.009566681509517979,51.33511210762332,0.36498290922901633,0.15384615384615377,0.8289526085225011,0.2735556279642301,0.32263533066093986,0.08098987626546682,0.15546218487394958,0.12418300653594772,0.2633139675623336,0.11560436995428085,0.15989709141833908,Utilities—Regulated Electric,Utilities,WEC
2013Q2,2013,Q2,2013-08-01,2013-06-30,119000000.0,1012300000.0,229500000.0,0.52,355600000.0,0.3512792650400079,14317000000.0,4225800000.0,1271100000.0,1280700000.0,10091200000.0,317900000.0,4195400000.0,9202236000.0,14314936000.0,18.501751313485112,0.992504099320684,0.3585737235454355,1.2148468928960197,0.015414391625109668,18.501751313485112,0.028160348336409673,9.090423787414798,19.332428571428572,2.17763169104075,0.653781512605042,2.065743944636678,0.008454466936079449,0.07070615352378291,0.40813617552900755,0.008311797164210379,51.84358309859155,0.3512792650400079,-0.3157894736842105,1.1002325019626789,0.09526851036173745,0.3317660962078812,-0.20269058295964126,-0.3261608154020385,-0.2850467289719626,0.37332001255733216,0.16313114564287784,0.16674563913494786,Utilities—Regulated Electric,Utilities,WEC
2013Q1,2013,Q1,2013-05-02,2013-03-31,176600000.0,1275200000.0,321000000.0,0.76,446000000.0,0.3497490589711418,14295300000.0,4234000000.0,1313800000.0,1278100000.0,10061300000.0,266800000.0,4203600000.0,9741984000.0,14888484000.0,18.497160332022716,1.0279320866911823,0.36174127160675185,1.2213509683514407,0.02175945068255505,18.497160332022716,0.04170996693434105,7.639573400250941,13.791030577576445,2.3008937175247994,0.4405436013590034,3.107946026986507,0.007986052943630372,0.08920414401936301,0.5163915186605117,0.012353710660147042,49.52711743772242,0.3497490589711418,0.7674418604651163,0.4641268517415305,-0.09030740373849899,0.34226266663363575,1.9441151566469095,0.7874493927125507,0.5938430983118173,0.39075118068278014,0.037103160544005975,0.1776689955958039,Utilities—Regulated Electric,Utilities,WEC
2012Q4,2012,Q4,2013-02-27,2012-12-31,98800000.0,1071200000.0,201400000.0,0.43,-472400000.0,-0.44100074682598955,14285000000.0,4165500000.0,1313900000.0,1443300000.0,10119500000.0,360700000.0,3632500000.0,8457075000.0,13681975000.0,18.15032679738562,0.9103443497540359,0.36825341267063355,1.2628736046092905,0.01384264660356948,18.15032679738562,0.02371864121954147,7.89495425690814,21.399481275303646,2.030266474612892,0.6973684210526315,4.279456612143055,0.008147024828324214,0.07498774938746937,0.48299036929259337,0.006916345817290864,-176.1890625,-0.44100074682598955,-0.35820895522388063,0.06735052687270265,-0.049995286895312,0.3559389076012136,-1.7296879827000309,-0.36707238949391413,-0.28225231646471843,-0.15205429920728006,0.022458928083345864,0.17964762606086737,Utilities—Regulated Electric,Utilities,WEC
2012Q3,2012,Q3,2012-11-02,2012-09-30,156100000.0,1039300000.0,280600000.0,0.67,647400000.0,0.6229192725873184,13834700000.0,4177600000.0,1084800000.0,1387000000.0,9657100000.0,342100000.0,0.0,8642304000.0,13704204000.0,18.131944444444443,0.7821196827685652,0.3668240005204305,1.2147883952508618,0.019259703521731973,18.131944444444443,0.03736595174262734,8.315504666602521,13.840973734785392,2.0687246265798547,0.4426649583600256,1.1455714703303128,0.007995553037708462,0.07512269872133115,0.2595529920692141,0.011283222621379575,39.2475204359673,0.6229192725873184,0.3137254901960785,0.9107787578742795,0.19641167596268988,0.38311537067246676,0.059574468085106386,0.30846605196982396,0.2605570530098832,1.707753145773979,0.2831693543753633,0.2052564782961677,Utilities—Regulated Electric,Utilities,WEC
2012Q2,2012,Q2,2012-08-02,2012-06-30,119300000.0,944700000.0,222600000.0,0.51,611000000.0,0.6467661691542289,13887600000.0,4111500000.0,1236900000.0,1428400000.0,9776100000.0,335000000.0,0.0,9116928000.0,14295628000.0,17.845052083333332,0.8659339120694484,0.37384429275036724,1.2627508208682963,0.015354977633871229,17.845052083333332,0.02901617414568892,9.650606541759288,19.105046102263206,2.217421379058738,0.5800502933780386,0.9961194029850746,0.007590276022800662,0.06802471269333794,0.21730607672920751,0.008590397188859126,94.4759378238342,0.6467661691542289,-0.3108108108108108,1.1054000603864733,0.057518902831402915,0.3865646982663122,-0.12701814544934992,-0.30679837303893087,-0.24721001014541766,0.9004788614163614,0.13785268298714154,0.19290155170359768,Utilities—Regulated Electric,Utilities,WEC
2012Q1,2012,Q1,2012-05-03,2012-03-31,172100000.0,1191200000.0,295700000.0,0.74,699900000.0,0.587558764271323,13821300000.0,4081900000.0,1279800000.0,1171900000.0,9739400000.0,311600000.0,0.0,8108990000.0,13284790000.0,17.708893709327548,1.0920727024490144,0.3757895422282998,1.2724221563487592,0.020440819691089827,17.708893709327548,0.0421617384061344,6.807412693082606,11.77947414294015,1.9865724295058675,0.40151074956420685,1.5767008985879332,0.008521406488354285,0.086185814648405,0.345592627357283,0.012451795417218352,40.91316851664985,0.587558764271323,0.48,0.731548385571075,-0.07056518670752643,0.38907251541386645,0.07231499923395128,0.4836206896551724,0.5321243523316063,0.2336671700022228,-0.1346124793015812,0.19318136865728552,Utilities—Regulated Electric,Utilities,WEC
2011Q4,2011,Q4,2012-02-28,2011-12-31,116000000.0,1113200000.0,193000000.0,0.5,652700000.0,0.5863277039166367,13862100000.0,3993700000.0,1426200000.0,1364500000.0,9868400000.0,382000000.0,3362500000.0,8072264000.0,13374964000.0,17.29623213512343,1.0452180285818982,0.3835493900635546,1.3312967924481058,0.013872207158663137,17.29623213512343,0.02904574705160628,7.251404958677686,17.39712068965517,2.0212494679119617,0.5172413793103449,1.205497382198953,0.007432858984790388,0.08030529284884685,0.38006595822645656,0.008368140469337258,-152.88378787878787,0.5863277039166367,-0.09090909090909098,0.5267192746621071,0.030081736249142284,0.3863527846882518,0.0316105579263474,-0.10631741140215717,-0.13954525189478378,0.1698895194449573,-0.06115168199067774,0.20092034365570569,Utilities—Regulated Electric,Utilities,WEC
2011Q3,2011,Q3,2011-11-01,2011-09-30,129800000.0,1052800000.0,224300000.0,0.55,632700000.0,0.6009688449848024,13249500000.0,3971100000.0,1132400000.0,1089400000.0,9278400000.0,368100000.0,0.0,7265538000.0,12397838000.0,17.102067183462534,1.0394712685882137,0.38849767915770406,1.2962151544911988,0.01601236235987669,17.102067183462534,0.03268615748784971,6.901156914893617,13.99371725731895,1.8296033844526702,0.4661016949152542,1.141265960336865,0.008326981429317417,0.07945960224914148,0.3020928951716541,0.009796596097965961,-84.3848780487805,0.6009688449848024,0.19565217391304351,0.8475452196382433,0.2633498932008543,0.3968180526807097,0.08357595478677855,0.18538812785388128,0.2861238532110092,0.6863793726209333,0.243465613878217,0.21323643156037878,Utilities—Regulated Electric,Utilities,WEC
2011Q2,2011,Q2,2011-08-02,2011-06-30,109500000.0,991700000.0,174400000.0,0.46,583900000.0,0.5887869315317132,13076300000.0,3978000000.0,1171900000.0,1143700000.0,9098300000.0,339100000.0,0.0,7326495000.0,12223495000.0,17.021822849807446,1.024656815598496,0.37530494100013,1.2336852689793867,0.013120543550636245,17.021822849807446,0.027526395173453996,7.3878138549964705,16.727157534246576,1.8417533936651584,0.554337899543379,1.2025951046888823,0.008284998488363126,0.0758394958818626,0.3108332604704031,0.008373928404823995,159.27163043478262,0.5887869315317132,-0.36111111111111105,0.7430932404880907,0.21926945280206595,0.4090514174525762,-0.1875608737999165,-0.35927442949093036,-0.4100135317997294,0.8887388783143729,0.04864638775393805,0.2252400425741143,Utilities—Regulated Electric,Utilities,WEC
2011Q1,2011,Q1,2011-05-05,2011-03-31,170900000.0,1328700000.0,295600000.0,0.72,718700000.0,0.5409046436366373,13188600000.0,3935100000.0,1459800000.0,1340300000.0,9253500000.0,284400000.0,0.0,7127850000.0,11992250000.0,16.838254172015404,1.0891591434753414,0.38672793169858816,1.2961297044547788,0.02148755542819805,16.838254172015404,0.04342964600645473,5.364529239105893,10.426930953774137,1.8113516810246246,0.3557636044470451,2.1448663853727146,0.00852992136478742,0.10074609890359856,0.4933223905095874,0.012958160835873405,27.89765166340509,0.5409046436366373,0.3584905660377357,0.6189156464088665,0.06688504271612597,0.41279768950181245,0.142970737913486,0.3574265289912629,0.3704218822438572,0.3877688956315398,-0.07161017640568768,0.2218826858118506,Utilities—Regulated Electric,Utilities,WEC
2010Q4,2010,Q4,2011-02-25,2010-12-31,125900000.0,1089800000.0,215700000.0,0.53,628800000.0,0.5769866030464306,13059800000.0,3832500000.0,1331100000.0,1721100000.0,9227300000.0,379100000.0,3078300000.0,6877791000.0,11916591000.0,16.399229781771503,0.7734007320899425,0.38770118991102465,1.3211480756686236,0.015738879300413698,16.399229781771503,0.03285061969993477,6.311057992292164,13.657249801429705,1.7945964774951075,0.3709293089753773,1.2160379847006066,0.006789970791493956,0.08344691342899585,0.21445587124513393,0.009640270141962358,-71.71836287799792,0.5769866030464306,0.11578947368421064,0.39140858121721694,-0.03859121317853559,0.4157608444694822,0.10277095755875132,0.12210338680926916,0.06256157635467981,0.3356720306054432,-0.050869396406847726,0.22512139665713746,Utilities—Regulated Electric,Utilities,WEC
2010Q3,2010,Q3,2010-10-27,2010-09-30,112200000.0,973200000.0,203000000.0,0.475,570200000.0,0.5859021783806001,12718500000.0,3758100000.0,1188600000.0,1609400000.0,8960400000.0,422300000.0,0.0,6756820000.0,11672620000.0,16.07399486740804,0.7385361004100908,0.38738844989582105,1.3110348314307763,0.014973352707720747,16.07399486740804,0.029855512093877226,6.942889436909166,15.05530303030303,1.7979351267927943,0.41711229946524064,0.9542978924934881,0.006926335169502814,0.07651845736525534,0.1935503914502299,0.008821795022997994,106.40661417322835,0.5859021783806001,0.2666666666666666,0.696313889269368,0.22166374816974785,0.42065070213532296,0.06241848332401714,0.2649379932356257,0.24311083894672383,0.35343787696019285,0.10402722631877477,0.22613376835236526,Utilities—Regulated Electric,Utilities,WEC
2010Q2,2010,Q2,2010-07-30,2010-06-30,88700000.0,890900000.0,163300000.0,0.375,536700000.0,0.6024245145358627,12693500000.0,3707500000.0,1273000000.0,1652700000.0,8986000000.0,390200000.0,0.0,5931506000.0,10877306000.0,15.857570573139435,0.7702547346765898,0.3904596840902824,1.336830748482805,0.012207605058365063,15.857570573139435,0.02392447741065408,6.6578807947019865,16.717886133032692,1.5998667565745113,0.5264937993235626,0.9077396207073296,0.00787321128900485,0.07018552802615512,0.19834210685544865,0.006987828416118486,-91.96133333333333,0.6024245145358627,-0.31818181818181823,0.431868980932145,0.12455808344394395,0.421985634839865,-0.1374156219864995,-0.3161141094834233,-0.2890727035263387,0.542608695652174,-0.017209045780474365,0.23213692256563648,Utilities—Regulated Electric,Utilities,WEC
2010Q1,2010,Q1,2010-05-06,2010-03-31,129700000.0,1255900000.0,229700000.0,0.55,622200000.0,0.49542161000079626,12721500000.0,3672200000.0,1319900000.0,1255300000.0,9049300000.0,337000000.0,0.0,5776029000.0,10680029000.0,15.706586826347305,1.0514618019596909,0.38649530322682074,1.3389248951582158,0.017210250304014435,15.706586826347305,0.035319427046457165,4.59911537542798,11.133440632228218,1.572906976744186,0.3608326908249807,1.8804154302670624,0.008102452394196775,0.09872263490940533,0.3346610372022624,0.010195338600007861,52.942520623281396,0.49542161000079626,0.10000000000000009,0.44394827062861386,0.1436396479303114,0.42582197981350395,0.0875721027792344,0.09267059814658804,0.1683621566632757,0.28653071882569264,-0.03391412109737503,0.23201304550994556,Utilities—Regulated Electric,Utilities,WEC
2009Q4,2009,Q4,2010-02-26,2009-12-31,118700000.0,1067300000.0,196600000.0,0.5,572100000.0,0.5360254848683594,12697900000.0,3597300000.0,1461700000.0,1881900000.0,9100600000.0,379300000.0,2808800000.0,5825127000.0,10800827000.0,15.386227544910179,0.7767150220521813,0.39349813748730106,1.3889861840825064,0.014534631803896698,15.386227544910179,0.032996969949684485,5.457815984259346,12.26859098567818,1.6193053123175716,0.33192923336141533,1.3055628789876088,0.006763801029574119,0.08405326865072177,0.17285721876826612,0.009348002425597933,-83.69435344827586,0.5360254848683594,1.0,0.28295399327848475,0.12183680168693144,0.4271354231445147,0.22741900879639562,1.029059829059829,0.8741658722592945,0.5428771399686712,-0.024641159088480646,0.2332593154446057,Utilities—Regulated Electric,Utilities,WEC
2009Q3,2009,Q3,2009-10-30,2009-09-30,58500000.0,821900000.0,104900000.0,0.25,466100000.0,0.5671006205134445,12420700000.0,3517300000.0,1328600000.0,2009900000.0,8903400000.0,388900000.0,0.0,5280373000.0,10151373000.0,15.044054747647563,0.6610279118364097,0.39302937837642,1.387911181872459,0.007986257830777136,15.044054747647563,0.01663207573991414,6.424593016182017,22.56569658119658,1.5012574986495324,0.6752136752136753,0.9148881460529699,0.00748053215180064,0.06617179386024942,0.15931140852778744,0.004709879475391886,394.0576865671642,0.5671006205134445,-0.07407407407407414,-0.30390741874409605,0.18492018055681428,0.43457095185300243,-0.04271924419798727,-0.08163265306122448,-0.11996644295302013,-0.17302199475141714,-0.02047739991048418,0.22872907886545546,Utilities—Regulated Electric,Utilities,WEC
2009Q2,2009,Q2,2009-08-04,2009-06-30,63700000.0,842500000.0,119200000.0,0.27,486900000.0,0.5779228486646885,12298300000.0,3497500000.0,1300100000.0,1821000000.0,8800800000.0,314500000.0,0.0,4758999000.0,9619799000.0,14.959366980325065,0.7139483800109829,0.39625801940105543,1.3933666904932094,0.008929916377864233,14.959366980325065,0.01821300929235168,5.6486635014836795,18.677390109890112,1.3606859185132236,0.6185243328100472,1.130683624801272,0.008279051960296692,0.06850540318580617,0.2014277869302581,0.00517957766520576,258.64125,0.5779228486646885,-0.5499999999999999,0.6657875957928701,0.18708503070432478,0.4533821610294823,-0.22356880880242386,-0.5498233215547703,-0.5094650205761316,0.013584912845215747,0.0353888770312308,0.23832314751523462,Utilities—Regulated Electric,Utilities,WEC
2009Q1,2009,Q1,2009-05-07,2009-03-31,141500000.0,1396200000.0,243000000.0,0.6,627100000.0,0.4491476865778542,12411100000.0,3470000000.0,1532800000.0,1705800000.0,8941100000.0,251300000.0,0.0,4812773000.0,9682673000.0,14.841745081266039,0.8985813108219017,0.3937604241364585,1.40835734870317,0.018467032980017183,14.841745081266039,0.040778097982708934,3.447051282051282,8.503132508833922,1.3869662824207494,0.2791519434628975,3.0604854755272584,0.00820732662853619,0.11249607206452289,0.31932231211161916,0.01140108451305686,-31.85157511581734,0.4491476865778542,0.3953488372093023,0.579699317538617,0.32780717363873035,0.44000228610146613,-0.3330851855790705,0.40936254980079684,1.1931407942238268,0.339839580198975,0.12060493516346853,0.24528249453772213,Utilities—Regulated Electric,Utilities,WEC
2008Q4,2008,Q4,2009-02-27,2008-12-31,100400000.0,1200600000.0,110800000.0,0.43,940300000.0,0.783191737464601,12617800000.0,3367300000.0,1693100000.0,1734800000.0,9250500000.0,344700000.0,2584200000.0,4907462000.0,9613762000.0,14.402480752780153,0.9759626469910077,0.3755646784700978,1.4072996169037508,0.008530166669532853,14.402480752780153,0.02981617319514151,4.087507912710311,12.219775896414342,1.4573878181332225,0.3147410358565737,0.7551494052799536,0.0064391736502493555,0.09515129420342691,0.23172700023057413,0.007957013108465819,-31.825304798962385,0.783191737464601,0.323076923076923,0.41156956940092476,0.17895234565120594,0.4287936117241091,0.8495279307631786,0.2954838709677419,7.021739130434782,0.10911573258402776,0.05870223052950114,0.24337963333353838,Utilities—Regulated Electric,Utilities,WEC
2008Q3,2008,Q3,2008-10-30,2008-09-30,77500000.0,852500000.0,-18400000.0,0.325,508400000.0,0.5963636363636363,11803700000.0,3295700000.0,1385800000.0,2259600000.0,8508000000.0,359500000.0,0.0,5248810000.0,9556610000.0,14.096236099230111,0.6132943883873252,0.38687869058007235,1.3856236914767728,-0.0014807043725749845,14.096236099230111,0.02351548988075371,6.1569618768328445,16.931645161290323,1.5926237218193402,0.40774193548387094,0.957162726008345,0.006020412245823339,0.07222311648042563,0.2624800849707913,0.006565737861856875,-29.55411036036036,0.5963636363636363,0.32653061224489804,1.5188181196552804,-0.025445328547718034,0.43157276647890574,-0.2154320987654321,0.33620689655172414,-1.1700554528650646,0.17169631388926931,0.0701483202987156,0.24585256353672982,Utilities—Regulated Electric,Utilities,WEC
2008Q2,2008,Q2,2008-08-01,2008-06-30,58000000.0,946100000.0,108200000.0,0.245,648000000.0,0.68491702779833,11725000000.0,3248100000.0,1522800000.0,2349800000.0,8476900000.0,279000000.0,0.0,5286218000.0,9396018000.0,13.892643284858854,0.6480551536300961,0.3801279317697228,1.3721868169083464,0.008822050912091813,13.892643284858854,0.017856593085188263,5.587377655638939,22.785422413793103,1.6274800652689263,0.5431034482758621,1.0684587813620072,0.005958891593195741,0.0806908315565032,0.31615456634607203,0.004946695095948827,-82.72641627543037,0.68491702779833,-0.5288461538461539,0.1744578070749258,0.03301033750688962,0.4150924948442247,-0.4074615947329919,-0.5292207792207793,0.8370118845500849,-0.06371588619995033,0.1942354952815304,0.24578598530636972,Utilities—Regulated Electric,Utilities,WEC
2008Q1,2008,Q1,2008-05-01,2008-03-31,123200000.0,1431800000.0,58900000.0,0.52,1093600000.0,0.7637938259533454,11678100000.0,3221900000.0,1657000000.0,2633000000.0,8456200000.0,235100000.0,0.0,5142431000.0,9159131000.0,13.780581693755346,0.6293201671097607,0.37538640703539106,1.3606257177441883,0.004751416517293305,13.780581693755346,0.03823830658927962,3.5915847185361085,10.435127840909091,1.5960864707160372,0.2564935064935065,1.4385367928541046,0.0061449536221293,0.12260556083609492,0.3374477781997721,0.010549661331894743,-1168.7343181818183,0.7637938259533454,0.3,0.33111168966415017,0.15784766295589747,0.42636047994866716,0.2593274988484569,0.3064687168610817,-0.6829924650161464,0.37158386230875295,0.3038165840485865,0.25098192820683196,Utilities—Regulated Electric,Utilities,WEC
2007Q4,2007,Q4,2008-02-28,2007-12-31,94300000.0,1148700000.0,185800000.0,0.4,868400000.0,0.7559850265517541,11720300000.0,3129600000.0,1849700000.0,2502800000.0,8590700000.0,361300000.0,2351400000.0,5694199000.0,9684699000.0,13.385799828913601,0.7390522614671567,0.37763538475977576,1.4142382413087935,0.014770232444010833,13.385799828913601,0.030131646216768917,4.957081048141378,15.095967656415695,1.8194654268916155,0.30965005302226933,0.7758095765292001,0.005128025908472816,0.09800943661851659,0.31856320920568965,0.00804586913304267,-12.775855956921696,0.7559850265517541,0.142857142857143,0.2718497875348354,0.13107633173474734,0.4337081206744959,0.38456632653061223,0.13751507840772015,0.21358589157413455,0.01922966778568752,0.2073961717396965,0.24158758520920504,Utilities—Regulated Electric,Utilities,WEC
2007Q3,2007,Q3,2007-11-01,2007-09-30,82900000.0,881500000.0,153100000.0,0.35,627200000.0,0.7115144639818491,11762200000.0,3065000000.0,1478700000.0,2059500000.0,8697200000.0,410300000.0,0.0,5336485000.0,9443485000.0,13.109495295124038,0.7179898033503278,0.3916784275050586,1.503099510603589,0.01216667100190725,13.109495295124038,0.027047308319738988,6.053868406125922,16.093139324487332,1.7411044045676998,0.35223160434258144,0.6197903972702901,0.005471766527967379,0.07494346295760997,0.3984947802864773,0.007048001224260768,-45.84609106529209,0.7115144639818491,0.4285714285714285,0.5693926104467787,-0.00041965145031026537,0.4396159888830913,-0.06971225155740136,0.44173913043478263,0.45670789724072314,-0.013571367758727564,0.270844554277688,0.25009523425054797,Utilities—Regulated Electric,Utilities,WEC
2007Q2,2007,Q2,2007-08-01,2007-06-30,57500000.0,906500000.0,105100000.0,0.245,674200000.0,0.7437396580253723,11462400000.0,3009000000.0,1061800000.0,1523000000.0,8453400000.0,333700000.0,0.0,5170487000.0,9634987000.0,12.869974337040205,0.6971766250820749,0.3926926298157454,1.495912263210369,0.008645301633176453,12.869974337040205,0.019109338650714524,5.703791505791505,22.480378260869564,1.7183406447324692,0.5095652173913043,0.6961342523224453,0.005666777616885992,0.07908465940815188,0.2632304661851609,0.005016401451702959,-27.502590425531913,0.7437396580253723,-0.4235294117647059,0.249185078552775,0.026630858159670995,0.3275255332445298,-0.37084733109369167,-0.4301288404360753,-0.4303523035230352,0.5036544232039253,0.27726122294773936,0.2503865396819762,Utilities—Regulated Electric,Utilities,WEC
2007Q1,2007,Q1,2007-05-07,2007-03-31,100900000.0,1301100000.0,184500000.0,0.425,1071600000.0,0.8236107908692645,11234000000.0,2983200000.0,1119300000.0,1877300000.0,8250800000.0,264900000.0,0.0,5676840000.0,9905440000.0,12.748717948717948,0.5962286262185053,0.37855616877336656,1.4255497452400108,0.015557236768792379,12.748717948717948,0.03382274068114776,4.3631081392667745,14.065510406342915,1.9029364440868868,0.2893954410307235,0.8663646659116648,0.005143706710071095,0.11581805234110736,0.28647525701805787,0.008981662809328824,79.84303797468354,0.8236107908692645,0.32812499999999994,24.633679283679285,0.2981450564310603,0.32530476508077655,0.2218928164196123,0.3103896103896104,0.33116883116883117,0.12548006325539368,0.23630806757741737,0.23692887126792228,Utilities—Regulated Electric,Utilities,WEC
