Quarters,Year,Quarter,FillingDate,Date,NetIncome,Revenue,OperatingIncome,EPSDiluted,GrossProfit,GrossProfitRatio,TotalAssets,CommonStockEquity,CurrentAssets,CurrentLiability,TotalLiability,Inventory,RetainedEarnings,MarketCap,EnterpriseValue,bookValuePerShare,currentRatio,debtToAssets,debtToEquity,roic,shareholdersEquityPerShare,roe,priceToSalesRatio,peRatio,pbRatio,payoutRatio,inventoryTurnover,dividendYield,assetTurnover,quickRatio,returnOnAssets,priceToFreeCashFlowsRatio,grossProfitMargin,epsdilutedGrowth,fiveYNetIncomeGrowthPerShare,fiveYRevenueGrowthPerShare,fiveYShareholdersEquityGrowthPerShare,grossProfitGrowth,netIncomeGrowth,operatingIncomeGrowth,threeYNetIncomeGrowthPerShare,threeYRevenueGrowthPerShare,threeYShareholdersEquityGrowthPerShare,Industry,Sector,Symbol
2023Q4,2023,Q4,2023-06-21,2023-04-29,74965000.0,1721152000.0,105110000.0,0.77,389761000.0,0.2264535613,2879146000.0,1118535000.0,1783136000.0,1085332000.0,1760611000.0,795072000.0,972127000.0,2635742640.0,3104070640.0,11.504721056529252,1.6429405932931123,0.21811919228826882,0.5614459985606173,0.043105789184814794,11.504721056529252,0.06702070118503221,1.5313828412598074,8.789910758353898,2.356423929514946,0.3387180684319349,1.6745540026563632,0.009633717501341482,0.5977994863754739,0.5869660159287665,0.02603723465221979,-54.42038775215246,0.22645356133566355,0.3999999999999999,2.383900470603715,0.16088466757759226,-0.2771447265626487,0.1364553507385658,0.3900684232972983,0.8181975436775645,1.1196796304021626,0.29988895197239845,0.30288551898818306,Medical Distribution,Healthcare,PDCO
2023Q3,2023,Q3,2023-03-02,2023-01-28,53929000.0,1600850000.0,57810000.0,0.55,342962000.0,0.2142374364,2941991000.0,1102421000.0,1844714000.0,1173706000.0,1839570000.0,939098000.0,962915000.0,2961660610.0,3554332610.0,11.326980180217205,1.571700238390193,0.25151742476438577,0.6712154431020454,0.023406652867389677,11.326980180217205,0.048918698029155834,1.8500550395102602,13.729443388529361,2.6865059809274316,0.4676889984980252,1.339464038896899,0.008516168231713762,0.5441383063374429,0.4856454682859251,0.018330783472825036,-13.239489716091713,0.21423743636193274,0.0,-0.5323845242493901,0.09974374995103301,-0.2880986878988976,0.04533221168646313,-0.002663066595158397,-0.038023130044096846,1.2488246679969033,0.06480328848783824,-0.2733505912846918,Medical Distribution,Healthcare,PDCO
2023Q2,2023,Q2,2022-12-01,2022-10-29,54073000.0,1626204000.0,60095000.0,0.55,328089000.0,0.2017514408,2880468000.0,1040903000.0,1825534000.0,1143823000.0,1838360000.0,877435000.0,934567000.0,2583700580.0,3182259580.0,10.740592077430273,1.5959934360473604,0.2564996382532283,0.7098058128375074,0.024550322197755683,10.740592077430273,0.05194816423816628,1.5887924147277954,11.945428309877387,2.4821722869470064,0.46814491520721985,1.4794429216979035,0.009797574918685045,0.5645624252725598,0.5201233057911933,0.018772296724004572,-11.24095846367366,0.2017514407786477,1.2000000000000002,0.28552367093496195,0.12278076797718981,-0.27144631175948486,0.051119234428913314,1.1989833265555103,0.7246871771323614,2.584701307122616,0.1128746889366253,-0.30581603885227976,Medical Distribution,Healthcare,PDCO
2023Q1,2023,Q1,2022-09-01,2022-07-30,24590000.0,1523265000.0,34844000.0,0.25,312133000.0,0.2049105047,2758368000.0,1025886000.0,1705981000.0,1043564000.0,1731353000.0,874817000.0,905632000.0,3001296740.0,3561986740.0,10.61675066491426,1.6347641352135567,0.25748921101172867,0.6923283873646779,0.01501436270908527,10.61675066491426,0.023969524878982656,1.9703050618244364,30.513386945912973,2.925565550168342,1.0336722244814966,1.3844404029642772,0.008469005967067423,0.5522341471478788,0.4982032726310988,0.008914691585749255,-9.465036251194444,0.20491050473817754,-0.6153846153846154,-0.2298905858104747,0.1284086597146586,-0.28416594951127105,-0.10368166690117994,-0.6150474341713892,-0.5216233284823856,-0.20548538651565193,0.11285030029309695,-0.3362956398476416,Medical Distribution,Healthcare,PDCO
2022Q4,2022,Q4,2022-06-29,2022-04-30,63878000.0,1638772000.0,72838000.0,0.65,348239000.0,0.2124999695,2741630000.0,1042635000.0,1679022000.0,1015669000.0,1698995000.0,785604000.0,921704000.0,2999336520.0,3447556520.0,10.696325249292133,1.6531192740942178,0.21528579713528084,0.5660983949320711,0.03287734920380054,10.696325249292133,0.06126592719408038,1.8302341753459297,11.738534863333228,2.876688889208592,0.39708506841165975,1.6427271246073085,0.00845687032144029,0.5977363831005643,0.5800866227087762,0.023299278166638095,-18.90238865605798,0.21249996948934935,0.1403508771929826,-0.003279210182115836,0.09165419362783292,-0.2802549866927411,0.034544325645923635,0.12908528501988512,0.19734354708792926,1.1771430227267787,0.0881510312016116,-0.32669133514727244,Medical Distribution,Healthcare,PDCO
2022Q3,2022,Q3,2022-03-02,2022-01-29,56575000.0,1596596000.0,60833000.0,0.57,336611000.0,0.2108304167,2863496000.0,1043240000.0,1790431000.0,1132097000.0,1819318000.0,868728000.0,918311000.0,2761353430.0,3293592430.0,10.703080916375127,1.5815173081458567,0.24350758653059057,0.6683821555921936,0.02521247417953733,10.703080916375127,0.05423009087074882,1.7295254591643723,12.202180424215642,2.646901412905947,0.44788334069818825,1.4503791750697572,0.009176297291288788,0.5575687900384705,0.5583929645604573,0.01975731762852122,-9.020788050047369,0.21083041671155384,0.1632653061224489,1.2407541554771016,0.11048554577246993,-0.2684538882999618,0.031173127881507803,0.18017021986732865,-0.13165182140002285,0.72535672144532,0.08851569653907101,-0.32379769137939746,Medical Distribution,Healthcare,PDCO
2022Q2,2022,Q2,2021-12-01,2021-10-30,47938000.0,1649161000.0,70056000.0,0.49,326435000.0,0.1979400435,2902725000.0,1011113000.0,1799431000.0,1193054000.0,1890743000.0,830121000.0,886897000.0,3042254460.0,3596351460.0,10.389463733418276,1.5082561225225346,0.24399452238844535,0.7004647353955492,0.02915582048257882,10.389463733418276,0.047411120220984204,1.8447285983600146,15.865568338270267,3.0088174714398885,0.5271183612165714,1.5934134903224952,0.008306011325561503,0.5681423489996469,0.5330823248570475,0.016514826585363754,-13.035682130782975,0.1979400434523979,0.4000000000000001,0.025823452930101142,0.13855439425465632,-0.29589232890573924,0.1750635344597951,0.41010707142016706,2.7722684611298036,0.58139984006442,0.11803890651753673,-0.3368109214798672,Medical Distribution,Healthcare,PDCO
2022Q1,2022,Q1,2021-09-09,2021-07-31,33996000.0,1614876000.0,-39529000.0,0.35,277802000.0,0.17202683054302623,2750849000.0,979344000.0,1611484000.0,1067884000.0,1770244000.0,770366000.0,864197000.0,3015376320.0,3590121320.0,10.110505450941526,1.5090440534739729,0.25871103793774214,0.7266854139097192,-0.01693362530376861,10.110505450941526,0.03471303239719649,1.8672494482548505,22.174493469819975,3.078975640837132,0.7394399341098953,1.7356347502356022,0.008336604566822359,0.5870463991298687,0.47801352955939036,0.012358366453411292,-9.389659025092017,0.17202683054302623,0.16666666666666663,-0.13885790683926905,0.19441817256169996,-0.31936969144505467,-0.08739343966097797,0.18226395409494,-2.0583967012959197,8.287827889434942,0.1543677392756677,-0.3517544211511296,Medical Distribution,Healthcare,PDCO
2021Q4,2021,Q4,2021-06-23,2021-04-24,28755000.0,1561793000.0,37348000.0,0.3,304405000.0,0.19490739169659488,2751511000.0,963216000.0,1615929000.0,1089666000.0,1786840000.0,736778000.0,855741000.0,3211390420.0,3790011420.0,10.035904435437656,1.4829580807329952,0.2623522130204095,0.7494321107622797,0.016896668270822077,10.035904435437656,0.02985311705785618,2.056220267346569,27.92027838636759,3.3340293558246543,0.8731003303773257,1.7066036173718542,0.00781779750093419,0.5676128498123395,0.5437253250078464,0.01045062149488045,-24.641966974110282,0.19490739169659488,-0.4,-0.5641556654442923,0.06851845776987073,-0.3355088639698819,-0.06204454907084159,-0.4102627207284809,-0.3944974951767967,0.3148576014675917,0.06708652428725485,-0.36943221750237243,Medical Distribution,Healthcare,PDCO
2021Q3,2021,Q3,2021-03-03,2021-01-23,48759000.0,1551268000.0,61681000.0,0.5,324541000.0,0.20921014292823678,2850965000.0,932909000.0,1723230000.0,1200894000.0,1916360000.0,838012000.0,852238000.0,3111355000.0,3736094000.0,9.744803309169157,1.4349559578114306,0.27383710427872665,0.8368447512029576,0.02755617656801388,9.744803309169157,0.05226554787230051,2.005685026700738,15.952721548842266,3.3351109272179813,0.5141204700670645,1.4638537395645885,0.008056939822038952,0.5441203241709386,0.5097027714352808,0.017102630162067933,-16.496148156788312,0.20921014292823678,-0.10714285714285723,-0.13969202119172136,0.10275855347169954,-0.318173374217813,0.013025645507666184,-0.09805771365149833,-0.16314818332293166,-0.5701782082182176,0.08341495902634292,-0.3875385891395055,Medical Distribution,Healthcare,PDCO
2021Q2,2021,Q2,2020-12-02,2020-10-24,54060000.0,1553168000.0,73706000.0,0.56,320368000.0,0.20626744820907977,2789024000.0,890839000.0,1656258000.0,1072886000.0,1896297000.0,761941000.0,828744000.0,2590448160.0,3235906160.0,9.326399212713834,1.5437409007107932,0.2814385964409055,0.8811233006188548,0.03192678667141215,9.326399212713834,0.060684366086352304,1.667848011290472,11.979504994450611,2.907874666466107,0.4626156122826489,1.6179730451570398,0.009654314024180278,0.5568858496735776,0.588289902189049,0.01938312470599034,-12.879663893957549,0.20626744820907977,1.2400000000000002,0.5742599485797698,0.15321891342410163,-0.32596459623340973,0.26220569231254137,1.2149383373622322,0.9461871567384875,0.3039846267527916,0.0880157731188055,-0.3673735586044361,Medical Distribution,Healthcare,PDCO
2021Q1,2021,Q1,2020-09-03,2020-07-25,24407000.0,1245837000.0,37872000.0,0.25,253816000.0,0.20373130674398016,2646196000.0,852616000.0,1460127000.0,978784000.0,1791458000.0,700535000.0,799587000.0,2383532560.0,3066988560.0,8.957085377512108,1.4917765308791318,0.3034608925415956,0.9418272704242003,0.01590838650704891,8.957085377512108,0.028626016870431707,1.9131977618259852,24.414436022452573,2.795552229843212,0.0,1.4160905593582047,0.0,0.4708029941848601,0.5025398862261745,0.00922342865003197,-10.089154825246458,0.20373130674398016,1.0388198757763976,-0.14163704303415492,0.1387313397572527,-0.4117400503164064,-0.13677422865538444,1.0401044388139062,1.0616343050761397,-0.22405841865451231,-0.0631438922701898,-0.3960688247537704,Medical Distribution,Healthcare,PDCO
2020Q4,2020,Q4,2020-06-24,2020-04-25,-608586000.0,1286461000.0,-614463000.0,-6.44,294032000.0,0.22855881367565747,2715350000.0,834117000.0,1542765000.0,1074898000.0,1878906000.0,812194000.0,799652000.0,1445268600.0,2035650600.0,8.830185683131841,1.4352664159762136,0.24612885999963172,0.8012377160518248,-0.3733661474336617,8.830185683131841,-0.7296170681091502,1.1234453279189964,-0.5936994114225435,1.732692895600977,-0.040947376377373126,1.2219112675050543,0.017242469669651716,0.4737735466882722,0.46001295006595977,-0.22412801296333806,-17.303425321759953,0.22855881367565747,-27.833333333333336,-10.884068853343686,0.17334704739125933,-0.422754552237782,-0.057075970881570084,-27.201661859043355,-15.023712798977542,-10.799067004142595,-0.11569162095256963,-0.4058256491002001,Medical Distribution,Healthcare,PDCO
2020Q3,2020,Q3,2020-03-04,2020-01-25,23227000.0,1456155000.0,43816000.0,0.24,311830000.0,0.21414615889105212,3513552000.0,1469430000.0,1692674000.0,1201457000.0,2041584000.0,866313000.0,1433163000.0,2201134450.0,2862380450.0,15.587957609767999,1.4088510866389725,0.21841572289238925,0.5222535268777689,0.01467607777482647,15.587957609767999,0.0158068094431174,1.5116072464813155,23.691549166917813,1.4979512123748666,1.0771085374779352,1.320914034534862,0.011365957222649438,0.41443957567726336,0.46395667926525874,0.006610689125989881,-13.395088057739587,0.21414615889105212,1.6857142857142857,-0.5545712720276108,0.43591498918745303,0.05915832540358388,0.034282605955674075,1.7011077907573424,3.4146368345640914,-0.04878540906657908,0.04722792541375433,0.06542311208022002,Medical Distribution,Healthcare,PDCO
2020Q2,2020,Q2,2019-12-05,2019-10-26,-33129000.0,1418744000.0,-18146000.0,-0.35,301494000.0,0.21250768285187463,3435457000.0,1455831000.0,1687432000.0,1061427000.0,1976833000.0,787406000.0,1434833000.0,1609931230.0,2228829230.0,15.472256172085064,1.5897767816345354,0.2178670843500588,0.5141208011094694,-0.009818482994783669,15.472256172085064,-0.022756075396113972,1.134758088844781,-12.148957333454074,1.1058503562570106,-0.7535995653355066,1.418899525784665,0.015507494689695535,0.4129709671813677,0.6697238717311694,-0.009643258524266203,96.86127368991035,0.21250768285187463,-2.0937499999999996,-1.646862687010521,0.35023387465213407,0.04440036203729348,0.03944093168858213,-2.102756141402037,-2.088281156291232,-1.7332469868457896,0.013080632969512476,0.04857522384519617,Medical Distribution,Healthcare,PDCO
2020Q1,2020,Q1,2019-09-04,2019-07-27,30042000.0,1328651000.0,16674000.0,0.32,290054000.0,0.2183071400992435,3349622000.0,1500364000.0,1582664000.0,874227000.0,1846245000.0,809643000.0,1492836000.0,1839319950.0,2561115950.0,15.99620448851218,1.810358179282955,0.24825995291409,0.5542501686257468,0.005148005063620471,15.99620448851218,0.02002314105110493,1.3843514587352135,15.306237517475534,1.2259158110965072,0.8500765594833899,1.2827838936420126,0.013884479424039305,0.39665699592371917,0.7005537463381937,0.008968773192915499,-33.98281662817552,0.2183071400992435,0.06666666666666674,-0.36736645334059975,0.3279889032960881,0.08227362806743299,-0.07190738720174578,0.07331189710610933,-0.6423653561546876,-0.2141158115692398,0.014871022839343143,0.07685037603240345,Medical Distribution,Healthcare,PDCO
2019Q4,2019,Q4,2019-06-26,2019-04-27,27990000.0,1436706000.0,46623000.0,0.3,312527000.0,0.21753023931131352,3269269000.0,1477259000.0,1604363000.0,875712000.0,1788762000.0,761018000.0,1483496000.0,2036480999.9999998,2690151000.0,15.886213571351758,1.832066935248118,0.2291998608863327,0.5072340056821452,0.015942180007653184,15.886213571351758,0.0189472529867816,1.4174653686975622,18.189362272240086,1.378553794561414,0.8837799214005002,1.4772042185598764,0.01214693385305338,0.4394578726926417,0.7739302419060148,0.008561546939086383,-37.0309670145834,0.21753023931131352,-0.09090909090909098,-0.4609075151814099,0.39780106875701227,0.07631001136045301,0.04346447018286596,-0.10360288230584468,0.027775940744659746,-0.5621232815358129,0.014512459949618606,0.05184820871446073,Medical Distribution,Healthcare,PDCO
2019Q3,2019,Q3,2019-03-06,2019-01-26,31225000.0,1396745000.0,45363000.0,0.33,299509000.0,0.21443355802240208,3320525000.0,1469144000.0,1679666000.0,932698000.0,1847828000.0,845846000.0,1480054000.0,2068913220.0,2735253220.0,15.828222973992114,1.800868019444665,0.23603827707967867,0.5334882080994102,0.01662182892250653,15.828222973992114,0.021253873003599374,1.4812390379059885,16.564557405924738,1.4082439978654235,0.792666132906325,1.297205401456057,0.011963285729306713,0.420639808464023,0.7125682696864366,0.009403633461576107,-15.246003890878542,0.21443355802240208,0.06451612903225812,-0.40350330060063627,0.405263737520088,0.09885156987363795,0.015023248247909014,0.08161003152170147,0.1006162655279503,-0.4317550214369054,0.02410556367631471,0.107472723675248,Medical Distribution,Healthcare,PDCO
2019Q2,2019,Q2,2018-12-06,2018-10-27,28869000.0,1404752000.0,41216000.0,0.31,295076000.0,0.21005558276478695,3344254000.0,1451964000.0,1705299000.0,968920000.0,1888566000.0,792533000.0,1473357000.0,2111318740.0,2764430740.0,15.66591500059342,1.7599997935846097,0.24478613167540503,0.5638066784024949,0.013792342936643227,15.66591500059342,0.0198827243650669,1.5029832596785768,18.283615123488865,1.454112319589191,0.8552772870553188,1.4001637786691532,0.011694586673350892,0.42004943404418443,0.7603795979028196,0.008632418470606598,-123.05873637582327,0.21005558276478695,7.199999999999999,-0.25094983696483525,0.5336428274958601,0.09830950808952768,0.04023436260633216,7.478680430879713,8.13070447496677,-0.1336023147212494,0.07492488970649017,0.13220344765034528,Medical Distribution,Healthcare,PDCO
2019Q1,2019,Q1,2018-09-05,2018-07-28,-4456000.0,1336320000.0,4514000.0,-0.05,283663000.0,0.21227176125478928,3287758000.0,1443149000.0,1641524000.0,917330000.0,1840662000.0,845507000.0,1468983000.0,2199414330.0,2962086330.0,15.596721028002031,1.7894585372766616,0.25979649353754136,0.5918640417586819,0.0016244618293275589,15.596721028002031,-0.0030876922618523796,1.645873989762931,-123.39622587522442,1.5240382871068754,-5.675269299820466,1.2450009284370207,0.011498060940614131,0.4064532730207029,0.6672124535336248,-0.001355330897225404,11.263048541302867,0.21227176125478928,-1.2173913043478262,-1.1060151141874839,0.6577754321020041,0.12878725716337908,-0.021308381549756936,-1.212920489296636,-0.8905723497612179,-1.161216928978217,0.25654895301793684,0.024320517274104624,Medical Distribution,Healthcare,PDCO
2018Q4,2018,Q4,2018-06-27,2018-04-28,20928000.0,1400609000.0,41251000.0,0.23,289839000.0,0.2069378391828126,3471664000.0,1461790000.0,1772724000.0,908381000.0,2009874000.0,779834000.0,1497766000.0,2182260960.0,3133904960.0,15.915663175315201,1.9515203422352516,0.2922598500315699,0.694099699683265,0.01150106323136022,15.915663175315201,0.014316693916362816,1.5580800637437,26.0686754587156,1.492868989389721,1.1734518348623852,1.4243672371299534,0.011253466221564996,0.40344025228247893,0.9796120790725478,0.006028233146986575,17.619055369859034,0.2069378391828126,-0.8050847457627118,-0.6370384104699433,0.6001115092338322,0.1556091669057006,-0.016614868899625428,-0.8079207012069203,-0.1757383207449147,-0.6504265661730124,0.31384357665434337,0.04043611830470438,Medical Distribution,Healthcare,PDCO
2018Q3,2018,Q3,2018-03-07,2018-01-27,108955000.0,1375222000.0,50046000.0,1.18,294736000.0,0.21431885179265603,3674358000.0,1462990000.0,1979788000.0,1100086000.0,2211368000.0,882018000.0,1501011000.0,3454523930.0,4521691930.0,15.910885382113998,1.7996665715225901,0.3225524023516489,0.8101032816355546,0.05101893943173862,15.910885382113998,0.07447419326174479,2.5119754701422754,7.926492428066633,2.3612765159023645,0.2264421091276215,1.225015816003755,0.007141939236761923,0.37427545165713305,0.8921666124284828,0.0296527992100933,-70.64032738277815,0.21431885179265603,1.744186046511628,1.256553785996784,0.6678214957173746,0.20303474045226,-0.06653195795314544,1.7073601033694463,-0.3025822544907259,1.1421256635933406,0.39029387759089984,0.08110036855938306,Medical Distribution,Healthcare,PDCO
2018Q2,2018,Q2,2017-12-06,2017-10-28,40244000.0,1385737000.0,71759000.0,0.43,315743000.0,0.22785203830164022,3528479000.0,1366940000.0,1843608000.0,950631000.0,2161539000.0,796369000.0,1429668000.0,3404751840.0,4401281840.0,14.742348094303402,1.939351862078977,0.31117827256446756,0.8032437414956033,0.019065345411379064,14.742348094303402,0.02944094108007667,2.456997135820145,21.150679852897326,2.490783677410859,0.6152221449160123,1.3435907223912533,0.007271895622207814,0.3927292751352637,1.0000315579862218,0.011405480945189131,30.029827745878865,0.22785203830164022,0.3030303030303029,-0.011651439105352988,0.7872534428640351,0.12686527284239538,0.0558271581819641,0.30463254125198563,0.2626291063290694,-0.2025941110140149,0.33832102054291274,-0.0048695215666555314,Medical Distribution,Healthcare,PDCO
2018Q1,2018,Q1,2017-09-06,2017-07-29,30847000.0,1304115000.0,56833000.0,0.33,299048000.0,0.22931106535849982,3495242000.0,1384502000.0,1816093000.0,902064000.0,2110740000.0,777354000.0,1450178000.0,3938436500.0,5014868500.0,14.831301553294054,2.0132640256123735,0.3365177575687177,0.8495552913610814,0.014522607672848279,14.831301553294054,0.02228021339080767,3.020007054592578,31.919120984212398,2.844659307101037,0.8172593769248225,1.2929334640331174,0.006401017256467129,0.3731115041533605,1.0432330743716631,0.008825426107834593,-74.73030435277599,0.22931106535849982,-0.4923076923076923,-0.26988420370742555,0.6501519752573071,0.14062960548203177,-0.10864446285819886,-0.49997568527013664,-0.4089438926732879,-0.3473179413988752,0.30967875609236967,0.003458448694705021,Medical Distribution,Healthcare,PDCO
2017Q4,2017,Q4,2017-06-28,2017-04-29,61691000.0,1445032000.0,96155000.0,0.65,335498000.0,0.2321734051564256,3507913000.0,1394433000.0,1803593000.0,903931000.0,2113480000.0,711903000.0,1481234000.0,4174496700.0,5151563700.0,14.861270382606842,1.9952772943952581,0.3056022198954193,0.7687898952477459,0.02788307121461714,14.861270382606842,0.04424092086174094,2.8888610771249357,16.916959929325184,2.9936875418180726,0.40464573438589096,1.5585465997474375,0.005979882556860087,0.4119349596184398,1.083890252685216,0.017586240023626583,25.178360887108933,0.2321734051564256,1.5,0.12005740168423945,0.7412348725925518,0.1440416673729919,0.017397448455093233,1.5138956805215973,1.0654508742535551,0.17754285243883047,0.3933154686356693,0.006868881781833546,Medical Distribution,Healthcare,PDCO
2017Q3,2017,Q3,2017-03-08,2017-01-28,24540000.0,1397418000.0,46554000.0,0.26,329761000.0,0.235978783728276,3594062000.0,1386075000.0,1871216000.0,988453000.0,2207987000.0,827057000.0,1482576000.0,3931585500.0,5024375500.0,14.63076728205453,1.8930753409620893,0.3379265577499776,0.8762361344083113,0.013751774522222324,14.63076728205453,0.017704669660732645,2.8134641889542,40.052827017114915,2.8364882852659488,0.9491442542787286,1.2909110254795013,0.005924327475518464,0.3888129920964079,0.9427802839386394,0.00682792895615045,113.67563464985832,0.235978783728276,-0.4583333333333333,-0.4805294841969871,0.7552340354864852,0.1533196889674282,0.0338631803360923,-0.46367689483346447,-0.4166384722378858,-0.5407039245635094,0.37746199569281996,0.01571993411757007,Medical Distribution,Healthcare,PDCO
2017Q2,2017,Q2,2016-12-07,2016-10-29,45756000.0,1418241000.0,79803000.0,0.48,318960000.0,0.22489830712833714,3590368000.0,1406052000.0,1832832000.0,946669000.0,2184316000.0,795454000.0,1517796000.0,4074600400.0,5158049400.0,14.75550425018365,1.9360853688036685,0.33251076212800473,0.8490695934432012,0.019690311328267675,14.75550425018365,0.03254218193921704,2.8729957743430066,22.26265626365941,2.8979016423290176,0.5126759332109451,1.3819542047685975,0.005757128969014974,0.39501271178887515,0.9856887676685304,0.012744097540976301,1298.4704907584448,0.22489830712833714,0.1999999999999999,0.10385424868070015,0.954719429956188,0.18260930125248298,0.005618296350944896,0.17606538837197347,0.21993090375443317,0.15472872514326455,0.5060082842721173,0.03448222552070891,Medical Distribution,Healthcare,PDCO
2017Q1,2017,Q1,2016-09-08,2016-07-30,38906000.0,1332436000.0,65416000.0,0.4,317178000.0,0.23804370341239656,3499267000.0,1418037000.0,1691068000.0,837004000.0,2081230000.0,799176000.0,1519900000.0,4711954960.0,5764723960.0,14.854621258943443,2.0203822203956014,0.3265675354295628,0.8058654322842069,0.01724921916653792,14.854621258943443,0.027436519639473442,3.5363461809797996,30.277816789184186,3.3228716599073227,0.6219349200637434,1.270380992422195,0.005135235842746681,0.3807757453203771,0.9667767418076855,0.011118328495653518,-53.65408000364378,0.23804370341239656,-0.411764705882353,-0.03098022103336262,0.9036552624898538,0.11908000361349526,-0.12801141471541563,-0.40710149344711977,-0.3848642142481005,-0.10279626090352122,0.6021880123257072,0.07507899621844832,Medical Distribution,Healthcare,PDCO
2016Q4,2016,Q4,2016-06-29,2016-04-30,65620000.0,1453770000.0,106344000.0,0.68,363741000.0,0.2502053282156049,3520804000.0,1441746000.0,1747541000.0,829335000.0,2079058000.0,722140000.0,1529158000.0,4138191000.0,5059393000.0,15.103142677561282,2.107159350564006,0.3006855820431924,0.7342867606360621,0.0285362077740217,15.103142677561282,0.045514258406127016,2.8465238655358136,15.765738341968913,2.8702635554390303,0.35944833892106065,1.5094427673304345,0.005699833574622341,0.41290852884738827,1.1263795691728915,0.018637788414237202,18.828188200394017,0.2502053282156049,0.15254237288135608,0.28837952100923747,1.025144327351172,0.13746347786734073,0.07025457241720218,0.16265060240963855,0.11088593843036071,0.0949845327709679,0.5979671819839566,0.09661343891369903,Medical Distribution,Healthcare,PDCO
2016Q3,2016,Q3,2016-03-10,2016-01-30,56440000.0,1400853000.0,95729000.0,0.59,339864000.0,0.24261217986469671,3555670000.0,1362547000.0,1710856000.0,915598000.0,2193123000.0,814413000.0,1486788000.0,4047924100.0,5194973100.0,14.292201185293964,1.8685667727539816,0.3500746694715764,0.9135464684887934,0.02443731984228531,14.292201185293964,0.041422424327381004,2.8896137567610594,17.930209514528705,2.970850987158608,0.3836640680368533,1.3027653045813365,0.00534940860180654,0.3939772251080668,0.8700455876924152,0.015873239080117108,-82.81011619819157,0.24261217986469671,0.6388888888888888,0.26100309225348034,1.1024731306804199,0.08690500804197586,0.02709285915037519,0.5934050422066006,0.146963325066197,0.1274055517800214,0.6385660775491464,0.08064473663860468,Medical Distribution,Healthcare,PDCO
2016Q2,2016,Q2,2015-12-10,2015-10-31,35421000.0,1389210000.0,83463000.0,0.36,330899000.0,0.238192209961057,3451838000.0,1363257000.0,1665930000.0,798356000.0,2088581000.0,752849000.0,1475867000.0,4670085000.0,5705509000.0,13.836660746003552,2.0867006698765964,0.327615316825413,0.8295391111140452,0.021175347894994905,13.836660746003552,0.025982628367211758,3.361683978664133,32.961272973659696,3.4256820247392823,0.6275373366082267,1.4057413903717744,0.0047596564088233945,0.4024551557749813,1.0395262263952423,0.010261489675934966,-56.75154939846883,0.238192209961057,0.2,-0.2007801798038393,0.9506266860389557,0.0931445082982155,0.14798226502546455,0.1925058074941925,0.34234524020136065,-0.18133512165982654,0.6862019116762778,0.05763697797896168,Medical Distribution,Healthcare,PDCO
2016Q1,2016,Q1,2015-09-10,2015-08-01,29703000.0,1142870000.0,62177000.0,0.3,288244000.0,0.25221066263004543,4239654000.0,1514053000.0,1801802000.0,694135000.0,2725601000.0,716707000.0,1637579000.0,4987709760.0,6526269760.0,15.226406935114044,2.5957515468892938,0.40687282499939853,1.1393260341612876,0.0076895476725449725,15.226406935114044,0.0196182035899668,4.364196942784393,41.9798485001515,3.2942768582077373,0.7786418880247786,1.1924342862564479,0.004636997963570358,0.2695668089896015,1.2395729937260043,0.007005996244033121,-428.49740206185567,0.25221066263004543,-0.5384615384615385,-0.34068378086343,0.6097941610428471,0.21966523983491523,-0.13595923261390888,-0.5396168511113177,-0.4172508810077229,-0.33999108309246073,0.3576116707491122,0.17101594036772955,Medical Distribution,Healthcare,PDCO
2015Q4,2015,Q4,2015-06-24,2015-04-25,64518000.0,1148854000.0,106696000.0,0.65,333600000.0,0.29037632283997794,2947706000.0,1514123000.0,1573225000.0,577685000.0,1433583000.0,456687000.0,1630148000.0,4769894390.0,5147634390.0,15.297107525686748,2.723326726503198,0.24595397234323912,0.47882503601094495,0.03099595956661484,15.297107525686748,0.04261080506669537,4.151871682563668,18.48280475991196,3.150268762841592,0.33200037198921234,1.7851482525230629,0.004490665463140369,0.38974511026540637,1.808547911058795,0.02188752881053945,55.34740128334552,0.29037632283997794,0.18181818181818177,0.2491507331972325,0.691449407024543,0.25690009071378256,0.1025948657947706,0.18000585265930208,0.17563577063775399,0.11042503754684044,0.31230448071322164,0.17759302866548152,Medical Distribution,Healthcare,PDCO
2015Q3,2015,Q3,2015-03-05,2015-01-24,54676000.0,1063312000.0,90756000.0,0.55,302559000.0,0.28454395323291753,2871532000.0,1454688000.0,1501266000.0,569062000.0,1416844000.0,514619000.0,1587822000.0,5059721980.0,5494999980.0,14.717306408207037,2.6381413624525973,0.25247846793976175,0.49838865791152465,0.02757419251813393,14.717306408207037,0.037586066565476584,4.7584546962697685,23.135022587606993,3.478217995886403,0.36882727339234767,1.4782839343281147,0.003985594481220884,0.37029432372684684,1.6383223620624818,0.019040707190447467,111.55573639650763,0.28454395323291753,0.018518518518518535,0.16969236727097575,0.5546948715806883,0.26547189751810973,-0.010669605195178894,0.01669827810628882,-0.005097510441674615,0.10933108522395459,0.2801106691129911,0.1601414281239345,Medical Distribution,Healthcare,PDCO
2015Q2,2015,Q2,2014-12-04,2014-10-25,53778000.0,1103325000.0,91221000.0,0.54,305822000.0,0.2771821539437609,2857449000.0,1463701000.0,1489726000.0,547086000.0,1393748000.0,499893000.0,1553313000.0,4133875680.0000005,4574003680.0,14.814487560980547,2.7230197811678605,0.2537228136005227,0.4953197408487116,0.02686299051746426,14.814487560980547,0.03674111037705105,3.7467434164910616,19.217317862322883,2.8242623869219194,0.37398192569452193,1.5953474043445297,0.004865168078784603,0.38612237698730584,1.7009336740475902,0.01882028340663298,256.4439007444169,0.2771821539437609,0.08000000000000007,0.30535983455384463,0.6215229923939101,0.32899947920381795,0.03239767068950966,0.06937898944103084,0.07630318333058027,0.2512667958986507,0.4666262153199266,0.18733663627163072,Medical Distribution,Healthcare,PDCO
2015Q1,2015,Q1,2014-09-04,2014-07-26,50289000.0,1059529000.0,84754000.0,0.5,296225000.0,0.27958177643084803,2899172000.0,1468101000.0,1445186000.0,582966000.0,1431071000.0,518857000.0,1519645000.0,3914555889.9999995,4378815890.0,14.780185041629332,2.4790227903514097,0.25007139969618913,0.4938352334069659,0.025080726895941968,14.780185041629332,0.03425445524524539,3.6946189202938284,19.460298922229512,2.6664077539624316,0.39893416055200936,1.4711259557064855,0.005124974726060176,0.36545917248097043,1.4868877430244645,0.017345987061133317,75.15129662692698,0.27958177643084803,-0.09090909090909098,0.3272551710987987,0.5957356857220723,0.38583703464886154,-0.062187369407474005,-0.0966751091232419,-0.08473990561657002,0.20375741467998681,0.45480474918232494,0.11347231554869877,Medical Distribution,Healthcare,PDCO
2014Q4,2014,Q4,2014-06-25,2014-04-26,55671000.0,1102077000.0,92601000.0,0.55,315868000.0,0.2866115525503209,2864677000.0,1471664000.0,1415717000.0,543463000.0,1393013000.0,436463000.0,1531198000.0,4079013369.9999995,4539105370.0,14.759886467349334,2.6049924281873835,0.25308263374893575,0.4926396242620598,0.02756983362951087,14.759886467349334,0.03782860761695604,3.701205423940432,18.317496407465285,2.771701536492025,0.3650733775215103,1.8013187830354462,0.004982577441269825,0.3847124824194839,1.6804511070670864,0.01943360455646483,113.42565402369166,0.2866115525503209,-0.01785714285714287,0.21803251013098346,0.668367708320441,0.4645920117594698,0.01414944407164942,-0.023675487978113325,-0.04190334295558246,0.04648351198186069,0.46983301073094597,0.11161181169409301,Medical Distribution,Healthcare,PDCO
2014Q3,2014,Q3,2014-03-06,2014-01-25,57021000.0,1082679000.0,96651000.0,0.56,311461000.0,0.2876762179741179,2976148000.0,1456350000.0,1537133000.0,678182000.0,1519798000.0,451110000.0,1512404000.0,4043188950.0,4479213950.0,14.4043321299639,2.2665493923460076,0.2889641240959791,0.5905173893638205,0.02705487923104386,14.4043321299639,0.0391533628592028,3.7344300111113267,17.72675395906771,2.776248120300752,0.297171217621578,1.7096007625634546,0.004190998790694657,0.3637853359443146,1.5071853868135692,0.019159329441949795,92.35874888640153,0.2876762179741179,0.3658536585365856,0.25622272210478975,0.5530657891643566,0.5110918925000589,0.07611485984569724,0.35673836489959077,0.2848596838732834,0.2012785248386226,0.5322066407331588,0.09543243385540727,Medical Distribution,Healthcare,PDCO
2014Q2,2014,Q2,2013-12-05,2013-10-26,42028000.0,998834000.0,75223000.0,0.41,289431000.0,0.2897688705030065,2949299000.0,1441614000.0,1566927000.0,666633000.0,1507685000.0,442125000.0,1496588000.0,4202449020.0,4546391020.0,14.263661459003256,2.350509200714636,0.2915947145406417,0.5965535850789463,0.020292051354546134,14.263661459003256,0.029153434969416223,4.207354795691777,24.99791222518321,2.915100033712214,0.44291900637670123,1.6045303929884083,0.004429559980718101,0.338668273376148,1.6003213162264693,0.014250165886876848,69.86731317228882,0.2897688705030065,-0.08888888888888896,0.04103638258014307,0.5279728811702565,0.5760389049171272,0.028108326998628863,-0.08419768151311775,-0.07453156334198645,-0.07557299041086302,0.3671874166246318,0.1268790554569197,Medical Distribution,Healthcare,PDCO
2014Q1,2014,Q1,2013-09-05,2013-07-27,45892000.0,880125000.0,81281000.0,0.45,281518000.0,0.3198613833262321,2761647000.0,1395914000.0,1447037000.0,527512000.0,1365733000.0,388260000.0,1473174000.0,4100685930.0000005,4357316930.0,13.817236976253874,2.7431357011783617,0.31140837333663574,0.6160837988586689,0.02291527190933777,13.817236976253874,0.032875950810723295,4.6592085556028975,22.338784156279964,2.9376350763729,0.6487623115139893,1.5417684026168033,0.007260492636655058,0.31869569137547266,1.903101730387176,0.016617619847866145,263.5232909196067,0.3198613833262321,-0.27419354838709675,0.1650878675894137,0.38068067532128624,0.5443661953973459,-0.13159169219284528,-0.27799628708977064,-0.22186375124454316,0.0026205875395432267,0.22018044691852695,0.10678794559435682,Medical Distribution,Healthcare,PDCO
2013Q4,2013,Q4,2013-06-26,2013-04-27,63562000.0,964933000.0,104456000.0,0.62,324177000.0,0.33595804061007345,2681778000.0,1394455000.0,1361336000.0,448519000.0,1287323000.0,360563000.0,1463358000.0,3793800030.0,4013572030.0,13.772531086726783,3.0351802264787,0.27034303361426637,0.5199163831030761,0.03256388313220131,13.772531086726783,0.045581965714203754,3.9316719710073134,14.921651419086874,2.7206328135364712,0.0003461187501966584,1.7770985930336722,5.798935058788536e-06,0.35981091648898605,2.12563124416134,0.023701439865641376,33.83243438712267,0.33595804061007345,0.19230769230769226,0.3117720580578392,0.617114490130045,0.8103820619421829,0.07953565351173687,0.18519485362670146,0.16661082445442157,0.20307471580293837,0.38884066881006246,0.131631946967578,Medical Distribution,Healthcare,PDCO
2013Q3,2013,Q3,2013-03-07,2013-01-26,53630000.0,915861000.0,89538000.0,0.52,300293000.0,0.3278805408244264,2637490000.0,1350733000.0,1288128000.0,457027000.0,1286757000.0,352646000.0,1437400000.0,3742043200.0,4044594200.0,13.225624204445316,2.818494312152236,0.2938399766444612,0.5737625422640892,0.027615516353854355,13.225624204445316,0.03970436792467497,4.085820009804982,17.443796382621667,2.7703796383149,0.26848778668655604,1.745569211050175,0.003847897854305904,0.3472471933542876,1.9560222918996033,0.020333726383796717,92.07330347915949,0.3278805408244264,0.18181818181818185,0.16612007783349897,0.5472205220832772,0.3569970429074481,0.07018556730423131,0.17759430855034913,0.1498542423814355,0.11037815893831988,0.2959916675920343,0.13720916678936143,Medical Distribution,Healthcare,PDCO
2013Q2,2013,Q2,2012-12-06,2012-10-27,45542000.0,867193000.0,77869000.0,0.44,280599000.0,0.32357156941995613,2620240000.0,1356746000.0,1277023000.0,432714000.0,1263494000.0,330953000.0,1440624000.0,3473113940.0,3747739940.0,13.082618170597652,2.9511940912473364,0.2957744328763777,0.5712196682356167,0.023964887737456878,13.082618170597652,0.03356707887843414,4.005006890046391,19.06544475429274,2.559885151679091,0.31902419744411753,1.772438986804773,0.004183277672715799,0.33095937776692214,2.098866687927823,0.01738085060910451,51.16323586170323,0.32357156941995613,-0.02222222222222224,0.11056580701316002,0.5316321825619235,0.17627560519078223,-0.017854392719635983,-0.04198746266144979,-0.05718471522665634,0.05317259568505792,0.21421968142181766,0.17363443479079615,Medical Distribution,Healthcare,PDCO
2013Q1,2013,Q1,2012-09-06,2012-07-28,47538000.0,889225000.0,82592000.0,0.45,285700000.0,0.32129101183614944,2700472000.0,1365742000.0,1361610000.0,501354000.0,1334730000.0,318128000.0,1458094000.0,3701433400.0,3970680400.0,13.002732422525824,2.7158654363982335,0.3147597901403903,0.6223723075075673,0.02404287057963044,13.002732422525824,0.03480745265211145,4.162538615086171,19.465655896335566,2.710199583815977,0.31168749211157387,1.8971137403812302,0.004003043793790805,0.3292850286912806,1.9835146423485202,0.01760358929846338,65.45185669826,0.32129101183614944,-0.22413793103448268,0.29259641151802795,0.6389352718550978,0.22703945051617452,-0.08931821586696459,-0.23502244822425697,-0.1969742637407512,0.18649074812595237,0.2664900925884789,0.21917743871353798,Medical Distribution,Healthcare,PDCO
2012Q4,2012,Q4,2012-06-27,2012-04-28,62143000.0,936334000.0,102851000.0,0.58,313721000.0,0.3350524492328592,2739368000.0,1375202000.0,1403513000.0,529648000.0,1364166000.0,319952000.0,1456233000.0,3598351350.0,3874570350.0,12.990147829783215,2.649897667885086,0.3102905487689131,0.6180910149927066,0.030541217492635137,12.990147829783215,0.045188270523166776,3.843021133484419,14.476092842315305,2.6165983979080893,0.24042933234636243,1.9459575186277942,0.004152179302891031,0.34180657728351943,1.9610193940126273,0.02268515949664302,40.93827263729138,0.3350524492328592,0.15999999999999992,0.34020962596956,0.6371317770455927,0.28859413791608163,0.08353768469333481,0.17012502824433232,0.14398371632594043,0.2805464025201925,0.3350080290512648,0.28898462634935,Medical Distribution,Healthcare,PDCO
2012Q3,2012,Q3,2012-03-08,2012-01-28,53108000.0,895030000.0,89906000.0,0.5,289534000.0,0.3234908327095181,2665825000.0,1351087000.0,1340502000.0,360945000.0,1314738000.0,334775000.0,1439853000.0,3421973520.0000005,3733881520.0000005,12.685786449335236,3.7138677637867263,0.31885063723237644,0.6291230690547684,0.02649865053607111,12.685786449335236,0.03930760935454194,3.823305945052122,16.1085595390525,2.5327558625018227,0.23700760714016722,1.8086655216189977,0.0036782867916523207,0.33574221863775755,2.678189197800219,0.01992178781427888,32.009181149795154,0.3234908327095181,0.16279069767441862,0.154053678125633,0.6061490257549612,0.31938429561442017,0.030432446091044653,0.0848551701597418,0.07983521301000493,0.11070435873528875,0.21880561687698138,0.33080720998521074,Medical Distribution,Healthcare,PDCO
2012Q2,2012,Q2,2011-12-08,2011-10-29,48954000.0,856875000.0,83259000.0,0.43,280983000.0,0.3279159737417943,2397763000.0,1404145000.0,1059082000.0,363228000.0,993618000.0,347348000.0,1487220000.0,3650732719.9999995,3945664719.9999995,12.477074410421368,2.9157498871232392,0.22729519139297755,0.3881365528488867,0.027141659832372225,12.477074410421368,0.034863920748925505,4.260519585703865,18.64368958614209,2.5999684647953023,0.2739714834334273,1.6579683775349217,0.0036737830536112213,0.35736434334836265,1.835973548294735,0.02041652990725105,90.73299333929813,0.3279159737417943,0.023809523809523832,0.24228824921127243,0.5107815752970465,0.38381241415112594,0.0097277523034685,0.007076733182472743,0.015440342468259486,0.08901570684831145,0.17722256295222796,0.3786330211838992,Medical Distribution,Healthcare,PDCO
2012Q1,2012,Q1,2011-09-08,2011-07-30,48610000.0,847422000.0,81993000.0,0.42,278276000.0,0.32837948507355247,2517513000.0,1534151000.0,1178732000.0,349710000.0,983362000.0,346476000.0,1608134000.0,3564363840.0,3715587840.0,13.273958261230705,3.3705984958966,0.20853914160522707,0.3422088177760859,0.025184023955048443,13.273958261230705,0.03168527739446769,4.20612615674363,18.33143303846945,2.323346163448057,0.28391277514914626,1.6426707766194484,0.003871939178913901,0.33661077420454233,2.279205627519945,0.019308738425581118,63.12071827020135,0.32837948507355247,-0.20754716981132082,0.397863874836931,0.5459680408104625,0.4226292694709078,-0.08446482798100997,-0.2248074377661186,-0.21255222088835535,0.07874082022546082,0.1620328903229226,0.48364339795219674,Medical Distribution,Healthcare,PDCO
2011Q4,2011,Q4,2011-06-29,2011-04-30,62707000.0,883819000.0,104125000.0,0.53,303949000.0,0.34390412516589935,2564968000.0,1560540000.0,1230709000.0,367431000.0,1004428000.0,336094000.0,1632497000.0,4079431590.0,4215766590.0,13.277914387087442,3.349496912345447,0.20468091609719888,0.33642200776654235,0.031790375277729974,13.277914387087442,0.04018288541146014,4.61568668471712,16.26386045417577,2.614115363912492,0.23042084615752628,1.7253208923693966,0.0035419150146846806,0.34457310968401944,2.3237968489321803,0.024447478487061046,64.20863773727453,0.34390412516589935,0.12765957446808524,0.29294424360290905,0.489447835324514,0.4713924609387445,0.0821504227859368,0.13197703805328906,0.1231622207600289,0.11486568256635267,0.27600578874220316,0.7453653126660031,Medical Distribution,Healthcare,PDCO
2011Q3,2011,Q3,2011-03-10,2011-01-29,55396000.0,824650000.0,92707000.0,0.47,280875000.0,0.34059904201782576,2503585000.0,1551556000.0,1175952000.0,326710000.0,952029000.0,323270000.0,1620683000.0,3891442119.9999995,4028403119.9999995,13.149448277031036,3.599375593033577,0.2096992912163957,0.3383699976024069,0.028662694607826108,13.149448277031036,0.03570351311844368,4.718901497605044,17.561927395479817,2.5080900205986763,0.2131742364069608,1.682107835555418,0.0030346076430914515,0.3293876580982871,2.4756420066725844,0.022126670354711345,19.77911570815014,0.34059904201782576,0.04444444444444436,0.1979932689497856,0.41133877101816824,0.5405913018069898,0.005995680531230189,0.038214292407744065,0.028341024048274027,0.04257496105121771,0.20582899490043333,0.3491811162907546,Medical Distribution,Healthcare,PDCO
2011Q2,2011,Q2,2010-12-09,2010-10-30,53357000.0,857414000.0,90152000.0,0.45,279201000.0,0.32563149190472745,2550047000.0,1501402000.0,1235898000.0,420426000.0,1048645000.0,306675000.0,1577208000.0,3279732400.0,3475988400.0,12.657668442705875,2.9396326583037204,0.20587855831676827,0.3496731721417715,0.027811043558580963,12.657668442705875,0.035538117039940004,3.8251444459735904,15.366926551342841,2.184446537303134,0.22148921416121595,1.8854259395125132,0.0036033427605252186,0.3362345870487877,1.798223706431096,0.02092392806877677,-68.16161439823763,0.32563149190472745,0.0,0.3836286875506211,0.5494961837759149,0.5650790893178497,-0.0035653104925053533,-0.010533147890588781,0.012670740474478793,0.1375859285672314,0.3240058349992488,0.13806780979131417,Medical Distribution,Healthcare,PDCO
2011Q1,2011,Q1,2010-09-09,2010-07-31,53925000.0,849787000.0,89024000.0,0.45,280200000.0,0.3297296852034686,2447952000.0,1485881000.0,1134450000.0,329310000.0,962071000.0,336382000.0,1535779000.0,3175506960.0,3402079960.0,12.484086975517132,3.4449303088275487,0.21446498950959822,0.3533257373908139,0.027834964240824073,12.484086975517132,0.036291600740570744,3.73682694604648,14.721868150208621,2.1371206442507846,0.22097357440890125,1.693274313132094,0.0037524716998258447,0.347142019124558,2.28771674106465,0.022028618208200162,233.0134253008512,0.3297296852034686,-0.13461538461538464,0.4507309681172675,0.645307534304219,0.6174400278930278,-0.02745816716473859,-0.12749777526090122,-0.11196233341313543,0.2939544528145002,0.3821876774801068,0.17809601281166784,Medical Distribution,Healthcare,PDCO
2010Q4,2010,Q4,2010-06-23,2010-04-24,61805000.0,812762000.0,100248000.0,0.52,288111000.0,0.3544838464396711,2422969000.0,1441511000.0,1133758000.0,348351000.0,981458000.0,288725000.0,1493885000.0,3882561540.0,4066970540.0,12.170503955489139,3.2546425875051312,0.2166763173610558,0.3642011750170481,0.032679910978697185,12.170503955489139,0.04287514975605458,4.776996882236128,15.704884475366072,2.693397095131428,0.0,1.8171304874880942,0.0,0.33544052771620275,2.2774069831864985,0.025507961513333434,38.802333999600236,0.3544838464396711,0.10638297872340435,0.421206497705685,0.49695236628373074,0.6406713915517108,0.04361952990013366,0.10269585541222859,0.06911813324517155,0.19137129306148237,0.27016235756897017,0.20728726555142749,Medical Distribution,Healthcare,PDCO
2010Q3,2010,Q3,2010-03-04,2010-01-23,56049000.0,820084000.0,93767000.0,0.47,276069000.0,0.3366350276313158,2322815000.0,1378352000.0,1077638000.0,331152000.0,944463000.0,302637000.0,1444058000.0,3426355380.0,3683573380.0,11.629895880794479,3.2542095472773833,0.22601886073578825,0.3808896421233473,0.030860771412701153,11.629895880794479,0.04066377819308856,4.178054174938177,15.28285687523417,2.485834808524963,0.0,1.7975825824337408,0.0,0.3530560978812346,2.231899550659516,0.024129773572152756,36.723279029388436,0.3366350276313158,0.14634146341463414,0.29153086169370535,0.4850104857375772,0.6636423755327118,0.035762389461875835,0.13590580224145268,0.10985251994413275,0.09449942137240776,0.3224771893432298,0.20956647394573993,Medical Distribution,Healthcare,PDCO
2010Q2,2010,Q2,2009-12-03,2009-10-24,49343000.0,814951000.0,84486000.0,0.41,266537000.0,0.3270589274692589,2254133000.0,1319103000.0,1012302000.0,313639000.0,935030000.0,294646000.0,1388009000.0,3176138240.0,3530987240.0,11.14709809356409,3.2276024346462013,0.2329055117865716,0.39799773027580104,0.028003459813206684,11.14709809356409,0.03740648000952162,3.8973364533573185,16.092141945159394,2.407801543927957,0.0,1.8612640253049422,0.0,0.3615363423542444,2.146777027091656,0.02189001270111391,909.8075737611,0.3270589274692589,0.07894736842105256,0.3414204096207865,0.6285263180751893,0.6876642876183607,0.03035750181688856,0.09512395410258118,0.10022138299257716,0.19080884521348784,0.36646342626433764,0.2363068629894783,Medical Distribution,Healthcare,PDCO
2010Q1,2010,Q1,2009-09-03,2009-07-25,45057000.0,789579000.0,76790000.0,0.38,258684000.0,0.32762269513246933,2248566000.0,1259759000.0,999809000.0,363455000.0,988807000.0,299481000.0,1338666000.0,2850211470.0,3213834470.0,10.665168177854536,2.750846734808986,0.23970832966432828,0.4278596144183133,0.026556050297162924,10.665168177854536,0.03576636483644888,3.609786316505378,15.814476496437845,2.262505344276167,0.0,1.772716800064111,0.0,0.3511477981967174,1.8145437536971565,0.020038104285131055,73.40608504172246,0.32762269513246933,-0.1739130434782609,0.2759256011507266,0.5790411994598962,0.712805295914005,-0.03874252164542381,-0.16500806137766164,-0.1697301271516305,0.2677961560738919,0.4094324442192587,0.14303360874353346,Medical Distribution,Healthcare,PDCO
2009Q4,2009,Q4,2009-06-24,2009-04-25,53961000.0,779884000.0,92488000.0,0.46,269110000.0,0.34506413774356187,2133620000.0,1186320000.0,937595000.0,334300000.0,947300000.0,269934000.0,1293609000.0,2342548400.0,2731483400.0,10.077814400761154,2.8046515106192045,0.2563718000393697,0.46108975655809564,0.033447540675663086,10.077814400761154,0.04548604086587093,3.00371388565479,10.852969737402939,1.9746344999662822,0.0,1.8922180977572296,0.0,0.3655215080473561,1.8971612324259648,0.025290820296022722,55.78691624395704,0.34506413774356187,0.02222222222222224,0.3808578874607735,0.6759138649440101,0.7086171477232098,3.7159663927999436e-06,0.02185316340636658,0.010334054313866858,0.11084459699421356,0.312204488976621,0.11677328982029533,Medical Distribution,Healthcare,PDCO
2009Q3,2009,Q3,2009-03-05,2009-01-24,52807000.0,811023000.0,91542000.0,0.45,269109000.0,0.331814264207057,2096957000.0,1121239000.0,917070000.0,368249000.0,975718000.0,285297000.0,1239648000.0,2117232000.0,2543394000.0,9.532399850370673,2.4903529948485943,0.2804282586624332,0.5244608865728003,0.03335161916335787,9.532399850370673,0.04709700607988127,2.610569613932034,10.023443861609257,1.888296785966239,0.0,1.8994731805802374,0.0,0.38676186493094517,1.6251449426882354,0.025182681380686394,226.17583591496634,0.331814264207057,0.12499999999999997,0.5239627511661664,0.7989471618551054,0.726260266807214,0.06125998225377107,0.1258768095857408,0.10822982494370596,0.14559588962008208,0.3923831510329954,0.1168173740399016,Medical Distribution,Healthcare,PDCO
2009Q2,2009,Q2,2008-12-04,2008-10-25,46903000.0,759461000.0,82602000.0,0.4,253575000.0,0.33388811275365027,2111088000.0,1062698000.0,971835000.0,442195000.0,1048390000.0,311637000.0,1186841000.0,2539816230.0,2938512230.0,9.050323196021155,2.1977521229321906,0.31042713520232224,0.6166747279095284,0.030032268298176294,9.050323196021155,0.04413577516848625,3.34423522735203,13.53760010020681,2.3899698973744186,0.0,1.6233181554180023,0.0,0.3597486225112359,1.4062393288029036,0.02221745374896736,132.15819700280986,0.33388811275365027,0.025641025641025664,0.5550408978018607,0.8395660077785708,0.7410369568361068,0.007329281372899535,0.020429031415890697,0.03779179335125763,0.22864460014748397,0.3864458660704905,0.11904270915102362,Medical Distribution,Healthcare,PDCO
2009Q1,2009,Q1,2008-09-04,2008-07-26,45964000.0,743859000.0,79594000.0,0.39,251730000.0,0.33841090851895317,2125793000.0,1054746000.0,1032757000.0,465132000.0,1071047000.0,319220000.0,1139938000.0,3745365300.0,4069247300.0,8.946865722283485,2.2203525020854293,0.3081353640735481,0.6210329311511966,0.02904002703775103,8.946865722283485,0.0435782643404194,5.035047367847939,20.37118886519885,3.550964213184975,0.0,1.5416609235010337,0.0,0.349920711941379,1.4621741785127662,0.021622048807198067,177.36256570535588,0.33841090851895317,-0.18749999999999994,0.7996993709435939,0.9759051142534354,0.8201426181213326,-0.07843194681388521,-0.2728250723789334,-0.2140339096860836,0.24843179306724536,0.4540451810543208,0.1591571551676039,Medical Distribution,Healthcare,PDCO
2008Q4,2008,Q4,2008-06-25,2008-04-26,63209000.0,778388000.0,101269000.0,0.48,273154000.0,0.3509226760946983,2076373000.0,1004787000.0,985041000.0,466067000.0,1071586000.0,281238000.0,1093974000.0,4425933780.0,4772803780.0,7.607527370190342,2.113518013504496,0.31547029363221346,0.651913291075621,0.03946002897431676,7.607527370190342,0.0629078600738266,5.6860251956607755,17.505156623265673,4.404847773707263,0.0,1.796464204694956,0.0,0.3748786947239248,1.442311942274394,0.030442025589814545,57.03596412324901,0.3509226760946983,0.0666666666666666,0.9324405926137834,0.7873093279484422,0.6286494858569734,0.014921713024545029,0.047130740176264,0.042784768416500196,0.303441091629935,0.285640774512577,0.025549357887397296,Medical Distribution,Healthcare,PDCO
2008Q3,2008,Q3,2008-03-06,2008-01-26,60364000.0,776946000.0,97114000.0,0.45,269138000.0,0.3464050268615837,1929670000.0,1306484000.0,863524000.0,492714000.0,623186000.0,288777000.0,1398028000.0,4219894000.0,4238775000.0,9.746243938828796,1.7525866932946903,0.09851891774241192,0.1455119236056469,0.040168005209598685,9.746243938828796,0.04620339782194041,5.4313864798840585,17.476865350208733,3.2299622498247205,0.0,1.7584779951311913,0.0,0.4026315380350008,1.0920452838766506,0.031282032679162755,80.94943410704009,0.3464050268615837,0.15384615384615383,1.0284126636351736,0.8664234786588834,1.227565515869946,0.06674223837589527,0.12323924005880055,0.13433707497693106,0.22979415900618805,0.24388294256292992,0.3941882700506841,Medical Distribution,Healthcare,PDCO
2008Q2,2008,Q2,2007-12-06,2007-10-27,53741000.0,741992000.0,85613000.0,0.39,252299000.0,0.3400292725528038,2074926000.0,1511567000.0,1011572000.0,365758000.0,563359000.0,280444000.0,1409876000.0,5169902280.0,5004837280.0,11.122068767613147,2.7656866015234116,0.0867871914468275,0.11913266166832168,0.031490794905781244,11.122068767613147,0.03555317098084306,6.967598410764537,24.050084107106308,3.420227009454427,0.0,1.7461347006889076,0.0,0.3575992589615244,1.8960296152100569,0.025900200778244623,100.33579707332221,0.3400292725528038,0.1142857142857144,0.9495469683901531,0.849777495787404,1.639756977529765,0.06395118371890998,0.1303424196533737,0.13836477987421383,0.2720968048753337,0.29103366306443923,0.6838748619583359,Medical Distribution,Healthcare,PDCO
2008Q1,2008,Q1,2007-09-06,2007-07-28,47544000.0,701403000.0,75207000.0,0.35,237134000.0,0.3380852377306627,1996800000.0,1438891000.0,943341000.0,359812000.0,557909000.0,280878000.0,1356134000.0,4804073300.0,4689926300.0,10.596833229001732,2.621760808422176,0.09018679887820513,0.1251554148298933,0.02913235661732067,10.596833229001732,0.03304211368338533,6.849234035212282,25.261196470637728,3.338733302244576,0.0,1.6529204850504489,0.0,0.3512635216346154,1.7450057252120552,0.023810096153846154,99.80830822928137,0.3380852377306627,-0.186046511627907,0.6863619217388303,0.8253028943319906,1.6724438540723439,-0.08991683393267655,-0.20659502035912156,-0.22021649420401054,0.17118839846111314,0.22020684358167703,0.7018308358455617,Medical Distribution,Healthcare,PDCO
2007Q4,2007,Q4,2007-06-27,2007-04-28,59924000.0,739143000.0,96446000.0,0.43,260563000.0,0.3525204189175843,1940320000.0,1379214000.0,886490000.0,377469000.0,561106000.0,250207000.0,1308590000.0,4963648200.0,4901881200.0,10.080868325841465,2.348510738630192,0.09278057227673786,0.1305265172772318,0.03884971287237621,10.080868325841465,0.04344793483824845,6.715409873326271,20.70809775715907,3.5988963279085047,0.0,1.9127362543813722,0.0,0.38093871114043043,1.5979908283859072,0.030883565597427227,40.74709561962304,0.3525204189175843,0.0,1.1515887251808663,0.8294367696001271,1.6536853007989238,0.04114422254720977,0.022750934443856567,0.040567075933797984,0.3193850916421401,0.366633093968881,0.7091349176039179,Medical Distribution,Healthcare,PDCO
2007Q3,2007,Q3,2007-03-08,2007-01-27,58591000.0,709494000.0,92686000.0,0.43,250266000.0,0.3527387123781174,1849845000.0,1303794000.0,768850000.0,351823000.0,546051000.0,242951000.0,1248666000.0,4950792510.0,5013356510.0,9.614929093443264,2.185331828788908,0.11624109046974206,0.16492482708157885,0.03929781209213429,9.614929093443264,0.044938847701400685,6.977920193828278,21.1243728132307,3.797219890565534,0.0,1.8902083136105634,0.0,0.38354240490419467,1.415237207345739,0.03167346453351497,168.2055009683009,0.3527387123781174,0.22857142857142862,1.3555459475531115,0.9818639554729849,1.7089983726500717,0.06211883936187821,0.2146485063333126,0.1879622153010087,0.4667186651314629,0.3651080131268037,0.7412058162388555,Medical Distribution,Healthcare,PDCO
2007Q2,2007,Q2,2006-12-07,2006-10-28,48237000.0,694273000.0,78021000.0,0.35,235629000.0,0.33938954849173164,1862240000.0,1242079000.0,778467000.0,372060000.0,620161000.0,235733000.0,1190075000.0,,,,,,,,,,,,,,,,,,,,,,,,,,,,,,,Medical Distribution,Healthcare,PDCO
2007Q1,2007,Q1,2006-09-07,2006-07-29,41584000.0,655488000.0,68537000.0,0.3,222414000.0,0.33931055946104277,1950257000.0,1289561000.0,880905000.0,407484000.0,660696000.0,261959000.0,1141838000.0,,,,,,,,,,,,,,,,,,,,,,,,,,,,,,,Medical Distribution,Healthcare,PDCO
