Quarters,Year,Quarter,FillingDate,Date,NetIncome,Revenue,OperatingIncome,EPSDiluted,GrossProfit,GrossProfitRatio,TotalAssets,CommonStockEquity,CurrentAssets,CurrentLiability,TotalLiability,Inventory,RetainedEarnings,MarketCap,EnterpriseValue,bookValuePerShare,currentRatio,debtToAssets,debtToEquity,roic,shareholdersEquityPerShare,roe,priceToSalesRatio,peRatio,pbRatio,payoutRatio,inventoryTurnover,dividendYield,assetTurnover,quickRatio,returnOnAssets,priceToFreeCashFlowsRatio,grossProfitMargin,epsdilutedGrowth,fiveYNetIncomeGrowthPerShare,fiveYRevenueGrowthPerShare,fiveYShareholdersEquityGrowthPerShare,grossProfitGrowth,netIncomeGrowth,operatingIncomeGrowth,threeYNetIncomeGrowthPerShare,threeYRevenueGrowthPerShare,threeYShareholdersEquityGrowthPerShare,Industry,Sector,Symbol
2022Q4,2022,Q4,2022-12-31,2022-12-31,2966562704.0,8937163027.0,4044873189.0,1.31,7334808152.0,0.8207087786,153546000000.0,75368000000.0,15409000000.0,17853000000.0,77836000000.0,5671000000.0,44081000000.0,74715965121.86066,114408965121.86066,33.332424145263104,0.8631042401837227,0.2809516366430907,0.5723781976435622,0.02663130887262788,33.332424145263104,0.03936103789406645,8.360143470152305,6.296509848006625,0.9913486509110053,0.49694376525809647,0.2825524378416505,0.019730921464985122,0.05820511786044573,0.5451021116899121,0.019320351581936356,18.315762533414887,0.8207087785957202,0.08264462809917363,-0.8764488133635636,0.07943989312107312,0.2933435300766594,0.0825294359469685,0.08252943598331214,0.08252943588904779,0.5695955328240377,-0.0030133761775107595,0.24969305362431682,Tobacco,Consumer Defensive,BTI
2022Q3,2022,Q3,2022-09-30,2022-09-30,2740399111.0,8255815251.0,3736501803.0,1.21,6775620051.0,0.8207087786,0.0,57857709184.0,17207338998.0,19936571038.0,86920010270.0,6332845704.0,57172051053.0,71977318418.26898,68129145910.26898,25.58828286002511,0.8631042402026927,0.0,0.740209608002305,0.029082018219148572,25.58828286002511,0.047364459285536856,8.718378043834084,6.566317122326364,1.2440402399854025,0.4969437650645917,0.23373302764428128,0.018920185996458953,0.0,0.22545230493412394,0.0,19.10059827512268,0.8207087786005496,1.3269230769230769,-0.884994398945753,0.004778967198895733,0.000460447838794626,0.03886517873838157,1.3232871762782408,0.23548947345059126,0.562065064547888,-0.007796631585646664,0.03354330768150577,Tobacco,Consumer Defensive,BTI
2022Q2,2022,Q2,2022-06-30,2022-06-30,1179535246.0,7832527906.0,3024308894.0,0.52,6522136067.0,0.8326987334,151871000000.0,73755000000.0,14709000000.0,16726000000.0,77802000000.0,5952000000.0,42558000000.0,80594656165.13812,121901656165.13812,32.458627475589545,0.879409302881741,0.29548103324532005,0.608433326554132,0.01614068862024974,32.458627475589545,0.015992614005830113,10.289737506507917,17.08186687054244,1.0927348134382502,1.2776057791493922,0.22015991918682795,0.01869827503094252,0.051573558520059785,0.24745904579696282,0.007766691771305911,42.41468033441191,0.8326987334451509,-0.07142857142857148,-0.34346465244223223,0.3288099598712857,4.094374261385889,-0.07334055576698162,-0.07334055521081677,-0.07334055594474324,-0.334260657125569,0.022183264028652585,0.5042760182279469,Tobacco,Consumer Defensive,BTI
2022Q1,2022,Q1,2022-03-31,2022-03-31,1272889682.0,8452434122.0,3263668129.0,0.56,7038331188.0,0.8326987335,0.0,56711241890.0,19321913670.0,21971468355.0,102201613118.0,7818616504.0,55904684341.0,73017686837.88322,68330720492.883224,24.957888595694666,0.8794093029109251,0.0,0.9201334198114489,0.01897561538577163,24.957888595694666,0.022445103291318526,8.638657904216343,14.3409299074441,1.2875346122645672,1.277605779979918,0.18086357519601398,0.022272017718264175,0.0,0.24745904575661667,0.0,35.608868855676555,0.8326987334548551,-0.4615384615384615,-0.2634570621872541,0.49074318055515187,3.0721957929391643,-0.05687509938876786,-0.4680623151398393,-0.18134848318934066,-0.2994891875996562,0.0755717485936015,0.12781015019529865,Tobacco,Consumer Defensive,BTI
2021Q4,2021,Q4,2021-12-31,2021-12-31,2392930071.0,9134244796.0,3986639079.0,1.04,7462777394.0,0.8170108817,0.0,67545674604.0,17319161020.0,20479532638.0,94613709819.0,7138896777.0,66715350183.0,63691479813.2127,,29.391548874080144,0.8456814579774201,0.0,,0.0,29.391548874080144,0.03542684391012497,6.97282383335117,6.654130911000272,0.9429394285661771,0.6953941789467362,0.23413525285659134,0.026126408852174283,0.0,0.21559693607496278,0.0,13.332749776170218,0.8170108816514359,0.0,0.5966587346126792,0.614969666286118,4.010784214092223,0.0035566013564674918,0.0035566011674891666,0.0035566013488765548,0.1205172341413242,0.11188983894591423,0.19001494820985237,Tobacco,Consumer Defensive,BTI
2021Q3,2021,Q3,2021-09-30,2021-09-30,2384449535.0,9101873062.0,3972510443.0,1.04,7436329335.0,0.8170108816,0.0,67306292950.0,17257781969.0,20406953240.0,94278399135.0,7113596550.0,66478911196.0,59836249359.991974,,29.28738531920638,0.8456814579832889,0.0,,0.0,29.28738531920638,0.035426843917423026,6.5740588725419835,6.27359150211497,0.8890141877883941,0.6953941791013832,0.2341352528630542,0.027711167473485884,0.0,0.2155969360666796,0.0,12.570270533012382,0.8170108816443962,0.06122448979591842,0.5124089131176719,0.5297536439989969,3.7463835210429086,0.06983991379380428,0.060793909500974644,0.13466889569493065,0.09216353465489338,0.08375444806554266,0.15990267042510423,Tobacco,Consumer Defensive,BTI
2021Q2,2021,Q2,2021-06-30,2021-06-30,2247797158.0,8420593971.0,3501030528.0,0.98,6950880444.0,0.8254620123,0.0,60359924196.0,19851161246.0,25476878812.0,102113620957.0,8863928734.0,59510602685.0,65572258636.987816,,26.298354677840678,0.7791834075314515,0.0,,0.0,26.298354677840678,0.03723989365362655,7.787129846518497,7.292946608150732,1.0863542244364388,0.7516923077273505,0.1658083644515908,0.02576778454977462,0.0,0.181887284160466,0.0,44.61567337918601,0.8254620122925292,0.0,0.027420665277589823,0.5415125908378927,3.8487223101935104,0.003458149496775532,0.003458149363838871,0.0034581494596263762,0.264092925020895,0.09474552085002466,0.1944815460554937,Tobacco,Consumer Defensive,BTI
2021Q1,2021,Q1,2021-03-31,2021-03-31,2240050728.0,8391574652.0,3488965165.0,0.98,6926926098.0,0.8254620122,0.0,60151909900.0,19782749541.0,25389079580.0,101761713740.0,8833381580.0,59305515348.0,64268456183.52401,,26.207724449139498,0.7791834075223297,0.0,,0.0,26.207724449139498,0.03723989365797344,7.658688488007031,7.1726563354332225,1.068435836706891,0.7516923076574183,0.16580836452442713,0.02619992763155356,0.0,0.18188728415494612,0.0,43.87977993211045,0.8254620122278333,0.1136363636363636,-0.054926130191689744,0.4179618133760849,3.460101798768821,-0.08378136756958404,0.113175056133513,-0.13073056990274215,0.1850006557585332,0.026249047396517525,0.11974474927462055,Tobacco,Consumer Defensive,BTI
2020Q4,2020,Q4,2020-12-31,2020-12-31,2012307692.0,9234188034.0,4013675213.0,0.88,7560341880.0,0.8187338023,0.0,65374358972.0,18614700854.0,21166495726.0,102201709400.0,8202393162.0,64534700853.0,63134705561.9812,,28.47985190404983,0.8794417883322327,0.0,,0.0,28.47985190404983,0.030781299023702493,6.837060857925042,7.843570072928638,0.9657411033127216,0.8151546041001766,0.2040680225808469,0.025981619228264686,0.0,0.21843907479312147,0.0,15.65787805452418,0.8187338022750945,0.06024096385542174,0.3475287446505587,0.5168572705372803,3.9257188961283656,0.059829059944081525,0.05982905990108355,0.05982905970493164,-0.9174459944385265,0.09862093984460517,0.10505710707148849,Tobacco,Consumer Defensive,BTI
2020Q3,2020,Q3,2020-09-30,2020-09-30,1898709677.0,8712903225.0,3787096774.0,0.83,7133548386.0,0.8187338022,0.0,61683870965.0,17563870967.0,19971612902.0,96432258061.0,7739354838.0,60891612901.0,64510993097.33362,,26.872118328596365,0.8794417883615757,0.0,,0.0,26.872118328596365,0.03078129902186822,7.404075476499237,8.494057027094092,1.045832437039137,0.8151546040706253,0.20406802260124,0.02399190991626467,0.0,0.21843907482119893,0.0,16.956425187043816,0.8187338022453474,-0.10752688172043019,0.23911428701676618,0.3948196081546499,3.5294237208320327,0.12093657042504695,-0.11347778683236363,0.18052392874898882,-0.9215100391467936,0.04453701510687299,0.05065633690506336,Tobacco,Consumer Defensive,BTI
2020Q2,2020,Q2,2020-06-30,2020-06-30,2141750820.0,7602379034.0,3207979679.0,0.93,6363917972.0,0.8370955912,0.0,52085992193.0,20529087417.0,22965119881.0,103155938294.0,8420791772.0,51325196704.0,71313400470.16019,,22.70569577703782,0.8939246789643179,0.0,,0.0,22.70569577703782,0.041119516588335944,9.380405811289648,8.32419436988475,1.3691473939080345,0.6786230837068151,0.1470718068481411,0.02038104390503951,0.0,0.2679939570048526,0.0,34.07547652593856,0.8370955912009582,-0.010638297872340318,-0.16438244050394674,0.22622333064290087,2.3406362504781226,-0.0033826900683827524,-0.003382690258359543,-0.003382690008145323,0.18084072116444358,0.2775727243263595,2.5636538310312162,Tobacco,Consumer Defensive,BTI
2020Q1,2020,Q1,2020-03-31,2020-03-31,2149020290.0,7628182812.0,3218868112.0,0.94,6385518201.0,0.8370955912,0.0,52262780981.0,20598766659.0,23043067435.0,103506067234.0,8449373383.0,51499403221.0,63319331164.4424,,22.78276279161915,0.8939246789562676,0.0,,0.0,22.78276279161915,0.04111951659788772,8.300709713568201,7.366069489790903,1.2115568665866054,0.6786230836378003,0.14707180694608912,0.023032062234083814,0.0,0.26799395702935846,0.0,30.153347810323016,0.83709559122716,0.11904761904761903,-0.11248367740378146,0.3023819425113071,2.548117395051407,-0.14751722792082,0.12268091862487866,-0.16584574335694985,0.2317512407469301,0.33265372687447964,2.717296454619427,Tobacco,Consumer Defensive,BTI
2019Q4,2019,Q4,2019-12-31,2019-12-31,1914186172.0,9078806183.0,3858840360.0,0.84,7490495304.0,0.8250528927,0.0,61080422314.0,17584018864.0,24934758707.0,101796288203.0,8072699333.0,60267058778.0,73614944192.17203,,26.672488935257785,0.7052010837812356,0.0,,0.0,26.672488935257785,0.031338784171458765,8.108438786810483,9.614391910905,1.2052134121426834,0.8031141868472342,0.19675090245306426,0.020883124858273986,0.0,0.14073208304257123,0.0,17.86280463943796,0.825052892749919,0.07692307692307684,0.46069699894246396,0.32126513021129666,3.453919887202363,0.07733577086952391,0.0773357708605504,0.07733577069766077,0.2817485987090398,0.6108572300168771,3.5472284254200255,Tobacco,Consumer Defensive,BTI
2019Q3,2019,Q3,2019-09-30,2019-09-30,1776777699.0,8427090634.0,3581836290.0,0.78,6952795504.0,0.8250528926,0.0,56695808280.0,16321762760.0,23144835049.0,94488915122.0,7493206438.0,55940831459.0,68801190276.90709,,24.75782356660601,0.7052010837599467,0.0,,0.0,24.75782356660601,0.03133878416945994,8.164287446882476,9.680613156562796,1.2135145853662233,0.8031141868806178,0.1967509024605896,0.0207402716618255,0.0,0.14073208308048546,0.0,17.98583864501021,0.8250528926256235,0.0,0.3025929259048609,0.17825299402174327,2.9718329968414694,0.08340334821091049,-0.0055980105930359654,0.2297872189896565,0.13096918030259963,0.4213628813655222,3.0123119395149476,Tobacco,Consumer Defensive,BTI
2019Q2,2019,Q2,2019-06-30,2019-06-30,1786780113.0,7727474760.0,2912565877.0,0.78,6417550320.0,0.8304847986,0.0,49445679090.0,18307194107.0,25135564162.0,104865070797.0,8519906025.0,48665947044.0,64657365518.83572,,21.57757424985486,0.7283383014206164,0.0,,0.0,21.57757424985486,0.036136223546404125,8.367205009005518,9.046631570444914,1.3076444030862178,0.8091684429890451,0.15374869571991553,0.022361042247828884,0.0,0.17556711966193106,0.0,48.26013506058452,0.8304847986329754,-0.025000000000000022,-0.020686700288524637,0.08842844270799302,2.3851527408112045,-0.024941266101697588,-0.024941266095737595,-0.024941265866007766,-0.18199365884276142,0.41689062248829634,2.9783350307190686,Tobacco,Consumer Defensive,BTI
2019Q1,2019,Q1,2019-03-31,2019-03-31,1832484599.0,7925137729.0,2987067112.0,0.8,6581706411.0,0.8304847986,0.0,50710462221.0,18775478307.0,25778512912.0,107547440118.0,8737838787.0,49910785218.0,71659711888.42302,,22.12951230432959,0.7283383014021705,0.0,,0.0,22.12951230432959,0.03613622354720205,9.042077795847353,9.776304795075527,1.4131149421617302,0.8091684431122469,0.1537486957299708,0.0206920830537075,0.0,0.1755671196569758,0.0,52.15264779269433,0.8304847986320718,-0.13978494623655913,0.030647085322619158,0.14548184159067742,2.562596164861003,-0.015749125904252467,-0.1397630794003952,-0.13505165938038433,-0.2256405249835497,0.3412887205040092,2.766060568362618,Tobacco,Consumer Defensive,BTI
2018Q4,2018,Q4,2018-12-31,2018-12-31,2130209196.0,8194485167.0,3453463024.0,0.93,6687021149.0,0.8160392035,0.0,56618181355.0,16132733322.0,20816388970.0,102818607144.0,7685835575.0,55835447396.0,57350812548.000015,,24.698470316103215,0.7750015310172214,0.0,,0.0,24.698470316103215,0.03762411905538678,6.998708445889608,6.73065498164341,1.012939857400335,0.36774386594094866,0.19613534576557734,0.0136592897327192,0.0,0.1702492497669734,0.0,15.291535652691861,0.8160392035279158,-0.02105263157894727,0.13962830551488678,0.06290678417574579,2.9045815917597637,-0.030524075909395966,-0.02183751274717304,-0.021837512371887562,0.4283997447446868,0.3478809495093309,3.2717118878063913,Tobacco,Consumer Defensive,BTI
2018Q3,2018,Q3,2018-09-30,2018-09-30,2177766193.0,8377427342.0,3530561709.0,0.95,6897562882.0,0.8233509645,0.0,57882184280.0,16492897171.0,21281115599.0,105114036227.0,7857422129.0,57081975757.0,80581901167.54645,,25.249864549818266,0.775001531018186,0.0,,0.0,25.249864549818266,0.03762411906339344,9.618931669338547,9.250522556847594,1.3921710483097625,0.36774386551421684,0.18833969140313195,0.009938461942401259,0.0,0.17024924977007547,0.0,21.01648293062123,0.823350964492316,0.23376623376623368,0.19209115265425347,0.11183775194854309,3.084329203240432,0.11704103220453492,0.22678670045478289,0.1595148202385115,0.4231409330537938,0.34291857666875486,3.2559851084771747,Tobacco,Consumer Defensive,BTI
2018Q2,2018,Q2,2018-06-30,2018-06-30,1775179167.0,7678804756.0,3044861219.0,0.77,6174851848.0,0.804142317,0.0,50446764420.0,17074715905.0,21183364789.0,105431124366.0,8366439214.0,49636385232.0,88409495254.41188,,22.01654329837499,0.8060436137070386,0.0,,0.0,22.01654329837499,0.03518915806414369,11.513444873739134,12.450784813431156,1.752530539289875,0.7858736058499497,0.17976021453468005,0.015779599792821827,0.0,0.14411214948180628,0.0,36.6740883002257,0.8041423169634762,-0.06097560975609748,-0.03912805615135275,0.11978980068362056,3.6235104682579324,-0.05932661978880012,-0.05932661992884889,-0.059326619721834103,-0.306601732328642,0.23998269905878233,2.239242847918043,Tobacco,Consumer Defensive,BTI
2018Q1,2018,Q1,2018-03-31,2018-03-31,1887136603.0,8163093501.0,3236895274.0,0.82,6564288921.0,0.8041423169,0.0,53628353350.0,18151588281.0,22519362442.0,112080480414.0,8894095858.0,52766864968.0,93061109510.51595,,23.405088048965684,0.8060436137013439,0.0,,0.0,23.405088048965684,0.03518915806875133,11.40022584564488,12.328348324463603,1.7352967916647015,0.7858736058864945,0.17976021447552967,0.01593631168595099,0.0,0.14411214946064768,0.0,36.31344866612832,0.8041423169042297,-0.9227871939736346,0.022403955782404134,0.19149854385925516,3.9195893607010204,0.07417087092029055,-0.9206324691527578,0.09155506452490726,-0.21973681612883586,0.39532054417659745,2.645036416294228,Tobacco,Consumer Defensive,BTI
2017Q4,2017,Q4,2017-12-31,2017-12-31,23777186752.0,8198890253.0,2965398063.0,10.62,6111028607.0,0.7453482628,0.0,57706794830.0,18854882477.0,21067624306.0,108103036273.0,7916728544.0,56877860430.0,110608964534.31633,,25.77228970503097,0.8949695610259284,0.0,,0.0,25.77228970503097,0.41203443757439406,13.490723881057459,1.1629736277044271,1.9167407384201853,0.036509198251848764,0.26372783080738155,0.00784824293993528,0.0,0.21505927579644774,0.0,53.75929537128466,0.7453482628047077,0.007590132827324485,12.401647088750371,0.12812185791028816,4.501501227176255,0.007654817712815454,0.007654817679107851,0.0076548175538176675,17.5567095449768,0.22033998348437167,3.3035996353622163,Tobacco,Consumer Defensive,BTI
2017Q3,2017,Q3,2017-09-30,2017-09-30,23596559392.0,8136606018.0,2942870923.0,10.54,6064605160.0,0.7453482627,0.0,57268415550.0,18711648221.0,20907580588.0,107281813551.0,7856587796.0,56445778288.0,104117466210.71161,,25.57650621301541,0.8949695610280051,0.0,,0.0,25.57650621301541,0.4120344375757747,12.796178895768136,1.1031000799846566,1.8180608841850805,0.036509198255914956,0.26372783080905826,0.008274226182728309,0.0,0.215059275848527,0.0,50.99159739976371,0.7453482627257275,12.341772151898734,12.407924078816597,0.1286502418079139,4.504077991417352,0.6998386375044153,15.024161537543865,0.627717173412467,16.692485272290657,0.163506231397113,3.10317211638089,Tobacco,Consumer Defensive,BTI
2017Q2,2017,Q2,2017-06-30,2017-06-30,1472561253.0,4831251384.0,1807974365.0,0.79,3567753448.0,0.7384739821,0.0,11866459990.0,14945747743.0,17188782223.0,40740644255.0,6743431764.0,11206054369.0,98109125291.09193,,6.371465033815438,0.869505910837672,0.0,,0.0,6.371465033815438,0.12409440172055895,20.307186998384502,16.656204468781432,8.26776691395493,0.9637328614404334,0.18736720103630605,0.014465073109043974,0.0,0.15497120333723596,0.0,99.8930458715379,0.7384739820857974,0.03947368421052635,0.0361506389031637,-0.1296084019301976,0.7445490196864714,0.039585259989178403,0.03958526019388298,0.039585260342813365,-0.006957667940731105,-0.16272953106353275,-0.00042599448600376687,Tobacco,Consumer Defensive,BTI
2017Q1,2017,Q1,2017-03-31,2017-03-31,1416489161.0,4647287307.0,1739130434.0,0.76,3431900764.0,0.7384739822,0.0,11414609697.0,14376644531.0,16534268889.0,39189324647.0,6486655807.0,10779350958.0,98983975472.96802,,6.128852801962394,0.8695059108760814,0.0,,0.0,6.128852801962394,0.12409440170103085,21.299301922623314,17.469949329348946,8.67169163909153,0.9637328619135124,0.18736720109126642,0.01379129446435303,0.0,0.15497120333543646,0.0,104.77335658118332,0.7384739821940172,0.1692307692307692,-0.022376370995075858,-0.17877250597967828,0.6460080991371766,0.041091152423273776,0.1628251137772948,-0.003692506117797276,-0.0197727926339225,-0.17353443342059102,-0.01332540966133531,Tobacco,Consumer Defensive,BTI
2016Q4,2016,Q4,2016-12-31,2016-12-31,1218144624.0,4597155813.0,1745575984.0,0.65,3296445999.0,0.717062056,0.0,10956523881.0,15230196677.0,14610341597.0,38654064177.0,7138808103.0,10331739537.0,85635137875.40231,,5.865658471466398,1.0424257760083637,0.0,,0.0,5.865658471466398,0.1111798447418544,18.62785194994702,17.57491191690436,7.815903913092773,0.48558421828244264,0.18220265837561764,0.006907349245594018,0.0,0.1871626179884451,0.0,44.978124072471694,0.7170620559951858,-0.05797101449275352,-0.1769722228637788,-0.2417575475247449,0.25211720216965516,-0.04939739742913737,-0.04939739750211842,-0.08118144877000943,-0.20022160705839515,-0.26819972056223856,-0.07269795262158935,Tobacco,Consumer Defensive,BTI
2016Q3,2016,Q3,2016-09-30,2016-09-30,1281444655.0,4836043790.0,1899804898.0,0.69,3467743503.0,0.717062056,0.0,11525871958.0,16021623162.0,15369557748.0,40662695504.0,7509771258.0,10868621134.0,91965825845.1661,,6.170463298922618,1.0424257759846636,0.0,,0.0,6.170463298922618,0.11117984475877864,19.01674795322027,17.941825557258674,7.979077520580426,0.4855842182275129,0.18220265837556354,0.006766092679335261,0.0,0.18716261802486317,0.0,45.917138022838046,0.7170620560075615,-0.2736842105263158,-0.12716803152356734,-0.19587373493003138,0.327887044367518,0.0336514066074521,-0.2782506458108025,0.20389532070358216,-0.139149157597964,-0.21231819650941317,-0.0018875784625017192,Tobacco,Consumer Defensive,BTI
2016Q2,2016,Q2,2016-06-30,2016-06-30,1775470456.0,4433026010.0,1578048245.0,0.95,3354848144.0,0.7567851252,0.0,10102433543.0,14210410864.0,15670138727.0,39865992196.0,6281615804.0,9428406197.0,90809812391.6009,,5.423770015155007,0.9068465258393115,0.0,,0.0,5.423770015155007,0.1757468087706677,20.484836359351952,12.786725355626094,8.98890470351307,0.730063646297024,0.1716402116336754,0.014273858747888873,0.0,0.1648426231574612,0.0,146.26699552245682,0.7567851252016453,-0.07766990291262142,0.2491658965943056,-0.20143095297855335,0.48506389232703306,-0.0769680733112677,-0.07696807359369137,-0.07696807360125614,0.18221432283725675,-0.20475195864238582,0.13900066430244515,Tobacco,Consumer Defensive,BTI
2016Q1,2016,Q1,2016-03-31,2016-03-31,1923520092.0,4802678957.0,1709635604.0,1.03,3634595995.0,0.756785125,0.0,10944836525.0,15395362235.0,16976811176.0,43190263574.0,6805415526.0,10214604637.0,76481365933.58508,,5.876037281564728,0.9068465258519407,0.0,,0.0,5.876037281564728,0.17574680879027565,15.924730055527025,9.940286853731637,6.9878947720130595,0.7300636462496592,0.17164021161343557,0.01836123184854543,0.0,0.164842623151527,0.0,113.70666475784975,0.7567851250399538,0.5846153846153846,0.3274320519710756,-0.1513968230443025,0.5781101731127671,-0.039321947206585946,0.5858224622800836,-0.05517204306108532,0.2819626028788695,-0.13765361374680202,0.23510283033290563,Tobacco,Consumer Defensive,BTI
2015Q4,2015,Q4,2015-12-31,2015-12-31,1212947942.0,4944698421.0,1809467630.0,0.65,3783365285.0,0.7651356995,0.0,10780120925.0,14472791623.0,13281226957.0,39054711693.0,6263088040.0,10032443592.0,69862014747.25551,,5.781867074557402,1.0897179658067642,0.0,,0.0,5.781867074557402,0.11251709980238464,14.128670507093704,14.399219522987474,6.480633680577708,0.5519756840479474,0.18542500577718207,0.009583430601338355,0.0,0.2218520985703836,0.0,31.207794611400313,0.7651356994659473,-0.02985074626865674,-0.17897139286293745,-0.18293018079568726,0.23423060853759353,-0.025438725899128285,-0.025438726162733738,-0.02543872544291632,-0.17897139286293745,-0.18293018079568726,0.23423060853759353,Tobacco,Consumer Defensive,BTI
2015Q3,2015,Q3,2015-09-30,2015-09-30,1244609215.0,5073768631.0,1856699704.0,0.67,3882121510.0,0.7651356994,0.0,11061511688.0,14850571234.0,13627903457.0,40074146931.0,6426571839.0,10294317923.0,67761315584.23656,,5.932789684701897,1.089717965852772,0.0,,0.0,5.932789684701897,0.112517099841806,13.355223801539672,13.610962133250105,6.125863941159772,0.551975683387496,0.18542500587458227,0.010138439846935568,0.0,0.22185209856671206,0.0,29.499384333435987,0.765135699385422,-0.4017857142857143,-0.15069380839538457,-0.1547889434696153,0.27673955384329674,-0.0005501747586945056,-0.4015523630229844,-0.04784246624887801,-0.15069380839538457,-0.1547889434696153,0.27673955384329674,Tobacco,Consumer Defensive,BTI
2015Q2,2015,Q2,2015-06-30,2015-06-30,2079729517.0,5030665198.0,1949992137.0,1.12,3884258531.0,0.7721162864,0.0,12651360276.0,12849504638.0,10355401792.0,35268123918.0,5922314829.0,11854065104.0,64516982833.80431,,6.796817754039551,1.2408504175981663,0.0,,0.0,6.796817754039551,0.16438781851350068,12.824741916725804,7.755453570576543,5.09960837619927,0.7039697542553078,0.19357408380019778,0.0226927331795945,0.0,0.22277904318326233,0.0,68.32031542305148,0.7721162864394618,0.05660377358490571,0.4642211066211919,-0.09315983688403416,0.8610133912477459,0.05851548989373379,0.05851549023437557,0.05851549010374326,0.4642211066211919,-0.09315983688403416,0.8610133912477459,Tobacco,Consumer Defensive,BTI
2015Q1,2015,Q1,2015-03-31,2015-03-31,1964760588.0,4752566445.0,1842195183.0,1.06,3669533954.0,0.7721162863,0.0,11951984073.0,12139174875.0,9782947809.0,33318476921.0,5594925049.0,11198763946.0,65089956993.88966,,6.4210848331553185,1.2408504176862056,0.0,,0.0,6.4210848331553185,0.16438781845756228,13.695748969984082,8.282174096863763,5.445954127476661,0.7039697541001367,0.1935740839269284,0.0212495458881597,0.0,0.2227790431422918,0.0,72.96036801835838,0.7721162863194856,0.8596491228070178,0.3568078550800757,-0.15968438689522937,0.7244920023591379,-0.15998699176980039,0.8431120346209875,-0.01455228071523653,0.3568078550800757,-0.15968438689522937,0.7244920023591379,Tobacco,Consumer Defensive,BTI
2014Q4,2014,Q4,2014-12-31,2014-12-31,1066001714.0,5589495831.0,1869399205.0,0.57,4368425153.0,0.7815418931,0.0,11155614431.0,14232057975.0,13666328995.0,31719784929.0,6441206265.0,10365464038.0,64598358093.0386,,5.988542589617963,1.0413958262095826,0.0,,0.0,5.988542589617963,0.0955574182483145,11.557099252989602,15.149684387148788,5.790658909250948,0.6440058472551387,0.18957173963439283,0.01062738059086956,0.0,0.21302314960111934,0.0,37.88805893340503,0.7815418930580825,-0.050000000000000044,-0.27780046046050655,-0.0755675687284932,0.2783487529766964,-0.03927374734522938,-0.0392737474211177,-0.039273747360610484,-0.27780046046050655,-0.0755675687284932,0.2783487529766964,Tobacco,Consumer Defensive,BTI
2014Q3,2014,Q3,2014-09-30,2014-09-30,1109579041.0,5817990104.0,1945818801.0,0.6,4547003000.0,0.7815418931,0.0,11611647334.0,14813853515.0,14224997972.0,33016465244.0,6704517803.0,10789196203.0,64863906771.496284,,6.233349586020922,1.0413958261476792,0.0,,0.0,6.233349586020922,0.09555741826149403,11.148851340757847,14.614530460362285,5.586107199584735,0.6440058477997153,0.1895717395859975,0.011016533332124424,0.0,0.21302314966685043,0.0,36.54968495322351,0.7815418931142273,-0.25000000000000006,-0.24216841939014572,-0.029957716296323378,0.34142020741554946,-0.0034094453789937406,-0.25733785146213023,-0.1371839499162941,-0.24216841939014572,-0.029957716296323378,0.34142020741554946,Tobacco,Consumer Defensive,BTI
2014Q2,2014,Q2,2014-06-30,2014-06-30,1494056272.0,5813734712.0,2255195416.0,0.8,4562558795.0,0.784789644,0.0,11961002308.0,14759257675.0,15699991447.0,34083639784.0,6893012913.0,11093816813.0,65134811306.16786,,6.374180399518426,0.9400806188222632,0.0,,0.0,6.374180399518426,0.12491062483958514,11.203609131274007,10.898988968296347,5.445598088598568,1.048082427246087,0.1815136476300984,0.024040817691778887,0.0,0.17670770231725974,0.0,76.23837330411907,0.7847896440101617,0.025641025641025664,0.04341034158584281,0.03955845854136819,0.7452925046699245,0.02616950300198224,0.0261695030720675,0.026169503216009565,0.04341034158584281,0.03955845854136819,0.7452925046699245,Tobacco,Consumer Defensive,BTI
2014Q1,2014,Q1,2014-03-31,2014-03-31,1455954662.0,5665472122.0,2197683140.0,0.78,4446203850.0,0.7847896441,0.0,11655971330.0,14382865238.0,15299608300.0,33214434535.0,6717226435.0,10810900908.0,62867795178.55856,,6.2116252531229526,0.9400806187959727,0.0,,0.0,6.2116252531229526,0.12491062484451049,11.096655993492957,10.794943829535017,5.393612715634448,1.0480824271710736,0.18151364760416924,0.024272530819093172,0.0,0.17670770231418279,0.0,75.51057808366501,0.7847896440500745,-0.04878048780487796,-0.0026560968126454216,-0.006337919897578668,0.6682380546277201,-0.11449985005441543,-0.0569881631327207,-0.07744685137652273,-0.0026560968126454216,-0.006337919897578668,0.6682380546277201,Tobacco,Consumer Defensive,BTI
2013Q4,2013,Q4,2013-12-31,2013-12-31,1543941025.0,6367928435.0,2382175101.0,0.82,5021121510.0,0.7885015608,0.0,11977139070.0,15767414892.0,13974985505.0,33042325851.0,6695933073.0,11137248405.0,61309695617.51326,,6.325510105417418,1.1282598387210276,0.0,,0.0,6.325510105417418,0.12890733053832695,9.62788703474386,9.927467212925645,5.11889318970004,0.45386266097825856,0.20113805041312724,0.011429467638717697,0.0,0.25604551916850093,0.0,27.475573700473845,0.7885015607905461,0.024999999999999883,0.02906978282959673,0.03613304583295463,0.35027977745712335,0.023192247037934967,0.02319224721743456,0.023192247236237345,0.02906978282959673,0.03613304583295463,0.35027977745712335,Tobacco,Consumer Defensive,BTI
2013Q3,2013,Q3,2013-09-30,2013-09-30,1508945195.0,6223589411.0,2328179389.0,0.8,4907309965.0,0.7885015609,0.0,11705658544.0,15410021856.0,13658220674.0,32293370030.0,6544159313.0,10884805310.0,61544166651.24812,,6.182132559193683,1.1282598388042415,0.0,,0.0,6.182132559193683,0.12890733052976708,9.888853937322846,10.196554330664098,5.257642397470579,0.4538626606647566,0.201138050442202,0.0111278439251742,0.0,0.2560455191397796,0.0,28.220307756015394,0.7885015609041437,-0.012345679012345689,0.01391777237618269,0.020877036268336646,0.3303982754988991,0.08438777229002767,-0.02665638111062782,0.05497632860840407,0.01391777237618269,0.020877036268336646,0.3303982754988991,Tobacco,Consumer Defensive,BTI
2013Q2,2013,Q2,2013-06-30,2013-06-30,1550269777.0,5754236644.0,2206854624.0,0.81,4525419864.0,0.7864500791,0.0,9155710919.0,14133292803.0,12681814727.0,31310889884.0,6149403450.0,8385135648.0,66635466259.02956,,4.761867297484564,1.1144534995381816,0.0,,0.0,4.761867297484564,0.1693227091500747,11.58024432806583,10.745785547722374,7.278022083544286,0.8651960780629989,0.1998269895594507,0.020128730333874516,0.0,0.21236816867116498,0.0,75.0732962879951,0.7864500791288624,0.0,0.05663234868984528,0.004176062676197222,0.3038305761099151,0.0009119233249502842,0.0009119232387302025,0.0009119234842909916,0.05663234868984528,0.004176062676197222,0.3038305761099151,Tobacco,Consumer Defensive,BTI
2013Q1,2013,Q1,2013-03-31,2013-03-31,1548857338.0,5748994002.0,2204843975.0,0.81,4521296788.0,0.7864500792,0.0,9147369220.0,14120416065.0,12670260420.0,31282362767.0,6143800774.0,8377496014.0,68302571467.01306,,4.757528796190128,1.1144534995279916,0.0,,0.0,4.757528796190128,0.16932270915812012,11.880786698203458,11.024671186826417,7.4669087717236655,0.8651960778585277,0.19982698953968392,0.019619543821233563,0.0,0.21236816867257413,0.0,77.0216754481938,0.7864500791663898,0.025316455696202552,0.03546862364791027,-0.01593699413203692,0.27771561553899804,-0.08163491282335067,0.008930098078412831,-0.04804894309693198,0.03546862364791027,-0.01593699413203692,0.27771561553899804,Tobacco,Consumer Defensive,BTI
2012Q4,2012,Q4,2012-12-31,2012-12-31,1535148313.0,6288500609.0,2316131653.0,0.79,4923201950.0,0.7828896356,0.0,9075985371.0,14930516050.0,13233644859.0,31772450222.0,6543681430.0,8251930109.0,60094525909.66482,,4.684592194167166,1.1282240236215788,0.0,,0.0,4.684592194167166,0.16914398274650988,9.556256673277332,9.786436496195535,6.621267383449248,0.43144520916396956,0.20864381519868702,0.011021509446561406,0.0,0.25878162611194494,0.0,27.21616273972586,0.7828896355601832,0.0,0.0,0.0,0.0,0.008126777812423795,0.008126777523959045,0.008126777529588743,0.0,0.0,0.0,Tobacco,Consumer Defensive,BTI
2012Q3,2012,Q3,2012-09-30,2012-09-30,1522773075.0,6237807335.0,2297460701.0,0.79,4883514711.0,0.7828896355,0.0,9002821442.0,14810157194.0,13126964933.0,31516324062.0,6490931076.0,8185409109.0,62101805882.754005,,4.646828452085436,1.1282240235721668,0.0,,0.0,4.646828452085436,0.1691439827847693,9.955710804709232,10.195512204396247,6.8980381631292165,0.4314452086040463,0.2086438150618255,0.01057929214233125,0.0,0.2587816260909029,0.0,28.353805748512436,0.7828896355292769,0.03947368421052635,0.0,0.0,0.0,0.06992604955015727,0.01765615733189447,0.04999718287449605,0.0,0.0,0.0,Tobacco,Consumer Defensive,BTI
2012Q2,2012,Q2,2012-06-30,2012-06-30,1496353227.0,5844247509.0,2188063681.0,0.76,4564347894.0,0.7809983898,0.0,7161791231.0,13816955532.0,11977099835.0,30439965492.0,6248921653.0,6366559485.0,64521116241.20086,,3.6522132436040757,1.1536144577858067,0.0,,0.0,3.6522132436040757,0.20893561104141042,11.040106727485428,10.779726851419564,9.009075266243384,0.9030398321852919,0.2048192770004633,0.020943012857194337,0.0,0.2349397589370599,0.0,78.65284451423261,0.7809983897791828,-0.025641025641025664,0.0,0.0,0.0,-0.019135754055117693,-0.019135753923867717,-0.01913575393623117,0.0,0.0,0.0,Tobacco,Consumer Defensive,BTI
2012Q1,2012,Q1,2012-03-31,2012-03-31,1525545694.0,5958263372.0,2230750779.0,0.78,4653394099.0,0.7809983897,0.0,7301511153.0,14086511553.0,12210761973.0,31033821060.0,6370832333.0,6490765171.0,62185947757.62533,,3.723464547455803,1.153614457815785,0.0,,0.0,3.723464547455803,0.20893561100337335,10.436924968751672,10.19077107985094,8.516859928656652,0.9030398325125488,0.20481927710465145,0.022153373514052024,0.0,0.23493975898829028,0.0,74.35560696549378,0.7809983897099875,0.0,0.0,0.0,0.0,0.0,0.0,0.0,0.0,0.0,0.0,Tobacco,Consumer Defensive,BTI
