Quarters,Year,Quarter,FillingDate,Date,NetIncome,Revenue,OperatingIncome,EPSDiluted,GrossProfit,GrossProfitRatio,TotalAssets,CommonStockEquity,CurrentAssets,CurrentLiability,TotalLiability,Inventory,RetainedEarnings,MarketCap,EnterpriseValue,bookValuePerShare,currentRatio,debtToAssets,debtToEquity,roic,shareholdersEquityPerShare,roe,priceToSalesRatio,peRatio,pbRatio,payoutRatio,inventoryTurnover,dividendYield,assetTurnover,quickRatio,returnOnAssets,priceToFreeCashFlowsRatio,grossProfitMargin,epsdilutedGrowth,fiveYNetIncomeGrowthPerShare,fiveYRevenueGrowthPerShare,fiveYShareholdersEquityGrowthPerShare,grossProfitGrowth,netIncomeGrowth,operatingIncomeGrowth,threeYNetIncomeGrowthPerShare,threeYRevenueGrowthPerShare,threeYShareholdersEquityGrowthPerShare,Industry,Sector,Symbol
2023Q1,2023,Q1,2023-05-18,2023-03-31,505192.0,0.0,-520185.0,0.29,0.0,0.0,119930602.0,119080162.0,43018.0,850440.0,850440.0,0.0,-347853.0,350750.0,336769.0,10.354796695652174,0.050583227505761726,0.0,0.0,-0.0028891015664299345,10.354796695652174,0.004242453079632189,0.0,0.1735726218942501,0.0029454948171803797,0.0,0.0,0.0,0.0,140.9876828465265,0.00421236941677321,-1.008856073701862,0.0,12.55140186915888,0.0,0.0,0.0,0.0,1.9739043414275201,0.11841567848529888,0.0,0.0,0.0,Shell Companies,Financial Services,SMAPW
2022Q4,2022,Q4,2023-03-31,2022-12-31,169875.0,0.0,-590057.0,0.0214,0.0,0.0,119128173.0,118574970.0,385245.0,481035.0,553203.0,0.0,-377093.0,631350.0,409084.0,10.310866956521739,0.8008668807883003,0.0,0.0,-0.0022768331040318723,10.310866956521739,0.0014326379336212355,0.0,0.9291390728476822,0.005324479525485016,0.0,0.0,0.0,0.0,247.31089005997484,0.0014259851026171618,-1.4596000462374292,0.0,0.3374999999999999,131.81000908456426,0.0,29721.04676514714,0.0,-0.07729786101485014,-1.3234798428061776,131.81000908456426,0.0,29721.04676514714,Shell Companies,Financial Services,SMAPW
2022Q3,2022,Q3,2022-11-10,2022-09-30,184106.0,0.0,-253954.0,0.016,0.0,0.0,118658420.0,118405095.0,569682.0,253325.0,253325.0,0.0,-546968.0,1183350.0,835679.0,10.296095217391304,2.248818711141814,0.0,0.0,-0.0013745987401218335,10.296095217391304,0.0015548824144771811,0.0,1.6068867934776705,0.009994080068936224,0.0,0.0,0.0,0.0,467.52751998421,0.0015515628810833652,-6.337632151158432,0.0,1.435967302452316,0.0,0.0,0.0,0.0,2.4137314074654257,0.19222486934892347,0.0,0.0,0.0,Shell Companies,Financial Services,SMAPW
2022Q2,2022,Q2,2022-08-22,2022-06-30,-130227.0,0.0,-314387.0,-0.0367,0.0,0.0,118397100.0,118220989.0,849577.0,176111.0,176111.0,0.0,-731074.0,1840000.0,1305611.0,10.280086,4.8240995735644,0.0,0.0,-0.0029330316618438666,10.280086,-0.0011015556636901423,0.0,-3.532293610388015,0.015564072129357672,0.0,0.0,0.0,0.0,670.4970842252898,-0.0010999171432408395,-12.630422844590884,0.0,-1.2937500000000002,0.0,0.0,0.0,0.0,0.1117515056851123,-0.38389787608671727,0.0,0.0,0.0,Shell Companies,Financial Services,SMAPW
2022Q1,2022,Q1,2022-07-19,2022-03-31,-146611.0,0.0,-227175.0,-0.016,0.0,0.0,118477071.0,118351216.0,1107285.0,125855.0,125855.0,0.0,-600847.0,0.0,-680069.0,0.0,8.798100989233642,0.0,0.0,-0.0015057793357450364,0.0,-0.001238778991506095,0.0,0.0,0.0,0.0,0.0,,0.0,5.403591434587422,-0.0012374630699639763,0.0,0.0,0.8545454545454545,0.0,0.0,0.0,0.0,0.6362244619183048,0.4653221364613226,0.0,0.0,0.0,Shell Companies,Financial Services,SMAPW
2021Q4,2021,Q4,2022-06-21,2021-12-31,-403025.99997,0.0,-424881.99997,-0.11,0.0,0.0,118738383.0,1238109.0,1316001.0,111454.0,200274.0,0.0,-413954.0,1677770916.6000001,1676839645.6000001,0.0003469097211909556,11.807570836398874,0.0,0.0,-0.3341107373821367,0.0003469097211909556,-0.3255173817248724,0.0,-1040.7336727189363,1355.1076008655134,0.0,0.0,0.0,0.0,8.355653453442676,-0.003394235206740183,-0.0023276769395331803,0.0,0.0,0.0,0.0,0.0,0.0,-13433.199999,-14161.733332333333,0.0,0.0,0.0,Shell Companies,Financial Services,SMAPW
2021Q3,2021,Q3,2021-12-02,2021-09-30,-30.0,0.0,-30.0,0.0,0.0,0.0,312373.0,24557.0,24991.0,287816.0,287816.0,0.0,-443.0,0.0,242740.0,0.0,0.08682978013730995,0.8570875203682776,10.902431078714827,-0.00010263849354061747,0.0,-0.0012216475953903164,0.0,0.0,0.0,,0.0,,0.0,0.08682978013730995,-9.603903026189844e-05,0.0,0.0,0.0,0.0,0.0,0.0,0.0,0.0,0.0,0.0,0.0,0.0,Shell Companies,Financial Services,SMAPW
2021Q2,2021,Q2,2021-06-30,2021-06-30,,,,,,,74683.0,24562.0,25021.0,50121.0,50121.0,0.0,-438.0,0.0,25004.0,0.0,0.4992119071846132,0.6698311530067084,2.036682680563472,,0.0,,0.0,0.0,0.0,0.0,0.0,,,0.4992119071846132,,0.0,0.0,0.0,0.0,0.0,0.0,0.0,0.0,0.0,0.0,0.0,0.0,Shell Companies,Financial Services,SMAPW
