Quarters,Year,Quarter,FillingDate,Date,NetIncome,Revenue,OperatingIncome,EPSDiluted,GrossProfit,GrossProfitRatio,TotalAssets,CommonStockEquity,CurrentAssets,CurrentLiability,TotalLiability,Inventory,RetainedEarnings,MarketCap,EnterpriseValue,bookValuePerShare,currentRatio,debtToAssets,debtToEquity,roic,shareholdersEquityPerShare,roe,priceToSalesRatio,peRatio,pbRatio,payoutRatio,inventoryTurnover,dividendYield,assetTurnover,quickRatio,returnOnAssets,priceToFreeCashFlowsRatio,grossProfitMargin,epsdilutedGrowth,fiveYNetIncomeGrowthPerShare,fiveYRevenueGrowthPerShare,fiveYShareholdersEquityGrowthPerShare,grossProfitGrowth,netIncomeGrowth,operatingIncomeGrowth,threeYNetIncomeGrowthPerShare,threeYRevenueGrowthPerShare,threeYShareholdersEquityGrowthPerShare,Industry,Sector,Symbol
2023Q1,2023,Q1,2023-05-15,2023-03-31,3908000.0,15489000.0,6800000.0,0.82,15489000.0,1.0,1266465000.0,137545000.0,273561000.0,1246000.0,1128920000.0,0.0,110017000.0,111746722.01,48239722.010000005,28.814522628340317,219.5513643659711,0.022363034114641935,0.20591079283143698,0.03363378658753888,28.814522628340317,0.028412519539059943,7.214585964878301,7.148587641376663,0.8124375441491876,0.2563971340839304,0.0,0.008966705975593028,0.012230105056199737,219.5513643659711,0.0030857544424836058,29.445776550724638,1.0,0.10810810810810806,0.14597782836986312,0.04814880227664027,0.22076714832048333,0.14049039098740887,0.10896708286038592,0.400329489291598,2.9116261718790435,0.24814227414913445,0.057104977156060936,Banks—Regional,Financial Services,OVBC
2022Q4,2022,Q4,2023-03-23,2022-12-31,3524000.0,13581000.0,4856000.0,0.74,13581000.0,1.0,1210787000.0,135028000.0,235038000.0,0.0,27739000.0,0.0,109320000.0,126070269.08000001,105957269.08000001,28.297232853022795,0.0,0.02290989249141261,0.20543146606629736,0.02581831280939274,28.297232853022795,0.02609829072488669,9.28284140195862,8.943691052780931,0.9336601969961786,0.28461975028376846,0.0,0.007955880536461214,0.01121667147070459,0.0,0.0029105036641457168,23.196001670653175,1.0,-0.038961038961038995,2.863269370789578,0.07328167054883426,0.2155051130887342,-0.06078838174273859,-0.044986449864498644,-0.062186172267284665,0.009819356880314283,0.1031744280685816,0.055928599225852624,Banks—Regional,Financial Services,OVBC
2022Q3,2022,Q3,2022-11-14,2022-09-30,3690000.0,14460000.0,5178000.0,0.77,14460000.0,1.0,1252474000.0,128620000.0,302876000.0,1170000.0,1123854000.0,0.0,106799000.0,132750752.68,45526752.68000001,26.9543360603415,258.86837606837605,0.02309429177771355,0.22488726481107138,0.02680571425432852,26.9543360603415,0.02868916187218162,9.180549977869987,8.993953433604336,1.032115943710154,0.27127371273712736,0.0,0.007540446888560722,0.011545149839437784,258.86837606837605,0.002946168942429144,30.136379723041998,1.0,0.8333333333333335,1.1932470705114007,0.13203176266749356,0.14921138650008264,0.09636818560921981,0.8459229614807404,0.7140019860973188,0.7272567024841472,0.13598499915178203,0.027627576734319554,Banks—Regional,Financial Services,OVBC
2022Q2,2022,Q2,2022-08-15,2022-06-30,1999000.0,13189000.0,3021000.0,0.42,13189000.0,1.0,1253886000.0,132570000.0,290651000.0,1116000.0,1121316000.0,0.0,104110000.0,144012139.32,76145139.32,27.782120444094797,260.4399641577061,0.023300363828928628,0.22038168514746925,0.015754882766646137,27.782120444094797,0.015078826280455608,10.919109812722724,18.01052267633817,1.0863101706268385,0.8594297148574287,0.0,0.011929549884558997,0.010518500086929753,262.1182795698925,0.0015942438148284612,79.96232055524708,1.0,-0.5172413793103449,0.12653212679576412,0.06215325078440672,0.19343869963120908,-0.03800145878920496,-0.5153939393939394,-0.4713910761154856,-0.3518402678514231,0.04038562580120807,0.06802837907169593,Banks—Regional,Financial Services,OVBC
2022Q1,2022,Q1,2022-05-16,2022-03-31,4125000.0,13710000.0,5715000.0,0.87,13710000.0,1.0,1258176000.0,136611000.0,358264000.0,0.0,1121565000.0,0.0,103829000.0,143403493.401072,6139493.4010719955,28.69332788918126,0.0,0.022718602166946437,0.20923644508860925,0.02807359537796933,28.69332788918126,0.030195225860289436,10.459773406350985,8.691120812186181,1.0497214236120957,0.24193939393939393,0.0,0.006959384156763782,0.010896726690065618,0.0,0.003278555623378605,60.738455485418044,1.0,0.8125000000000001,0.25834680354974476,-0.037457583044563904,0.24536042386849932,0.16206136633327684,0.7903645833333334,0.6134952004517222,2.448520598237794,0.03330482536350229,0.132091875957625,Banks—Regional,Financial Services,OVBC
2021Q4,2021,Q4,2022-03-17,2021-12-31,2304000.0,11798000.0,3542000.0,0.48,11798000.0,1.0,1249769000.0,141356000.0,334058000.0,0.0,1108413000.0,0.0,100702000.0,141249071.65,16195071.650000006,29.672445638335635,0.0,0.023451533843454272,0.20734174707829878,0.017130222273943906,29.672445638335635,0.016299272758142563,11.972289510934058,15.326505170355901,0.9992435528028523,0.4348958333333333,0.0,0.007093851933291627,0.009440144538710754,0.0,0.0018435406863188317,29.61817396728874,1.0,-0.23809523809523814,0.11489488533924806,0.0060958296690760555,0.32447438316765903,-0.09043250327653997,-0.24110671936758893,-0.01474269819193324,-0.4058369723118138,-0.03915595620602512,0.192494543078237,Banks—Regional,Financial Services,OVBC
2021Q3,2021,Q3,2021-11-15,2021-09-30,3036000.0,12971000.0,3595000.0,0.63,12971000.0,1.0,1245378000.0,140930000.0,1032738000.0,1235000.0,1104448000.0,0.0,99400000.0,127968950.5,24659950.5,29.45931403883788,836.2251012145749,0.027505705095159864,0.24306393244873342,0.017208933227525224,29.45931403883788,0.02154260980628681,9.865773687456635,10.537627676218708,0.9080320052508337,0.3310276679841897,0.0,0.007853467548755117,0.010415311656380634,254.3562753036437,0.002437814061272963,35.477945799833655,1.0,0.050000000000000044,6.917992344770963,0.13417450283310178,0.2438367446703532,0.019652543039069256,0.0611674239776302,0.0,0.7194721133502628,0.010763256935603588,0.2241932730932582,Banks—Regional,Financial Services,OVBC
2021Q2,2021,Q2,2021-08-16,2021-06-30,2861000.0,12721000.0,0.0,0.6,12721000.0,1.0,1236988000.0,139424000.0,1024117000.0,0.0,1097564000.0,0.0,97369000.0,117053054.7,23457054.700000003,29.122835014744815,0.0,0.02740446956639838,0.2431360454441129,0.0,29.122835014744815,0.020520140004590313,9.201560781385112,10.228334035302343,0.839547385672481,0.3516253058371199,0.0,0.008594393393477154,0.01028385077300669,0.0,0.002312876115208878,36.878719187145556,1.0,-0.1891891891891892,0.4510117680198735,0.09333509234626669,0.2725639897392471,-0.04974975722716068,-0.18974794675729256,0.0,-0.0513580382269418,-0.04744699901931432,0.21506945138301786,Banks—Regional,Financial Services,OVBC
2021Q1,2021,Q1,2021-05-10,2021-03-31,3531000.0,13387000.0,0.0,0.74,13387000.0,1.0,1225184000.0,137740000.0,1057975000.0,0.0,1087444000.0,0.0,95514000.0,116239188.88000001,-26111811.11999999,28.771081699929358,0.0,0.029647791678637656,0.2637142442282561,0.0,28.771081699929358,0.02563525482793669,8.682990130723837,8.2299057547437,0.8439029249310295,0.28462192013593884,0.0,0.008645965355432028,0.010926522057095097,0.0,0.002882016089011936,231.55216908366535,1.0,-0.24489795918367346,0.07499174243905443,-0.06428246247277306,0.2683557338490523,0.07837924923473498,-0.24872340425531914,0.0,0.03240207335405726,-0.09674096098354584,0.2189267132391649,Banks—Regional,Financial Services,OVBC
2020Q4,2020,Q4,2021-03-24,2020-12-31,4700000.0,12414000.0,0.0,0.98,12414000.0,1.0,1186932000.0,136324000.0,1034967000.0,0.0,1050608000.0,0.0,92988000.0,112983725.60000001,9423725.600000009,28.47530812880187,0.0,0.03137753468606458,0.2731947419383234,0.0,28.47530812880187,0.03447668789061354,9.101315095859514,6.009772638297873,0.8287882221765793,0.21404255319148935,0.0,0.008903937223326967,0.010458897392605474,0.0,0.003959788766332023,24.497772246313964,1.0,1.0416666666666667,1.1298539667142005,0.09645332295537956,0.2960325455870923,-0.008149568552253116,1.0488230165649521,0.0,4.135620540338842,-0.022155758580338112,0.22315432067551177,Banks—Regional,Financial Services,OVBC
2020Q3,2020,Q3,2020-11-09,2020-09-30,2294000.0,12516000.0,0.0,0.48,12516000.0,1.0,1137938000.0,132898000.0,986221000.0,0.0,1005040000.0,0.0,89294000.0,98908634.36,51348634.36,27.759686480014604,0.0,0.03404315525098907,0.29149422865656366,0.0,27.759686480014604,0.017261358334963655,7.902575452221157,10.779057798605058,0.7442447167000256,0.4385353095030514,0.0,0.010171002830131483,0.010998841764665562,0.0,0.002015927054022275,41.628213114478115,1.0,0.02127659574468087,0.20162356873056064,0.09078858073864612,0.27069498111938345,0.03918963799402192,0.0136986301369863,0.0,0.3590348183985076,-0.023365971578857322,0.18354789808541846,Banks—Regional,Financial Services,OVBC
2020Q2,2020,Q2,2020-08-10,2020-06-30,2263000.0,12044000.0,0.0,0.47,12044000.0,1.0,1102995000.0,131821000.0,946389000.0,0.0,971174000.0,0.0,88006000.0,107956907.3,76947907.3,27.534723107059587,0.0,0.03587051618547681,0.3001418590361172,0.0,27.534723107059587,0.017167219183589866,8.963542618731319,11.9263043857711,0.8189659257629666,0.44410075121520104,0.0,0.009309270014629252,0.010919360468542468,0.0,0.002051686544363302,47.287300613228204,1.0,1.2380952380952381,0.38042755117363797,0.029110473224608243,0.275570017099191,-0.03229953398682307,1.2584830339321358,0.0,0.27113395391293,-0.03323250643642343,0.18281123306336178,Banks—Regional,Financial Services,OVBC
2020Q1,2020,Q1,2020-05-11,2020-03-31,1002000.0,12446000.0,0.0,0.21,12446000.0,1.0,1035841000.0,130496000.0,882398000.0,0.0,905345000.0,0.0,86748000.0,143527631.08,116453631.08000001,27.25795758322914,0.0,0.04050525128856649,0.3215194335458558,0.0,27.25795758322914,0.007678396272682688,11.532028851036479,35.81028719560878,1.099862302905836,1.0029940119760479,0.0,0.0070021360516974536,0.012015357569356688,0.0,0.0009673299280488029,-624.0331786086957,1.0,-0.7123287671232877,-0.762191315903363,-0.13803159593248618,0.25721818284335146,0.008589951377633711,-0.7135506003430532,0.0,-0.6960200216510442,-0.1310133999079704,0.18306185119917917,Banks—Regional,Financial Services,OVBC
2019Q4,2019,Q4,2020-03-16,2019-12-31,3498000.0,12340000.0,0.0,0.73,12340000.0,1.0,1013272000.0,128179000.0,868158000.0,0.0,885093000.0,0.0,86751000.0,189505550.35999998,178333550.35999998,26.798433979123903,0.0,0.04297365366851152,0.3397124333939257,0.0,26.798433979123903,0.027289961694193277,15.357013805510533,13.543850082904516,1.4784445998174427,0.28702115494568325,0.0,0.005297997858599502,0.012178368690736545,0.0,0.00345218263210668,50.160283313922704,1.0,0.6222222222222221,6.089393921506357,0.06214911617187198,0.27455529051103617,-0.03086468232152674,0.6368741226017782,0.0,0.6858723767596843,0.048092366520035276,0.19618853622576765,Banks—Regional,Financial Services,OVBC
2019Q3,2019,Q3,2019-11-12,2019-09-30,2137000.0,12733000.0,0.0,0.45,12733000.0,1.0,1045958000.0,125201000.0,894569000.0,0.0,920757000.0,0.0,84257000.0,174176184.42000002,145772184.42000002,26.229673736470982,0.0,0.04246633230014972,0.35477352417312963,0.0,26.229673736470982,0.017068553765545003,13.679116030786147,20.37624993214787,1.3911724700281947,0.46841366401497425,0.0,0.0057470543595457176,0.0121735289562296,0.0,0.002043103069148092,55.505476233269604,1.0,-0.3076923076923077,-0.3307722975203282,0.13432002022750744,0.2506421822921681,0.006084070796460177,-0.30594348814550176,0.0,4.585778952202542,0.11584294591004136,0.10747425928266939,Banks—Regional,Financial Services,OVBC
2019Q2,2019,Q2,2019-08-09,2019-06-30,3079000.0,12656000.0,0.0,0.65,12656000.0,1.0,1034975000.0,123920000.0,888253000.0,0.0,911055000.0,0.0,83121000.0,182836870.04000002,156846870.04000002,26.012530180370614,0.0,0.044803980772482425,0.3742010974822466,0.0,26.012530180370614,0.024846675274370563,14.446655344500634,14.845474995128288,1.475442785990962,0.3247807729782397,0.0,0.005469356370961862,0.012228314693591633,0.0,0.0029749510857750186,122.46273947756197,1.0,1.6,0.9710759551584633,0.07822906315249493,0.2636617888943691,-0.04360311342854984,1.5808885163453479,0.0,0.5693067634926651,0.09313445179686386,0.1366547649906076,Banks—Regional,Financial Services,OVBC
2019Q1,2019,Q1,2019-05-14,2019-03-31,1193000.0,13233000.0,0.0,0.25,13233000.0,1.0,1044873000.0,120352000.0,894533000.0,0.0,924521000.0,0.0,81042000.0,174506419.5,146835419.5,25.345405702968996,0.0,0.0452600459577384,0.3929390454666312,0.0,25.345405702968996,0.009912589736772136,13.187215257311268,36.56882219195306,1.449966926183196,0.8340318524727578,0.0,0.005701795973184814,0.012664697049306471,0.0,0.0011417655542826737,1558.09303125,1.0,-0.6951219512195121,-0.7110648147917701,-0.10518104229976816,0.2453643461316192,0.08378378378378379,-0.6906120331950207,0.0,-0.6338174216214271,-0.06745533399470749,0.11733687962695295,Banks—Regional,Financial Services,OVBC
2018Q4,2018,Q4,2019-03-18,2018-12-31,3856000.0,12210000.0,0.0,0.82,12210000.0,1.0,1030493000.0,117874000.0,889908000.0,0.0,912619000.0,0.0,80844000.0,167649260.27,142617260.27,24.88266785837098,0.0,0.04678634401204084,0.4090214975312622,0.0,24.88266785837098,0.0327128968220303,13.730488146601148,10.869376314185685,1.4222751435431054,0.25778008298755184,0.0,0.005929044950148649,0.011848697662186934,0.0,0.003741898295281967,46.388837927504156,1.0,1.216216216216216,0.7564357936790083,0.13620529831595082,0.2592045809302551,-0.037825059101654845,1.2084765177548682,0.0,0.7659231663054383,0.08987547636559932,0.13251618629067893,Banks—Regional,Financial Services,OVBC
2018Q3,2018,Q3,2018-11-09,2018-09-30,1746000.0,12690000.0,0.0,0.37,12690000.0,1.0,1033516000.0,113839000.0,889783000.0,0.0,919677000.0,0.0,77982000.0,172951613.44,154536613.44,24.064267208723415,0.0,0.04742451979456535,0.43055543355089204,0.0,24.064267208723415,0.015337450258698688,13.628968750197005,24.763976723940438,1.5192650448440344,0.5693012600229095,0.0,0.005747272200758256,0.012278474643837155,0.0,0.001689378780783268,50.21823851335656,1.0,-0.41269841269841273,0.4130975849423083,0.14656450569350224,0.23667184313368286,-0.037031415996357564,-0.41330645161290325,0.0,-0.07443969305917524,0.11923712689612069,0.1015377853224411,Banks—Regional,Financial Services,OVBC
2018Q2,2018,Q2,2018-08-09,2018-06-30,2976000.0,13178000.0,0.0,0.63,13178000.0,1.0,1025364000.0,113228000.0,886379000.0,0.0,912136000.0,0.0,77230000.0,247780303.8,232712303.8,23.9680414823997,0.0,0.048707580917605846,0.4410834775850496,0.0,23.9680414823997,0.026283251492563678,18.802572757626347,20.81487767137097,2.188330658494366,0.3333333333333333,0.0,0.004003546628955259,0.012852021330961493,0.0,0.0029023839339005464,78.33711786278849,1.0,-0.11267605633802812,0.31772304817569536,0.15557478067262914,0.2459921677732559,-0.09653092006033183,-0.11586452762923351,0.0,0.8396897611475671,0.14109907734248722,0.11034038601609025,Banks—Regional,Financial Services,OVBC
2018Q1,2018,Q1,2018-05-10,2018-03-31,3366000.0,14586000.0,0.0,0.71,14586000.0,1.0,1096421000.0,111211000.0,952287000.0,0.0,985210000.0,0.0,75073000.0,197180794.8,102301794.80000001,23.603618976790937,0.0,0.04660892120818554,0.45951389700659107,0.0,23.603618976790937,0.03026679015565007,13.518496832579187,14.645038235294118,1.7730331963564756,0.29322638146167557,0.0,0.0050055584825140385,0.013303284048736753,0.0,0.0030699886266315583,37.955879653512994,1.0,2.736842105263158,-0.09957740389963773,0.01736122627643599,0.22059621944135321,0.17090792325600065,2.7483296213808464,0.0,-0.18827515717669357,0.026437469337080632,0.0886692030361757,Banks—Regional,Financial Services,OVBC
2017Q4,2017,Q4,2018-03-16,2017-12-31,898000.0,12457000.0,0.0,0.19,12457000.0,1.0,1026290000.0,109361000.0,886418000.0,0.0,916929000.0,0.0,72694000.0,189782716.79999998,157838716.79999998,23.280225272863202,0.0,0.04331037036315272,0.4064428818317316,0.0,23.280225272863202,0.008211336765391684,15.235025832865054,52.83483207126949,1.7353783963204432,1.0968819599109132,0.0,0.005190145955377113,0.012137894747098773,0.0,0.0008749963460620292,23.45892667490729,1.0,-0.45714285714285713,-0.5191846492018605,0.16553265735206166,0.23875392833646955,-0.0074103585657370515,-0.45674531155474896,0.0,0.8530955321460266,0.09173181272840938,0.107226426325176,Banks—Regional,Financial Services,OVBC
2017Q3,2017,Q3,2017-11-13,2017-09-30,1653000.0,12550000.0,0.0,0.35,12550000.0,1.0,1019614000.0,109962000.0,873775000.0,0.0,909652000.0,0.0,72781000.0,170653537.6,163706537.6,23.454637133757256,0.0,0.044404058790875764,0.41173314417707935,0.0,23.454637133757256,0.01503246576089922,13.597891442231075,25.809669933454323,1.5519319182990488,0.5952813067150635,0.0,0.00576606857284393,0.012308579521269814,0.0,0.0016212017488971317,244.48930888252147,1.0,-0.054054054054054106,0.2833818893603241,0.1305258669734256,0.24949138789510183,0.030123943199540343,-0.05054566341183228,0.0,-0.4729604110098953,0.13828124767421412,0.11832723748471964,Banks—Regional,Financial Services,OVBC
2017Q2,2017,Q2,2017-08-09,2017-06-30,1741000.0,12183000.0,0.0,0.37,12183000.0,1.0,980156000.0,108987000.0,837662000.0,0.0,871169000.0,0.0,72112000.0,168777556.14999998,180626556.14999998,23.27905107541753,0.0,0.05015018017540065,0.4510170937818272,0.0,23.27905107541753,0.015974382265774818,13.853530013133053,24.23572029724296,1.5486026420582268,0.5646180356117174,0.0,0.005824234112777204,0.012429654055068785,0.0,0.0017762478625851395,210.18375610211703,1.0,-0.46376811594202894,-0.12831804638375316,0.04572716463473249,0.25384657719158066,-0.12841608241522393,-0.45881255828411566,0.0,0.13407512555709722,0.05613198264612166,0.13087220357840582,Banks—Regional,Financial Services,OVBC
2017Q1,2017,Q1,2017-05-10,2017-03-31,3217000.0,13978000.0,0.0,0.69,13978000.0,1.0,1036732000.0,107651000.0,893265000.0,0.0,929081000.0,0.0,71354000.0,132934398.674,67377398.674,23.040179645383574,0.0,0.0460919504751469,0.44388811994314964,0.0,23.040179645383574,0.029883605354339485,9.510258883531263,10.330618485700963,1.2348645035717272,0.30463164438918244,0.0,0.007372057268662949,0.013482751569354471,0.0,0.003103019873988649,41.8295779339207,1.0,0.6046511627906975,0.05771883252630133,-0.02749791169385536,0.25787407802522083,0.2170657379190248,0.5894268774703557,0.0,-0.20816826097906196,-0.03939740157841022,0.13209544148141095,Banks—Regional,Financial Services,OVBC
2016Q4,2016,Q4,2017-03-16,2016-12-31,2024000.0,11485000.0,0.0,0.43,11485000.0,1.0,954640000.0,104528000.0,818231000.0,0.0,850112000.0,0.0,69117000.0,126908808.0,130657808.0,22.403185758391174,0.0,0.0477509846643761,0.43610324506352366,0.0,22.403185758391174,0.019363232818000918,11.049961515019591,15.675495059288538,1.2141130414817083,0.4841897233201581,0.0,0.007722080251514143,0.012030713148411967,0.0,0.0021201709544959356,49.670766340508806,1.0,4.375,0.2838479528003293,0.08384219262260909,0.2560571256143499,0.07557595055253793,4.653631284916201,0.0,-0.06393936967908406,0.08510149949943019,0.13372867792820692,Banks—Regional,Financial Services,OVBC
2016Q3,2016,Q3,2016-11-09,2016-09-30,358000.0,10678000.0,0.0,0.08,10678000.0,1.0,970230000.0,105788000.0,826183000.0,0.0,864442000.0,0.0,68073000.0,99158542.2,79768542.2,23.68422879052774,0.0,0.04552013440112138,0.41748591522667977,0.0,23.68422879052774,0.003384126744054146,9.286246694137478,69.24479203910614,0.9373326105040269,2.430167597765363,0.0,0.008773828060574291,0.011005637838450677,0.0,0.0003689846737371551,41.48892979079498,1.0,-0.8048780487804877,-0.6381419676371513,0.034696225767797094,0.3327271400686948,0.06069335452468461,-0.7901524032825322,0.0,-0.6931315685906757,0.021805084814238835,0.2171415242997363,Banks—Regional,Financial Services,OVBC
2016Q2,2016,Q2,2016-08-09,2016-06-30,1706000.0,10067000.0,0.0,0.41,10067000.0,1.0,826449000.0,94796000.0,701118000.0,0.0,731653000.0,0.0,68585000.0,90549519.42,71278519.42,22.885163535636575,0.0,0.04829215111882282,0.4210198742562977,0.0,22.885163535636575,0.017996539938394025,8.99468753551207,13.269273068581477,0.9552040109287312,0.5099648300117233,0.0,0.009608002401035825,0.012181029924411549,0.0,0.0020642532086069436,56.067813882352944,1.0,-0.40579710144927533,0.05944572480616384,-0.012150200284477731,0.2928738890149607,-0.18386704499391973,-0.3975988700564972,0.0,-0.13849949046185497,0.006778464253936806,0.18969814636512258,Banks—Regional,Financial Services,OVBC
2016Q1,2016,Q1,2016-05-10,2016-03-31,2832000.0,12335000.0,0.0,0.69,12335000.0,1.0,883517000.0,93631000.0,764393000.0,0.0,789886000.0,0.0,67749000.0,89776735.5,-14364264.5,22.683763657233893,0.0,0.0414626996424517,0.39124862492123336,0.0,22.683763657233893,0.030246392754536423,7.278211228212403,7.925206170550847,0.9588355939806261,0.3054378531073446,0.0,0.009635012848066858,0.01396124805747937,0.0,0.003205371260541676,17.524250536794845,1.0,0.49999999999999983,0.34994910015961056,-0.07062246186860535,0.30681844252301327,0.26668720476483876,0.49209694415173866,0.0,-0.13525088760246035,-0.01792935717813651,0.17302843220549122,Banks—Regional,Financial Services,OVBC
2015Q4,2015,Q4,2016-03-15,2015-12-31,1898000.0,9738000.0,0.0,0.46,9738000.0,1.0,796285000.0,90470000.0,673060000.0,0.0,705815000.0,0.0,65782000.0,101088921.25,86289921.25,21.97113662443005,0.0,0.04074671756971436,0.3586382226152316,0.0,21.97113662443005,0.02097933016469548,10.380870943725611,13.315189837987356,1.1173750552669393,0.45521601685985247,0.0,0.008546930655865516,0.01222928976434317,0.0,0.0023835686971373313,78.91406811085089,1.0,0.15,0.4204813019838571,0.0007235452874446369,0.2900096418707604,-0.013273887931907995,0.1559074299634592,0.0,0.15936830893556653,0.039450903487890834,0.16909658237953304,Banks—Regional,Financial Services,OVBC
2015Q3,2015,Q3,2015-11-09,2015-09-30,1642000.0,9869000.0,0.0,0.4,9869000.0,1.0,808466000.0,89955000.0,687763000.0,0.0,718511000.0,0.0,64748000.0,99853618.75,66735618.75,21.84606604455184,0.0,0.04051747383316058,0.36414874103718525,0.0,21.84606604455184,0.018253571230059475,10.117906449488297,15.203047921741778,1.1100396726140849,0.5267965895249695,0.0,0.008662680540058044,0.012207068695529559,0.0,0.002031006869800338,27.6986459778086,1.0,0.1764705882352941,2.7736298810439273,0.005966838772972777,0.2808860135703092,-0.019570832505463938,0.16453900709219857,0.0,0.4515033812006011,0.012212679150798,0.1637984943612064,Banks—Regional,Financial Services,OVBC
2015Q2,2015,Q2,2015-08-10,2015-06-30,1410000.0,10066000.0,0.0,0.34,10066000.0,1.0,800373000.0,88885000.0,682238000.0,0.0,711488000.0,0.0,63971000.0,93182985.25,72944985.25,21.586210664999058,0.0,0.04100837984289825,0.3692636552849187,0.0,21.586210664999058,0.015863194014738145,9.257200998410491,16.52180589539007,1.0483544495696686,0.7595744680851064,0.0,0.01149351458452014,0.012576636143398141,0.0,0.001761678617344663,-10.518454142679762,1.0,-0.6136363636363636,-0.0725837843924953,0.0038386223133683043,0.25842721674669267,-0.1894677510266527,-0.6109271523178808,0.0,-0.19733235741873897,-0.017622445588875248,0.16266751033622248,Banks—Regional,Financial Services,OVBC
2015Q1,2015,Q1,2015-05-11,2015-03-31,3624000.0,12419000.0,0.0,0.88,12419000.0,1.0,867985000.0,89276000.0,744697000.0,0.0,778709000.0,0.0,63632000.0,92688864.25,9040864.25,21.681167163508533,0.0,0.03818960005069212,0.3712979972220978,0.0,21.681167163508533,0.04059321654195976,7.463472441420405,6.394099354994482,1.0382282388323851,0.23868653421633554,0.0,0.009332296894553867,0.014307850942124577,0.0,0.004175187359228558,7.462270690765639,1.0,7.8,0.8396429392239918,0.1472083588932231,0.2804133515649407,0.24688755020080322,7.567375886524823,0.0,0.35203366955250215,-0.01957974409307531,0.18367905876000212,Banks—Regional,Financial Services,OVBC
2014Q4,2014,Q4,2015-03-16,2014-12-31,423000.0,9960000.0,0.0,0.1,9960000.0,1.0,778668000.0,86216000.0,660150000.0,0.0,692452000.0,0.0,60873000.0,100618142.61400001,102133142.61400001,21.02571318689439,0.0,0.042986227763308626,0.3882342024682194,0.0,21.02571318689439,0.004906281896631716,10.102223154016064,59.46698736052009,1.167047214136587,2.028368794326241,0.0,0.008527289191687167,0.012791073987887007,0.0,0.0005432353711723097,94.30003993814434,1.0,-0.8507462686567164,-0.7256457255689958,0.040989622841044474,0.25925092178418746,0.033302209772798005,-0.8457330415754923,0.0,-0.694698330555505,0.06949835131838256,0.17882774148005043,Banks—Regional,Financial Services,OVBC
2014Q3,2014,Q3,2014-11-10,2014-09-30,2742000.0,9639000.0,0.0,0.67,9639000.0,1.0,777177000.0,85963000.0,662975000.0,0.0,691214000.0,0.0,61308000.0,94640206.77,86621206.77,20.972964216189656,0.0,0.04199429473594818,0.37966334353151937,0.0,20.972964216189656,0.03189744424927003,9.818467348272643,8.628756999452953,1.1009411813221968,0.31400437636761486,0.0,0.009097613259578469,0.01240258010723426,0.0,0.0035281538182421763,24.866055378349973,1.0,1.0303030303030303,0.5673936005299517,-0.027532610861469162,0.26467390171167604,-0.04554906426378849,1.0401785714285714,0.0,2.020285880827271,0.017841935339529092,0.18016249825218378,Banks—Regional,Financial Services,OVBC
2014Q2,2014,Q2,2014-08-11,2014-06-30,1344000.0,10099000.0,0.0,0.33,10099000.0,1.0,763813000.0,84373000.0,644624000.0,0.0,679440000.0,0.0,59427000.0,94025393.82000001,101782393.82000001,20.58504135282121,0.0,0.03980162683798259,0.3603166889881834,0.0,20.58504135282121,0.015929266471501547,9.310366751163482,17.48984260044643,1.114401453308523,0.640625,0.0,0.009157100704606227,0.013221822618887083,0.0,0.001759592989383527,122.11090106493508,1.0,-0.6206896551724138,-0.064436240020243,0.07055918284803062,0.2546735167665278,-0.20885233059146102,-0.622895622895623,0.0,-0.15650366636528806,0.0015057896069201326,0.1629308406694527,Banks—Regional,Financial Services,OVBC
2014Q1,2014,Q1,2014-05-12,2014-03-31,3564000.0,12765000.0,0.0,0.87,12765000.0,1.0,825535000.0,83417000.0,703312000.0,0.0,742118000.0,0.0,58944000.0,90213963.4053,23270963.405300006,20.35179968151289,0.0,0.03471809190403799,0.3435870386132323,0.0,20.35179968151289,0.04272510399558843,7.067290513537015,6.328139969507576,1.0814817531834038,0.2415824915824916,0.0,0.009543977090684134,0.015462699946095563,0.0,0.004317200360978032,17.853545102968535,1.0,0.8510638297872342,0.6886186252904813,0.19931657172478576,0.25517019134840935,0.38269064124783364,0.8897136797454931,0.0,0.7108606617779284,-0.03143975836517096,0.17247329694574237,Banks—Regional,Financial Services,OVBC
2013Q4,2013,Q4,2013-12-31,2013-12-31,1886000.0,9232000.0,0.0,0.47,9232000.0,1.0,747368000.0,80419000.0,630202000.0,0.0,666949000.0,0.0,56241000.0,89573194.59,88477194.59,19.760623678789795,0.0,0.036458612089358924,0.3388254019572489,0.0,19.760623678789795,0.023452169263482512,9.702469084705372,11.873435125927891,1.1138312412489586,0.45227995758218453,0.0,0.009522938239552633,0.012352683015596066,0.0,0.0025235225484634078,40.18537218034994,1.0,0.8076923076923075,0.19317636365980476,-0.019698933326873926,0.24820384988316513,-0.02861952861952862,0.7775683317624882,0.0,0.4281540193523465,-0.04008188287189431,0.1602219544105976,Banks—Regional,Financial Services,OVBC
2013Q3,2013,Q3,2013-09-30,2013-09-30,1061000.0,9504000.0,0.0,0.26,9504000.0,1.0,747506000.0,79046000.0,625055000.0,0.0,668460000.0,0.0,55208000.0,81934654.68,76523654.68,19.45889472808357,0.0,0.036770273415865556,0.34772157983958707,0.0,19.45889472808357,0.013422564076613618,8.62107056818182,19.30599780395853,1.0365439703463808,0.8039585296889726,0.0,0.010410735278392706,0.012714279216487894,0.0,0.001419386600241336,30.078801277533042,1.0,-0.4583333333333333,-0.4459609476427304,0.006127997339994971,0.2585375297267151,-0.030797470936161534,-0.45365602471678684,0.0,1.471677871505725,-0.018009515565787962,0.1409205687609458,Banks—Regional,Financial Services,OVBC
2013Q2,2013,Q2,2013-06-30,2013-06-30,1942000.0,9806000.0,0.0,0.48,9806000.0,1.0,752112000.0,78141000.0,628712000.0,0.0,673971000.0,0.0,55000000.0,89677215.50400001,77967215.50400001,19.23610926482274,0.0,0.037579509434765034,0.36170512279085243,0.0,19.23610926482274,0.02485251020590983,9.14513721231899,11.54444071884655,1.1476333231466196,0.4392378990731205,0.0,0.009511892125619717,0.013037951794413598,0.0,0.0025820622460484607,37.66367723813524,1.0,-0.3924050632911393,0.11178036017580954,0.06296144438842291,0.257208753618768,-0.20669848717741282,-0.3974557865342848,0.0,0.294777471288386,-0.008736306052140373,0.12142162507553786,Banks—Regional,Financial Services,OVBC
2013Q1,2013,Q1,2013-03-31,2013-03-31,3223000.0,12361000.0,0.0,0.79,12361000.0,1.0,834908000.0,78554000.0,702063000.0,0.0,756354000.0,0.0,53911000.0,77913072.72,-14506927.280000001,19.337778211040114,0.0,0.0274904540380497,0.29218117473330446,0.0,19.337778211040114,0.041029101000585586,6.303136697678181,6.04352099906919,0.9918409338798789,0.12596959354638534,0.0,0.005210935544270753,0.014805224048637695,0.0,0.00386030556660135,16.676599469178083,1.0,0.975,0.6529409486410169,0.3453928341078549,0.2774985403990038,0.34666085630242943,1.009351620947631,0.0,0.658425590561431,0.15744301462570814,0.14202105561417275,Banks—Regional,Financial Services,OVBC
2012Q4,2012,Q4,2013-03-18,2012-12-31,1604000.0,9179000.0,0.0,0.4,9179000.0,1.0,769223000.0,75820000.0,640800000.0,0.0,693403000.0,0.0,51094000.0,75847190.0,57981190.0,18.79326050180633,0.0,0.03612086482073469,0.36646003692957,0.0,18.79326050180633,0.021155367976787128,8.263121255038675,11.82156951371571,1.0003586125032973,1.0561097256857854,0.0,0.022334380482652027,0.011932820521487267,0.0,0.0020852210607327135,51.07554882154882,1.0,0.48148148148148145,0.6227181805618299,0.13502003657648212,0.2507504377959984,-0.037941515564406246,0.44896115627822947,0.0,0.05738030062751094,-0.02492522984499246,0.12554710510276362,Banks—Regional,Financial Services,OVBC
2012Q3,2012,Q3,2012-11-09,2012-09-30,1107000.0,9541000.0,0.0,0.27,9541000.0,1.0,795954000.0,75638000.0,658684000.0,0.0,720316000.0,0.0,51184000.0,73738733.7,45489733.7,18.771347574687194,0.0,0.042210982041675775,0.44419471694122004,0.0,18.771347574687194,0.014635500674264258,7.728616885022535,16.652830555555557,0.9748900512969673,0.7642276422764228,0.0,0.011472939085744023,0.01198687361329926,0.0,0.0013907838895212538,24.416799238410597,1.0,-0.3720930232558139,-0.38949322754590127,0.12661292382090808,0.2530842775273819,-0.04846913333998205,-0.35602094240837695,0.0,-0.3563268378200597,-0.020861507579187154,0.13191598159216478,Banks—Regional,Financial Services,OVBC
2012Q2,2012,Q2,2012-08-09,2012-06-30,1719000.0,10027000.0,0.0,0.43,10027000.0,1.0,801372000.0,74811000.0,673159000.0,0.0,726561000.0,0.0,50923000.0,77606995.14,37472995.14,18.56610808601396,0.0,0.04191436686083367,0.4489847749662483,0.0,18.56610808601396,0.022977904318883587,7.739802048469134,11.286648507853403,1.0373741179773028,0.5863874345549738,0.0,0.012988519890270292,0.012512291420214332,0.0,0.002145071202887049,43.23509478551532,1.0,-0.3384615384615385,0.04051278664129257,0.19935923437574077,0.2610243267832679,-0.19078363328222098,-0.34439359267734554,0.0,0.21718659445003505,0.08121107546846001,0.13161803883158427,Banks—Regional,Financial Services,OVBC
2012Q1,2012,Q1,2012-05-10,2012-03-31,2622000.0,12391000.0,0.0,0.65,12391000.0,1.0,853874000.0,73779000.0,729652000.0,0.0,780095000.0,0.0,50212000.0,70489125.0,-16021875.0,18.316761628123487,0.0,0.039341870111983736,0.4553192642892964,0.0,18.316761628123487,0.035538567885170576,5.688735775966427,6.720931064073226,0.9554090594884723,0.32227307398932115,0.0,0.011987664763890883,0.014511508723769549,0.0,0.0030707106669133856,17.217666096726916,1.0,0.9237086700955182,0.5498842933593068,0.536015681223763,0.27049705107845523,0.3545037166593791,0.9265246142542248,0.0,0.2641372938527679,0.1846417904721562,0.1296619246178579,Banks—Regional,Financial Services,OVBC
2011Q4,2011,Q4,2012-03-15,2011-12-31,1361000.0,9148000.0,0.0,0.33788900060824983,9148000.0,1.0,804177000.0,71843000.0,685176000.0,0.0,732334000.0,0.0,48435000.0,74517075.0,56683075.0,17.8361201107263,0.0,0.042025573971899224,0.4704146541764681,0.0,17.8361201107263,0.018944086410645437,8.145723108876258,13.687927075679648,1.0372210932171542,0.6171932402645114,0.0,0.0112725841694672,0.01137560512175802,0.0,0.0016924134860857747,33.29628016085791,1.0,0.5358590936738629,88.24894471753622,0.17625354234346335,0.2504368211199094,-0.010170958666955204,0.536117381489842,0.0,-0.1300485259058406,-0.018559929989469818,0.1266402392492997,Banks—Regional,Financial Services,OVBC
2011Q3,2011,Q3,2011-11-09,2011-09-30,886000.0,9242000.0,0.0,0.22,9242000.0,1.0,824116000.0,71086000.0,706357000.0,0.0,753030000.0,0.0,47914000.0,68200954.8,43877954.8,17.771251202483164,0.0,0.042428493076217426,0.49188307120952085,0.0,17.771251202483164,0.012463776270995696,7.379458428911491,19.244061738148986,0.9594147201980701,0.9480812641083521,0.0,0.01231654311091844,0.01121444068553456,0.0,0.0010750913706322896,17.349517883490204,1.0,-0.4340756784565916,-0.4848909806512021,0.11910456413857806,0.22746512516656334,-0.06086779798800935,-0.4302250803858521,0.0,-0.5301552550147587,-0.006407215902332908,0.14938627815521327,Banks—Regional,Financial Services,OVBC
2011Q2,2011,Q2,2011-08-09,2011-06-30,1555000.0,9841000.0,0.0,0.3887445575761939,9841000.0,1.0,838290000.0,70805000.0,705368000.0,0.0,767485000.0,0.0,47868000.0,69840977.76,60086977.760000005,17.701002185969397,0.0,0.04558327070584165,0.5396794011722336,0.0,17.701002185969397,0.021961725866817314,7.096939107814247,11.228453016077172,0.9863848281900995,0.5401929260450161,0.0,0.012027323026412337,0.011739374202245046,0.0,0.0018549666583163344,19.552345397536396,1.0,-0.23775576945844332,-0.09594281014129336,0.1896304811331823,0.2514570823579062,-0.23487793500233245,-0.23512051155927202,0.0,-0.09594297814434877,0.08332935923123733,0.15687921032563032,Banks—Regional,Financial Services,OVBC
2011Q1,2011,Q1,2011-05-10,2011-03-31,2033000.0,12862000.0,0.0,0.51,12862000.0,1.0,874288000.0,69433000.0,750160000.0,0.0,804855000.0,0.0,47153000.0,84481186.720056,36397186.720056,17.35800698790217,0.0,0.04348452683783833,0.5475494361470771,0.0,17.35800698790217,0.02928002534817738,6.568277617793189,10.388734225289719,1.2167296058078434,0.4131824889326119,0.0,0.00994304214479722,0.014711399447321706,0.0,0.0023253207181157696,14.098996448607476,1.0,0.5716706933744222,0.23961667052474964,0.5759456137315948,0.23659815564990663,0.3606262562149582,0.5662557781201849,0.0,0.058839342915865955,0.4216728414770764,0.14671025540157026,Banks—Regional,Financial Services,OVBC
2010Q4,2010,Q4,2011-03-16,2010-12-31,1298000.0,9453000.0,0.0,0.3244954570636011,9453000.0,1.0,851514000.0,68128000.0,732492000.0,0.0,783386000.0,0.0,45960000.0,78401097.60000001,59893097.60000001,17.031761555338225,0.0,0.04843490535681151,0.6053751761390324,0.0,17.031761555338225,0.019052372005636448,8.293779498571883,15.100365485362097,1.1507911225927667,0.6448382126348228,0.0,0.010675870945970022,0.011101402912929206,0.0,0.001524343698400731,26.840499007189322,1.0,2.244954570636011,-0.304529825768897,0.15664633115514875,0.2188015464863007,-0.0041087231352718075,2.0831353919239906,0.0,0.3244299873919412,0.1789445826993128,0.1335171573729228,Banks—Regional,Financial Services,OVBC
2010Q3,2010,Q3,2010-11-09,2010-09-30,421000.0,9492000.0,0.0,0.1,9492000.0,1.0,855100000.0,67949000.0,739043000.0,0.0,787151000.0,0.0,45499000.0,77289774.6,64991774.599999994,17.05543335870978,0.0,0.05970178926441352,0.7513134851138353,0.0,17.05543335870978,0.006195823338091804,8.142622692793932,45.89654073634204,1.1374674329276369,1.98812351543943,0.0,0.010829375610573977,0.011100456087007368,0.0,0.000492340077183955,19.833147190146263,1.0,-0.7297297297297298,-0.7422623328702643,0.18849641734887507,0.23497554397687181,-0.021645021645021644,-0.7138001359619307,0.0,-0.7651723480051924,0.13360783082834313,0.138538152531726,Banks—Regional,Financial Services,OVBC
2010Q2,2010,Q2,2010-08-09,2010-06-30,1471000.0,9702000.0,0.0,0.37,9702000.0,1.0,823694000.0,68339000.0,716696000.0,0.0,755355000.0,0.0,45915000.0,65616628.23,79163628.22999999,17.153324703834755,0.0,0.05296748549825542,0.6384202285664116,0.0,17.153324703834755,0.02152504426462196,6.763206372912801,11.15170432188987,0.9601637166186218,0.5690006798096533,0.0,0.012755912983918346,0.011778645953473013,0.0,0.0017858573693628945,47.20620735971223,1.0,-0.22916666666666666,-0.07693481616130898,0.2849418635472723,0.2804186571451918,-0.07370632041244987,-0.22822665267576075,0.0,-0.09944862783972809,0.17371813091948674,0.16506699392979923,Banks—Regional,Financial Services,OVBC
2010Q1,2010,Q1,2010-05-10,2010-03-31,1906000.0,10474000.0,0.0,0.48,10474000.0,1.0,836161000.0,67461000.0,727702000.0,0.0,768700000.0,0.0,45281000.0,85815553.86,96001553.86,16.932943675579047,0.0,0.06425198018085033,0.7963860600939803,0.0,16.932943675579047,0.02825336120128667,8.19319780981478,11.255975060335782,1.2720765162093652,0.4386149003147954,0.0,0.009741823741694371,0.012526295773182438,0.0,0.0022794653182820054,24.88850169953596,1.0,0.2765849933244326,0.6162586790257951,0.7236602806868685,0.5776915634800665,0.1267211703958692,0.27236315086782376,0.0,0.13907742847984605,0.312700413650505,0.1745119275270464,Banks—Regional,Financial Services,OVBC
2009Q4,2009,Q4,2010-03-16,2009-12-31,1498000.0,9296000.0,0.0,0.37600316665951306,9296000.0,1.0,811988000.0,66521000.0,700132000.0,0.0,745467000.0,0.0,44211000.0,87767718.27000001,128306718.27000001,16.697000433482955,0.0,0.06922392941767612,0.8449812841057711,0.0,16.697000433482955,0.02251920446174892,9.441449899956972,14.647483022363152,1.3193986601223675,0.5313751668891856,0.0,0.009069393800933318,0.011448445050912082,0.0,0.001844854850071676,-13.971301857688635,1.0,-0.12557403102438824,0.05297840556127605,0.4932550726287638,0.5652767270050195,-0.03488372093023256,-0.1188235294117647,0.0,98.31630143154797,0.208466632775295,0.1705765611954038,Banks—Regional,Financial Services,OVBC
2009Q3,2009,Q3,2009-11-09,2009-09-30,1700000.0,9632000.0,0.0,0.43,9632000.0,1.0,819977000.0,66053000.0,700301000.0,0.0,753924000.0,0.0,43509000.0,105549738.5,137566738.5,16.58369338357006,0.0,0.06700065977460343,0.8317411775392488,0.0,16.58369338357006,0.025736908240352446,10.95823697051495,15.522020367647059,1.597955255628056,0.4688235294117647,0.0,0.007550942440278997,0.011746670943209383,0.0,0.0020732288832491642,17.5186287966805,1.0,0.22857142857142862,0.11149208902414638,0.27216212641847204,0.2651613165285074,0.0507254281662485,0.2177650429799427,0.0,-0.0074117326369508565,0.17132108298167967,0.14544018554773552,Banks—Regional,Financial Services,OVBC
2009Q2,2009,Q2,2009-08-10,2009-06-30,1396000.0,9167000.0,0.0,0.35,9167000.0,1.0,824967000.0,65348000.0,707759000.0,0.0,759619000.0,0.0,42606000.0,116861484.06,130294484.06,16.406691523920735,0.0,0.07148407148407149,0.9024300667197159,0.0,16.406691523920735,0.02136255126400196,12.74806196792844,20.927916199856732,1.7882947306727062,0.5709169054441261,0.0,0.006820040036380144,0.011111959629900348,0.0,0.0016921888996771991,55.91458567464115,1.0,-0.3137254901960785,-0.5339244922144484,-0.0567781584787815,0.26610893467051744,-0.11370008701537272,-0.31935641150658217,0.0,-0.18490972217818744,0.11289673045275654,0.15994959437645992,Banks—Regional,Financial Services,OVBC
2009Q1,2009,Q1,2009-05-11,2009-03-31,2051000.0,10343000.0,0.0,0.51,10343000.0,1.0,821964000.0,64582000.0,713780000.0,0.0,757382000.0,0.0,42007000.0,83643189.0,97153189.0,16.21437460974856,0.0,0.07865064650033335,1.0010219565823295,0.0,16.21437460974856,0.03175807500541947,8.086936962196654,10.195415529010239,1.2951470843269022,0.38810336421257924,0.0,0.009516614676181225,0.012583276153213523,0.0,0.0024952431006710755,39.38003248587571,1.0,0.3130798901098901,0.430381458395455,0.37270568271101967,0.2947450171159086,0.12216556363241836,0.3257918552036199,0.0,0.2559445723986948,0.27272339966423315,0.15512487991312887,Banks—Regional,Financial Services,OVBC
2008Q4,2008,Q4,2009-03-16,2008-12-31,1547000.0,9217000.0,0.0,0.38839982535816514,9217000.0,1.0,781108000.0,63056000.0,677283000.0,0.0,718052000.0,0.0,40752000.0,71694162.0,144707162.0,15.831247180209736,0.0,0.11557172631697538,1.4316480588683076,0.0,15.831247180209736,0.02453374777975133,7.77847043506564,11.585999030381384,1.1369919119512815,0.48933419521654814,0.0,0.010558739775771422,0.011799904750687484,0.0,0.0019805199793114397,45.869585412667945,1.0,-0.17361739285496774,-0.08673554577944949,0.22326484361862797,0.26573160626952574,-0.008711550871155087,-0.1793103448275862,0.0,-0.1675677167947856,0.13259671557186845,0.13289212530097225,Banks—Regional,Financial Services,OVBC
2008Q3,2008,Q3,2008-11-07,2008-09-30,1885000.0,9298000.0,0.0,0.47,9298000.0,1.0,776565000.0,61823000.0,677507000.0,0.0,714742000.0,0.0,39962000.0,82169355.951491,127305355.951491,15.461513279074776,0.0,0.09433852929246103,1.1849958753214822,0.0,15.461513279074776,0.03049027061126118,8.837315116314368,10.897792566510743,1.329106577673212,0.40371352785145886,0.0,0.009261360165087083,0.011973241132422914,0.0,0.0024273563706837162,25.774578403855394,1.0,0.09302325581395345,0.2810481113124225,0.19651073368585403,0.2613299524623036,0.017064099759352438,0.08896591565569036,0.0,0.14981874614730376,0.15998379501048574,0.1195605746821948,Banks—Regional,Financial Services,OVBC
2008Q2,2008,Q2,2008-08-11,2008-06-30,1731000.0,9142000.0,0.0,0.43,9142000.0,1.0,790690000.0,61594000.0,689632000.0,0.0,729096000.0,0.0,38837000.0,100639525.0,137774525.0,15.300648527504476,0.0,0.09266210524984507,1.1895152125207,0.0,15.300648527504476,0.02810338669350911,11.008480091883614,14.534882293471982,1.6339176705523266,0.4442518775274408,0.0,0.007641133043900992,0.011562053396400613,0.0,0.002189227130733916,74.1632461311717,1.0,-0.10416666666666664,0.1944444402551241,0.16602876675035633,0.2746244476675996,-0.012636353817906901,-0.11908396946564885,0.0,0.07500010557482256,0.1982713247901019,0.1421247005636213,Banks—Regional,Financial Services,OVBC
2008Q1,2008,Q1,2008-05-12,2008-03-31,1965000.0,9259000.0,0.0,0.48,9259000.0,1.0,792014000.0,61968000.0,691065000.0,0.0,730046000.0,0.0,37876000.0,102384687.5,159312687.5,15.1372213740458,0.0,0.09517634789284028,1.2164504260263362,0.0,15.1372213740458,0.031709914794732764,11.057855869964358,13.026041666666668,1.6522186854505554,0.3938931297709924,0.0,0.007559724201922284,0.011690449916289359,0.0,0.0024810167497039196,40.02528831118061,1.0,0.9591226321036888,0.4285713972602739,0.1752930619834182,0.28156085903117506,0.12832074092127713,0.959122632103689,0.0,0.6216216050955413,0.48286693736683667,0.4103788989037386,Banks—Regional,Financial Services,OVBC
2007Q4,2007,Q4,2007-12-31,2007-12-31,1003000.0,8206000.0,0.0,0.24500763358778627,8206000.0,1.0,783418000.0,61511000.0,678236000.0,0.0,721907000.0,0.0,37763000.0,104390625.0,168675625.0,15.025587786259543,0.0,0.1027574040933448,1.3087415259059356,0.0,15.025587786259543,0.016306026564354342,12.721255788447477,26.019597457627118,1.697104989351498,0.732801595214357,0.0,0.007040862146385271,0.010474612531241304,0.0,0.0012802871519418753,51.85823397913562,1.0,-0.45553859202714164,-0.3590508851560956,0.016467790336015066,0.2960745413635899,-0.041467118327298214,-0.45280960174577195,0.0,-0.31386815260726925,0.282827879513101,0.4085885045699123,Banks—Regional,Financial Services,OVBC
2007Q3,2007,Q3,2007-11-09,2007-09-30,1833000.0,8561000.0,0.0,0.45,8561000.0,1.0,779446000.0,61019000.0,682769000.0,0.0,718427000.0,0.0,37495000.0,101833325.0,159311325.0,14.980115792153502,0.0,0.09609132640362514,1.2274537439158295,0.0,14.980115792153502,0.03003982366148249,11.895026866020325,13.888887752318603,1.668878955735099,0.4026186579378069,0.0,0.007247136435935878,0.010983442085789137,0.0,0.002351670288897499,22.39571695623488,1.0,0.09756097560975618,0.37195117610075096,0.09340749947388544,0.31022446367156264,0.0033989685888420064,0.08718861209964412,0.0,0.1718750060777591,0.1056352010872623,0.14282521866491793,Banks—Regional,Financial Services,OVBC
2007Q2,2007,Q2,2007-08-09,2007-06-30,1686000.0,8532000.0,0.0,0.41,8532000.0,1.0,762999000.0,60544000.0,666708000.0,0.0,702455000.0,0.0,36400000.0,103216094.5,170544094.5,14.723037210054484,0.0,0.10775767727087454,1.3580040961945032,0.0,14.723037210054484,0.027847515856236786,12.09752631270511,15.30487759489917,1.7048112860068712,0.4454329774614472,0.0,0.00727599705877265,0.011182190278099972,0.0,0.0022097014543924695,31.05177331528279,1.0,-0.023809523809523832,0.31410246321343455,0.10929205131948072,0.330395497839496,0.008034026465028356,-0.05014084507042253,0.0,-0.4547872286036229,-0.14969437642483394,0.13618086437220986,Banks—Regional,Financial Services,OVBC
2007Q1,2007,Q1,2007-05-10,2007-03-31,1775000.0,8464000.0,0.0,0.42,8464000.0,1.0,769331000.0,60929000.0,674437000.0,0.0,708402000.0,0.0,35465000.0,106753559.4,155256559.4,14.417004441352613,0.0,0.08694177148717522,1.097785947578329,0.0,14.417004441352613,0.02913226870619902,12.612660609640832,15.035712591549295,1.7520976776247765,0.40225352112676055,0.0,0.006688301579947132,0.011001766469828981,0.0,0.0023071993719218386,76.19811520342613,1.0,109.9374875,0.4583334231052014,0.13764494708983535,0.33306219039765594,0.03725490196078431,109.9375,0.0,0.16666679812208066,0.058690049611017134,0.15122199353630716,Banks—Regional,Financial Services,OVBC
