Quarters,Year,Quarter,FillingDate,Date,NetIncome,Revenue,OperatingIncome,EPSDiluted,GrossProfit,GrossProfitRatio,TotalAssets,CommonStockEquity,CurrentAssets,CurrentLiability,TotalLiability,Inventory,RetainedEarnings,MarketCap,EnterpriseValue,bookValuePerShare,currentRatio,debtToAssets,debtToEquity,roic,shareholdersEquityPerShare,roe,priceToSalesRatio,peRatio,pbRatio,payoutRatio,inventoryTurnover,dividendYield,assetTurnover,quickRatio,returnOnAssets,priceToFreeCashFlowsRatio,grossProfitMargin,epsdilutedGrowth,fiveYNetIncomeGrowthPerShare,fiveYRevenueGrowthPerShare,fiveYShareholdersEquityGrowthPerShare,grossProfitGrowth,netIncomeGrowth,operatingIncomeGrowth,threeYNetIncomeGrowthPerShare,threeYRevenueGrowthPerShare,threeYShareholdersEquityGrowthPerShare,Industry,Sector,Symbol
2023Q1,2023,Q1,2023-05-04,2023-03-31,1802300000.0,5897800000.0,2532400000.0,2.45,3313600000.0,0.561836617,52014400000.0,-5776100000.0,6798700000.0,4624700000.0,57790500000.0,51500000.0,60235000000.0,204124175380.62,250335275380.62,-7.9121217170307645,1.470084546024607,0.9597188470884985,-8.642371150083967,0.03536169868279395,-7.9121217170307645,-0.31202714634441925,34.61022336814066,28.31440040234978,-35.339446231993904,0.6165455251622927,50.17864077669903,0.00544374520033211,0.1133878310621674,1.2505892274093455,0.03465001999446307,106.45883768677375,0.5618366170436434,-0.05405405405405393,0.4093670327978912,0.23437159770305271,-0.31652520607728823,-0.027956232215670743,-0.05311547756646002,-0.019475742440082086,0.6584055412999513,0.27419430007799767,0.36695859261038166,Restaurants,Consumer Cyclical,MCD
2022Q4,2022,Q4,2023-02-24,2022-12-31,1903400000.0,5926500000.0,2582700000.0,2.59,3408900000.0,0.5751961529,50435600000.0,-6003400000.0,5424200000.0,3802100000.0,56439000000.0,52000000.0,59543900000.0,192719488999.99997,238834688999.99997,-8.209216463831533,1.426632650377423,0.9655679718294221,-8.111903254822268,0.03833311638653601,-8.209216463831533,-0.3170536695872339,32.51826356196743,25.312531391194703,-32.10172385648132,0.5839550278449092,48.41538461538462,0.005767449912655175,0.1175062852429633,1.235843349727782,0.03773921595063804,115.22839402092674,0.5751961528726904,-0.03358208955223892,1.9581415005433607,0.20509251473283047,-0.9947793127076562,-0.010794811526072952,-0.03946306015341138,-0.06555953543905352,0.2354925792293638,0.1306900203611007,0.25379849129051646,Restaurants,Consumer Cyclical,MCD
2022Q3,2022,Q3,2022-11-07,2022-09-30,1981600000.0,5872100000.0,2763900000.0,2.68,3446100000.0,0.5868598968,48501600000.0,-6566200000.0,5740800000.0,3486100000.0,55067800000.0,43400000.0,58752000000.0,168999488840.08002,213459088840.08002,-8.965027044748561,1.6467685952783913,0.9749760832632326,-7.201714842679175,0.04063548850604685,-8.965027044748561,-0.3017879443209162,28.78007677663528,21.321090134245058,-25.737791849179132,0.5120609608397255,55.89861751152074,0.006004160172106705,0.1210702327345902,1.3534322021743495,0.040856384119286784,88.82088024390603,0.5868598968001226,0.675,0.1449886765732919,0.11064492739906515,-1.0550926949918864,0.04360861270100845,0.6680134680134681,0.6146161934805467,0.2671944276159497,0.11181345038007265,0.2148685883791929,Restaurants,Consumer Cyclical,MCD
2022Q2,2022,Q2,2022-08-04,2022-06-30,1188000000.0,5718400000.0,1711800000.0,1.6,3302100000.0,0.5774517348,49247800000.0,-6369800000.0,4919300000.0,3480100000.0,55617600000.0,43300000.0,57785100000.0,181633879864.48,227346879864.48,-8.657945451439593,1.4135513347317605,0.9662462079524364,-7.470485729536249,0.0266152463189764,-8.657945451439593,-0.18650507080285095,31.76305957339116,38.222617816599325,-28.514848168620677,0.855976430976431,55.80369515011547,0.005598625106498444,0.11611483152546916,1.0658314416252406,0.024122904982557595,1007.9571579604884,0.5774517347509793,0.08108108108108115,-0.062473928982919355,0.040669780797160215,-2.505401625114879,0.08262024195928003,0.07569721115537849,-0.25979417106287295,-0.19156633006373752,0.10512769612327322,0.03430468923957243,Restaurants,Consumer Cyclical,MCD
2022Q1,2022,Q1,2022-05-02,2022-03-31,1104400000.0,5665600000.0,2312600000.0,1.48,3050100000.0,0.5383542785,50877700000.0,-5990800000.0,4656400000.0,4234600000.0,56868500000.0,49600000.0,57614000000.0,182875164850.4,228091964850.4,-8.100635344399306,1.0996079913096868,0.9346432720032548,-7.937587634372705,0.030061881956116438,-8.100635344399306,-0.18434933564799358,32.278163804433774,41.39694966733068,-30.52600067610336,0.9281963056863455,52.73185483870968,0.005605463163019304,0.11135723509513991,0.9469135219383177,0.021706956092747903,105.58002704832285,0.5383542784524146,-0.32110091743119273,0.0019611306953177567,0.10012094590003327,-2.2512242520515464,-0.06467341306347746,-0.32609226263119356,-0.037779811933094785,-0.14163322078869978,0.180388677935897,0.05581038102128232,Restaurants,Consumer Cyclical,MCD
2021Q4,2021,Q4,2022-02-24,2021-12-31,1638800000.0,6009100000.0,2403400000.0,2.18,3261000000.0,0.54267694,53854300000.0,-4601000000.0,7148500000.0,4020000000.0,58455300000.0,55600000.0,57534700000.0,199658536000.0,244298436000.0,-6.17749731471536,1.7782338308457712,0.9163446558584922,-10.725733536187786,0.03195627096435815,-6.17749731471536,-0.35618343838296024,33.22602985472034,30.458038808884552,-43.39459595740056,0.627959482548206,49.42625899280576,0.005154300039543513,0.11158069086405356,1.6372139303482587,0.03043025348022349,100.8733067245996,0.5426769399743722,-0.23776223776223768,0.5091836283856772,0.09540196215602431,-1.293948672036416,-0.049659031299178175,-0.2377319875343039,-0.13785557986870897,0.19258615545940572,0.1987251607270023,0.24281634441420283,Restaurants,Consumer Cyclical,MCD
2021Q3,2021,Q3,2021-11-02,2021-09-30,2149900000.0,6201300000.0,2787700000.0,2.86,3431400000.0,0.5533355909244836,52727000000.0,-5675000000.0,6795900000.0,5095600000.0,58402000000.0,50100000.0,55897700000.0,180168344903.97,224678644903.97,-7.594559692099661,1.3336800376795668,0.9258273749691809,-8.601955947136563,0.039184517578226385,-7.594559692099661,-0.37883700440528634,29.053318643505396,20.950782001950092,-31.747725974267844,0.44834643471789387,55.287425149700596,0.00534999641870363,0.11761147040415726,1.2038425308108958,0.04077417641815389,85.13365066577045,0.5533355909244836,-0.03050847457627129,0.8733491935717721,0.07279647944902286,-2.883291482159501,0.06581767355179376,-0.03127112152480512,0.08724648985959438,0.354660763462069,0.19150957689981432,0.13807321042362672,Restaurants,Consumer Cyclical,MCD
2021Q2,2021,Q2,2021-08-04,2021-06-30,2219300000.0,5887900000.0,2564000000.0,2.95,3219500000.0,0.5467993681957913,51893100000.0,-5808000000.0,5701200000.0,3934800000.0,57701100000.0,47800000.0,55739000000.0,172503072136.25,218715672136.25,-7.777194361734945,1.4489173528514792,0.9492976908298021,-8.481749311294767,0.04180064681885136,-7.777194361734945,-0.38211088154269973,29.29789434879159,19.432148891119947,-29.700942172219353,0.43405578335511197,55.82426778242678,0.005584248373496479,0.11346209804386324,1.2345481345938802,0.04276676475292476,137.9362483098113,0.5467993681957913,0.43902439024390266,1.3204126583420688,0.07391272584069913,-11.369940689988319,0.20657347374732976,0.4437288576632839,0.21984870831152767,0.5407908346432284,0.14244820418334983,-0.031199891763196725,Restaurants,Consumer Cyclical,MCD
2021Q1,2021,Q1,2021-05-05,2021-03-31,1537200000.0,5124600000.0,2101900000.0,2.05,2668300000.0,0.5206845412324864,51103100000.0,-7235500000.0,5467900000.0,4579800000.0,58338600000.0,45300000.0,54483000000.0,167247504015.75998,213780404015.75998,-9.696796251423748,1.1939167649242326,0.9696593748715832,-6.848538456222791,0.02947027651994024,-9.696796251423748,-0.2124524911892751,32.63620653626819,27.20002342176685,-23.11485094544399,0.626008326827999,54.22295805739515,0.005753748049413766,0.10027963078560792,1.0379055853967423,0.03008036694447108,95.28143566100381,0.5206845412324864,0.11413043478260855,0.6461694694231968,0.02118573887577891,-3.2035738068560464,-0.040248902956621826,0.11617775196049956,0.04995254508217194,0.17605834481936444,0.0493426324735351,-0.6134833537401568,Restaurants,Consumer Cyclical,MCD
2020Q4,2020,Q4,2021-02-23,2020-12-31,1377200000.0,5313800000.0,2001900000.0,1.84,2780200000.0,0.5232037336745832,52626800000.0,-7824900000.0,6243200000.0,6181200000.0,60451700000.0,51100000.0,53908100000.0,159947932000.0,207962032000.0,-10.497585189160182,1.0100304148061865,0.9778895923749876,-6.576850822374727,0.026127952671788756,-10.497585189160182,-0.1760022492300221,30.100480258948398,29.034986203891958,-20.440891512990586,0.6982282892826024,49.5812133072407,0.006011956440924788,0.10097136820023259,0.8994046463469877,0.026169176161195438,104.56163430738053,0.5232037336745832,-0.2170212765957447,0.3889922192097825,0.019410324650962717,-2.343022651212694,-0.042861569180982544,-0.21865426075116307,-0.15681071518827394,1.0998684013919984,0.060067426067928656,-1.5508361073170442,Restaurants,Consumer Cyclical,MCD
2020Q3,2020,Q3,2020-11-09,2020-09-30,1762600000.0,5418100000.0,2374200000.0,2.35,2904700000.0,0.536110444620808,50699300000.0,-8472100000.0,6736100000.0,6280200000.0,59171400000.0,44200000.0,53492500000.0,163544410756.12,211147010756.12,-11.370252400572571,1.0725932295149836,1.011580041539035,-6.053564051415823,0.03354443231507516,-11.370252400572571,-0.2080475915062381,30.184826923851535,23.196472647810054,-19.303881063268847,0.5281402473618518,56.86425339366516,0.005692031881102759,0.1068673531981704,0.9674214197000095,0.034765765996769185,64.15267357946102,0.536110444620808,2.6153846153846154,0.6591215154248563,0.009348236900879514,-2.25640868002155,0.683591259491103,2.643241008681273,1.2017991282574423,0.0011070015883249324,0.0073267008327687864,-1.6064531129683854,Restaurants,Consumer Cyclical,MCD
2020Q2,2020,Q2,2020-08-10,2020-06-30,483800000.0,3761500000.0,1078300000.0,0.65,1725300000.0,0.4586734015685232,49938900000.0,-9463100000.0,6609400000.0,7246100000.0,59402000000.0,42600000.0,52660800000.0,137264590757.58,185931190757.58002,-12.71746812025957,0.9121320434440595,1.0397165336040641,-5.486817216345595,0.014458926584227361,-12.71746812025957,-0.051124895647303735,36.49198212350924,70.9304416895308,-14.505245718377699,1.9216618437370814,47.798122065727696,0.006773050463115595,0.07532204353720247,0.8429776017443866,0.009687838538694284,-264.9384110356688,0.4586734015685232,-0.5578231292517006,-0.49073065933701115,-0.2672901245361428,-2.1341307714665994,-0.26329049062726845,-0.5629234799891589,-0.38456709091946806,-0.6225052149771672,-0.32317302636163336,-4.149008349168114,Restaurants,Consumer Cyclical,MCD
2020Q1,2020,Q1,2020-05-07,2020-03-31,1106900000.0,4714400000.0,1752100000.0,1.47,2341900000.0,0.4967546241303241,50568000000.0,-9293400000.0,7556900000.0,3987800000.0,59861400000.0,39100000.0,53106700000.0,122947014693.7,169878714693.7,-12.498584807677654,1.895004764531822,1.0344783262142065,-5.628887167236964,0.023893014297880915,-12.498584807677654,-0.1191060322379323,26.07903756441965,27.768320239791308,-13.229497782695244,0.8408166952750926,60.67774936061381,0.007569927601078146,0.09322891947476665,1.7741862681177591,0.021889337130200918,115.60603168189938,0.4967546241303241,-0.2932692307692308,0.7583484313781749,0.01987138279113943,-2.050580063848782,-0.17715470292681212,-0.2959547131408218,-0.200866590649943,-0.001185557479085193,-0.08951477617879629,-4.016359867518255,Restaurants,Consumer Cyclical,MCD
2019Q4,2019,Q4,2020-02-26,2019-12-31,1572200000.0,5349000000.0,2192500000.0,2.08,2846100000.0,0.5320807627593943,47510800000.0,-8210300000.0,3557900000.0,3621000000.0,55721100000.0,50200000.0,52930500000.0,147476343000.0,194133843000.0,-11.001339943722364,0.9825738746202707,1.0009513626375477,-5.792236580880114,0.032257004028875866,-11.001339943722364,-0.19149117571830507,27.570825014021313,23.450633348174534,-17.962357404723335,0.5948352626892253,49.85856573705179,0.006341356050576871,0.1125849280584625,0.8623860811930406,0.03309142342372681,127.42037584240539,0.5320807627593943,-0.014218009478672893,0.848293806010945,0.050097372736978465,-1.8241547164026846,-0.019735482537714403,-0.02220287331301698,-0.07089583863039241,0.444941113290232,-0.02688782231078956,-3.08523191008233,Restaurants,Consumer Cyclical,MCD
2019Q3,2019,Q3,2019-11-04,2019-09-30,1607900000.0,5430600000.0,2359800000.0,2.11,2903400000.0,0.53463705667882,45805000000.0,-8599200000.0,3604900000.0,4275600000.0,54404200000.0,42600000.0,51359500000.0,161696668025.46,205954568025.46,-11.41850512163482,0.8431331275142671,0.9919266455627115,-5.283654293422644,0.03567296414931385,-11.41850512163482,-0.18698251000093033,29.775101835056898,25.14097083547795,-18.803687322711415,0.5453697369239381,59.32394366197183,0.005423117314092875,0.11855910926754722,0.7443633642061933,0.03510315467743696,93.03605755204832,0.53463705667882,0.07106598984771569,0.944822964599139,0.004397850241944524,-1.815544701899989,0.026117688637568474,0.05999077065066913,0.02760843058700575,0.39018942411710533,-0.06782622586067497,-4.838572014117663,Restaurants,Consumer Cyclical,MCD
2019Q2,2019,Q2,2019-08-06,2019-06-30,1516900000.0,5341300000.0,2296400000.0,1.97,2829500000.0,0.529739950948271,46199800000.0,-6808800000.0,3915400000.0,3240000000.0,53008600000.0,44200000.0,51562500000.0,156673333096.2,200831933096.2,-8.965504289983532,1.2084567901234569,0.9803743739150386,-6.652141346492774,0.033936485083061387,-8.965504289983532,-0.22278521912818705,29.332434631306988,25.821302178159407,-23.01041785574551,0.5821082470828663,56.828054298642535,0.005635930394471301,0.11561305460196797,0.9844135802469136,0.03283347546959078,118.003564883784,0.529739950948271,0.14534883720930233,0.41394833240949774,-0.03837870478808824,-1.5449424800476008,0.11560146670346567,0.14190003011141222,0.1272334576870214,0.5596026497695229,-0.042004795816611054,-12.954407131754492,Restaurants,Consumer Cyclical,MCD
2019Q1,2019,Q1,2019-05-08,2019-03-31,1328400000.0,4955600000.0,2037200000.0,1.72,2536300000.0,0.5118048268625394,46466600000.0,-6550900000.0,4964400000.0,3379600000.0,53017500000.0,40800000.0,50928600000.0,143846385863.03,186846685863.03,-8.579458174049144,1.4689312344656171,0.9746656738388434,-6.913462272359523,0.02889862204256832,-8.579458174049144,-0.2027812972263353,29.02703726350593,27.071361386447983,-21.95826311850738,0.6675700090334237,59.29656862745098,0.0061649098423954,0.10664864655472964,1.2669546691916203,0.028588276310295997,95.55994543481698,0.5118048268625394,-0.05494505494505499,0.42729292056142887,-0.0425828567070519,-1.525157414224227,-0.059480105313902173,-0.061400409807108036,-0.02381522832910058,0.3901837345611387,-0.034971405306362516,-2.9496613952856716,Restaurants,Consumer Cyclical,MCD
2018Q4,2018,Q4,2019-02-22,2018-12-31,1415300000.0,5163000000.0,2086900000.0,1.82,2696700000.0,0.5223126089482859,32811200000.0,-6258400000.0,4053200000.0,2973500000.0,39069600000.0,51100000.0,50487000000.0,136213947000.0,166423247000.0,-8.158519097901186,1.3631074491340172,0.9470942848783342,-4.965374536622779,0.06795435108748579,-8.158519097901186,-0.22614406238016108,26.3827129575828,24.060967109446757,-21.764979387702926,0.6306083515862362,48.26418786692759,0.006552192485839941,0.1573548056761106,1.1123255422902303,0.04313466133515385,213.56843367826906,0.5223126089482859,-0.13333333333333333,0.3080090519314019,-0.06023651001346811,-1.5047063539330117,-0.044434995216328266,-0.13558907958223906,-0.09536607568598553,0.3870391237416917,-0.03753852652790616,-2.043771091293161,Restaurants,Consumer Cyclical,MCD
2018Q3,2018,Q3,2018-11-01,2018-09-30,1637300000.0,5369400000.0,2306900000.0,2.1,2822100000.0,0.5255894513353447,34053700000.0,-6792600000.0,5553100000.0,3626700000.0,40846300000.0,41900000.0,49076200000.0,128487611367.49998,157808311367.5,-8.811142412492245,1.5311715884964292,0.9366148171857978,-4.695580484645055,0.0697021273952827,-8.811142412492245,-0.24104172187380385,23.92960318983499,19.618825408828556,-18.915821830742278,0.4762719110731082,60.79474940334129,0.006069067606600746,0.15767449645706633,1.3349050100642457,0.048079944323230664,72.70277336473715,0.5255894513353447,0.10526315789473695,0.38831805149689014,-0.05366385287743132,-1.5781345396098565,0.030151487497718562,0.09423244001871282,0.04983161918631109,0.4896006019372313,-0.03319938357559452,-1.9736279739404736,Restaurants,Consumer Cyclical,MCD
2018Q2,2018,Q2,2018-08-02,2018-06-30,1496300000.0,5353900000.0,2197400000.0,1.9,2739500000.0,0.51168307215301,32708400000.0,-5851000000.0,4355600000.0,2970300000.0,38559400000.0,49600000.0,49106700000.0,121560166086.20999,150916566086.21,-7.541888264201727,1.4663838669494664,0.9471542478384758,-5.294804306956076,0.06483531656036913,-7.541888264201727,-0.2557340625534097,22.704975081008236,20.310125991814807,-20.7759641234336,0.52536256098376,52.70967741935484,0.006466756547885109,0.16368578102261191,1.2930343736322931,0.04574665835076005,167.0930118023505,0.51168307215301,0.10465116279069764,0.38061903244023054,-0.026132025739512704,-1.4969590432759214,0.08379158919175535,0.08790170132325142,0.1016745212072596,0.5107169808791435,0.0002855650943570479,-1.672577864910694,Restaurants,Consumer Cyclical,MCD
2018Q1,2018,Q1,2018-05-08,2018-03-31,1375400000.0,5138900000.0,1994600000.0,1.72,2527700000.0,0.49187569324174435,33722900000.0,-4718800000.0,4909300000.0,2821400000.0,38441700000.0,53800000.0,48396500000.0,122786041499.23999,151187541499.24,-6.009852056388409,1.740022683774013,0.9153868736081416,-6.541811477494278,0.05556771387308519,-6.009852056388409,-0.2914724082393829,23.893448305909825,22.31824223848335,-26.02060725168263,0.5798313217972954,48.53531598513011,0.006495037955962904,0.152386064069223,1.5664563691784221,0.04078534171141865,112.4002576887953,0.49187569324174435,0.9770114942528736,0.38259408941883444,-0.0066200187560095354,-1.395658757732485,-0.05169761770774714,0.968512952626306,-0.02602666145807901,1.069052783464544,0.05277398247278363,-1.505163652867627,Restaurants,Consumer Cyclical,MCD
2017Q4,2017,Q4,2018-02-23,2017-12-31,698700000.0,5340200000.0,2047900000.0,0.87,2665500000.0,0.4991386090408599,33803700000.0,-3268000000.0,5327200000.0,2890600000.0,37071700000.0,58800000.0,48325800000.0,136680492000.0,163753092000.0,-4.1153507114972925,1.8429391821767107,0.873762339625544,-9.038066095471237,0.02889558391293506,-4.1153507114972925,-0.21380048959608322,25.59463915209168,48.905285530270504,-41.82389596083232,1.1475597538285387,45.48809523809524,0.005866235834152543,0.15797678952304037,1.5360132844392167,0.02066933501362277,291.49177223288547,0.4991386090408599,-0.6249999999999999,-0.3680684551468016,-0.0300768370990887,-1.2698162733704514,-0.053948535936113574,-0.6290810638636726,-0.09002443901355255,-0.2280446080274829,-0.01473571095548201,-1.3082975088381863,Restaurants,Consumer Cyclical,MCD
2017Q3,2017,Q3,2017-11-02,2017-09-30,1883700000.0,5754600000.0,2250500000.0,2.32,2817500000.0,0.48960831334932053,32559600000.0,-3477600000.0,4790300000.0,3740200000.0,36037200000.0,54200000.0,47631500000.0,124903037927.84001,150850237927.84003,-4.362346801482818,1.2807603871450726,0.8789542869077016,-8.229353577179664,0.05980528481115196,-4.362346801482818,-0.5416666666666666,21.704903542877005,16.57682193659288,-35.91644752928457,0.40096618357487923,54.190036900369,0.006047090707564359,0.1767405004975491,1.1336826907651998,0.05785390483912579,98.53505674332598,0.48960831334932053,0.3647058823529411,0.6304703693729529,0.013275432802799586,-1.315446752308831,0.040282085364052575,0.35022579026593076,0.03092075125973431,1.1523958043106526,0.005454589386137757,-1.3115722052844612,Restaurants,Consumer Cyclical,MCD
2017Q2,2017,Q2,2017-08-08,2017-06-30,1395100000.0,6049700000.0,2183000000.0,1.7,2708400000.0,0.4476916210721193,32785200000.0,-2000600000.0,5892500000.0,2743300000.0,34785800000.0,56700000.0,47300600000.0,124059081247.08,150027481247.08002,-2.469886870996089,2.1479604855466046,0.8650488635115845,-14.176147155853243,0.056046448999957865,-2.469886870996089,-0.6973407977606718,20.506650122663935,22.231216623733065,-62.0109373423373,0.5458390079564189,58.929453262786595,0.006138204413132582,0.18452533460219855,1.4033098822585937,0.04255273721069263,146.8676231171777,0.4476916210721193,0.15646258503401358,0.2894391851538494,0.08905109205410033,-1.177463022542747,0.1148431711533712,0.14841949292064538,0.14407001729469104,0.2192550957329516,0.021183036281279873,-1.1501249939081888,Restaurants,Consumer Cyclical,MCD
2017Q1,2017,Q1,2017-05-08,2017-03-31,1214800000.0,5675900000.0,1908100000.0,1.47,2429400000.0,0.42802022586726335,32120300000.0,-2030800000.0,5907200000.0,3220700000.0,34151100000.0,56800000.0,46666900000.0,105641244474.48001,130436144474.48001,-2.4915646280897867,1.8341354363958147,0.8470375432358975,-13.39723261768761,0.050937274544614004,-2.4915646280897867,-0.5981879062438448,18.612245542465516,21.740460255696412,-52.01952160453024,0.6343431017451432,57.15669014084507,0.007294499452684463,0.17670756499783627,1.1640016145558418,0.03782031923736702,94.63517376554691,0.42802022586726335,0.020833333333333353,0.1957334683710921,0.08099155635956083,-1.1727116944500768,-0.05034790086779767,0.017931959108429697,-0.011705599005542031,0.22274286864123072,0.027272828698072408,-1.1525112205125,Restaurants,Consumer Cyclical,MCD
2016Q4,2016,Q4,2017-03-01,2016-12-31,1193400000.0,6028900000.0,1930700000.0,1.44,2558200000.0,0.42432284496342615,31023900000.0,-2204300000.0,4848600000.0,3468300000.0,33228200000.0,58900000.0,46222700000.0,99633130278.44,124365430278.44,-2.6929535913422975,1.3979759536372287,0.8366356260818273,-11.775030621966158,0.05591613816731197,-2.6929535913422975,-0.5413963616567617,16.52592185613296,20.871696471937323,-45.19944212604455,0.6477291771409418,58.92529711375212,0.0077584634532683406,0.19433082236598234,0.7777585560649309,0.03846711728699487,694.7917034758717,0.42432284496342615,-0.040000000000000036,0.07630363575093849,0.09708011662433182,-1.1901780586287352,-0.06872952311612668,-0.06429355496314881,-0.10785083868582783,0.03361410580471216,0.02840617371380762,-1.1665928304006579,Restaurants,Consumer Cyclical,MCD
2016Q3,2016,Q3,2016-11-04,2016-09-30,1275400000.0,6424100000.0,2164100000.0,1.5,2747000000.0,0.4276085366043492,32486900000.0,-1624100000.0,4302100000.0,4476700000.0,34111000000.0,90500000.0,45030000000.0,95799976810.72,119540276810.72,-1.9557016842517114,0.960998056604195,0.8005380630346386,-16.01317652853888,0.05943707147728088,-1.9557016842517114,-0.7852964718921248,14.912591150623435,18.77841791020856,-58.98650133041069,0.5842088756468559,40.63093922651934,0.007777663678062847,0.19774432155730465,0.807849532021355,0.03925890128020833,51.901601912839965,0.4276085366043492,0.2,0.04256913338230559,0.10452476352864142,-1.1500284735507116,0.06225831399845321,0.1669869155457956,0.08754208754208755,0.003923880300800714,0.05105544608248507,-1.1283214638814667,Restaurants,Consumer Cyclical,MCD
2016Q2,2016,Q2,2016-08-04,2016-06-30,1092900000.0,6265000000.0,1989900000.0,1.25,2586000000.0,0.4127693535514765,33146500000.0,640000000.0,5046600000.0,2667200000.0,32506500000.0,87400000.0,45272500000.0,102693581635.92,125575581635.92,0.7499748160800431,1.8920965806838632,0.7846982335993242,40.640625,0.04945131922152594,0.7499748160800431,1.70765625,16.391633142205905,23.49107458045567,160.458721306125,0.6947570683502607,42.09382151029748,0.007393840860395244,0.18900939767396255,1.6478329334133173,0.03297180697811232,114.62616546034155,0.4127693535514765,0.016260162601626032,-0.04851188979994284,0.11387353370329716,-0.9474514061040701,0.11778690296088178,-0.005188421627525942,0.14658599827139154,-0.08324704932534607,0.03601874857623129,-0.950581770237931,Restaurants,Consumer Cyclical,MCD
2016Q1,2016,Q1,2016-05-06,2016-03-31,1098600000.0,5903900000.0,1735500000.0,1.23,2313500000.0,0.39185961821846577,33795400000.0,3863000000.0,5051600000.0,2858700000.0,29932400000.0,93700000.0,44912400000.0,110329134496.08,130371634496.08,4.400486256123489,1.7670969321719663,0.6909993667777271,6.045198032617137,0.04444059584704877,4.400486256123489,0.2843903701786177,18.68750054981961,25.10675734937193,28.56048006629045,0.7107227380302202,38.31803628601921,0.007077006482161263,0.17469537274303604,1.564417392521076,0.03250738266154565,83.1229823672719,0.39185961821846577,-0.06106870229007639,0.07401283818463592,0.1417742636378004,-0.6841034699152656,-0.0769998005186515,-0.08920577018736528,-0.05236431145571694,-0.012245490782494702,0.020770193787323407,-0.7102938792534946,Restaurants,Consumer Cyclical,MCD
2015Q4,2015,Q4,2016-02-25,2015-12-31,1206200000.0,6341300000.0,1831400000.0,1.31,2506500000.0,0.39526595493037703,37938700000.0,7087900000.0,9643000000.0,2950400000.0,30850800000.0,100100000.0,44594500000.0,107129352000.0,123565952000.0,7.816387295985884,3.2683703904555315,0.6358177797341501,3.4032788272972248,0.04137228652441317,7.816387295985884,0.17017734448849448,16.893910081529025,22.203894876471562,15.114399469518474,0.6747637207759907,38.30969030969031,0.007597357631734765,0.16714594859602463,3.04507863340564,0.03179339302611845,136.2968854961832,0.39526595493037703,-0.06428571428571418,0.11096798914893166,0.16763947373588617,-0.4458117644158253,-0.03272488712229383,-0.0786739993889398,-0.08763014995267275,-0.04465045626029814,0.008606569814833497,-0.48753128487177344,Restaurants,Consumer Cyclical,MCD
2015Q3,2015,Q3,2015-11-04,2015-09-30,1309200000.0,6615100000.0,2007300000.0,1.4,2591300000.0,0.3917249928194585,32959500000.0,8309800000.0,4492600000.0,2956500000.0,24649700000.0,99300000.0,44202000000.0,90473184460.19,106011184460.19,9.049804081564883,1.519567055640115,0.5458365569866048,2.1649738862547836,0.05319483905978336,9.049804081564883,0.15754891814484104,13.676767465373162,17.276425385768025,10.887528515751281,0.6027344943476932,40.521651560926486,0.008721921359441257,0.2007038941731519,1.2138339252494503,0.03972147635734766,58.95170682230403,0.3917249928194585,0.11111111111111104,0.08495633232923988,0.2071995872803637,-0.2989207370281202,0.04051557982653389,0.08882235528942116,0.05758693361433088,-0.016180980424701584,0.011246031294524575,-0.3455973501257432,Restaurants,Consumer Cyclical,MCD
2015Q2,2015,Q2,2015-08-05,2015-06-30,1202400000.0,6497700000.0,1898000000.0,1.26,2490400000.0,0.38327408159810394,34947900000.0,10560900000.0,5972200000.0,2760800000.0,24387000000.0,102300000.0,43681600000.0,89537899231.59,103440999231.59,11.213405402812583,2.1632135612865837,0.5122367867597195,1.695082805442718,0.0468238276860805,11.213405402812583,0.11385393290344573,13.779937398093171,18.616496014552144,8.47824515255234,0.6744843646041251,39.17204301075269,0.009057617019831418,0.18592533456945912,1.8752173283106346,0.0344055007597023,81.5760743728043,0.38327408159810394,0.5000000000000001,0.12067121033907051,0.24859081901350977,-0.08119037653434105,0.13148568832348934,0.4817005545286506,0.17290816957112842,-0.04420602393619781,0.005990473795510189,-0.19430932681635307,Restaurants,Consumer Cyclical,MCD
2015Q1,2015,Q1,2015-05-07,2015-03-31,811500000.0,5958900000.0,1618200000.0,0.84,2201000000.0,0.36936347312423434,32155600000.0,11403300000.0,3592800000.0,2751900000.0,20752300000.0,98800000.0,43290000000.0,93397690881.59999,106054690881.59999,11.896841790324196,1.3055706966096152,0.4444575750413614,1.2533038681785098,0.04075099722856298,11.896841790324196,0.07116361053379285,15.673646290691233,28.773164165619225,8.190408994028045,1.0059149722735674,38.03542510121458,0.008740044773000022,0.18531453308288448,0.9908063519749991,0.02523666173232656,71.46506303588644,0.36936347312423434,-0.2566371681415929,-0.16425609276423536,0.19213926742609946,-0.09337897434664597,-0.11038357382482519,-0.2605922551252847,-0.10675645837933319,-0.3207740648543815,-0.03495003806531261,-0.17532795214440178,Restaurants,Consumer Cyclical,MCD
2014Q4,2014,Q4,2015-02-24,2014-12-31,1097500000.0,6572200000.0,1811600000.0,1.13,2474100000.0,0.37644928638811964,34281400000.0,12853400000.0,4185500000.0,2747900000.0,21428000000.0,110000000.0,43294500000.0,90223730000.0,103135530000.0,13.348634333783362,1.523163142763565,0.4372546045377377,1.1662050508036783,0.04473929705238599,13.348634333783362,0.08538596791510418,13.728086485499528,20.552102505694762,7.01944466055674,0.7478815489749431,37.25545454545455,0.009097384911929489,0.1917132905890658,1.1981149241238764,0.032014445151014835,122.4202578018996,0.37644928638811964,0.03669724770642185,0.007707529379850996,0.22924471316251088,0.023266652770633178,-0.077241533641653,0.027236989891426432,-0.13954592951458156,-0.15857783615216203,0.01665050223417469,-0.05731113558535996,Restaurants,Consumer Cyclical,MCD
2014Q3,2014,Q3,2014-11-03,2014-09-30,1068400000.0,6987100000.0,2105400000.0,1.09,2681200000.0,0.3837357415809134,36020800000.0,13625900000.0,5210400000.0,4179600000.0,22394900000.0,105000000.0,42201800000.0,92269435496.63,104573835496.63,14.001078169023627,1.246626471432673,0.4200406431839382,1.1104000469693744,0.04071819714259653,14.001078169023627,0.07840949955599263,13.205684117392051,21.590564277571605,6.771621360543524,0.7422313740172221,41.00857142857143,0.008594395270023767,0.19397403722293785,1.0670877595942196,0.029660640518811354,78.59406771433561,0.3837357415809134,-0.22142857142857134,-0.03938789426197686,0.31011011409943084,0.17128568354617812,-0.03702905577703552,-0.22975993079085863,-0.023061574868915597,-0.25475551784336503,0.02510077774541399,0.0740699374948491,Restaurants,Consumer Cyclical,MCD
2014Q2,2014,Q2,2014-08-04,2014-06-30,1387100000.0,7181700000.0,2155100000.0,1.4,2784300000.0,0.38769372154225323,37780600000.0,16154900000.0,5913700000.0,3391700000.0,21625700000.0,110700000.0,42741500000.0,98919556775.34,110679556775.34,16.45220297232176,1.7435799156765044,0.40842654695796254,0.9551653058824258,0.045688037625828494,16.45220297232176,0.08586249373255174,13.773835829307824,17.828483306059404,6.123192144509716,0.5771754019176699,39.72357723577236,0.008093445078997608,0.1900896227164206,1.4638971607158653,0.03671461014383043,110.22905814056162,0.38769372154225323,0.1570247933884297,0.441456300398969,0.44539321489387873,0.3863003996851051,0.10659353761774175,0.15131142098273573,0.13683599725694995,0.04950325544316685,0.10967332843789643,0.15275888489791276,Restaurants,Consumer Cyclical,MCD
2014Q1,2014,Q1,2014-05-06,2014-03-31,1204800000.0,6700300000.0,1895700000.0,1.21,2516100000.0,0.37552049908213064,36369100000.0,16147700000.0,4836300000.0,3101200000.0,20221400000.0,106200000.0,42154700000.0,96894542135.23,108077542135.23,16.336926684588256,1.559493099445376,0.3829294648479066,0.8624633848783418,0.04258549930451456,16.336926684588256,0.07461124494510055,14.461224442969717,20.105939188087234,6.00051661445469,0.665421646746348,39.39924670433145,0.008273943839696507,0.18423056935695412,1.2812782148845607,0.03312702266484461,72.39039382534926,0.37552049908213064,-0.13571428571428568,0.3729083073815226,0.47293602414168384,0.4210726137367837,-0.08265276359924165,-0.13758052970651397,-0.10368794326241135,0.046088827909845316,0.15085135127835242,0.17277458706493218,Restaurants,Consumer Cyclical,MCD
2013Q4,2013,Q4,2014-02-24,2013-12-31,1397000000.0,7093200000.0,2115000000.0,1.4,2742800000.0,0.3866802007556533,36626300000.0,16009700000.0,5050100000.0,3170000000.0,20616600000.0,123700000.0,41751200000.0,96098512000.0,107429612000.0,16.164882875605816,1.5930914826498423,0.3857828937129877,0.882577437428559,0.047699809354775885,16.164882875605816,0.08725959886818616,13.547977217616873,17.197299928418037,6.002517973478579,0.5753758052970651,35.168957154405824,0.008364333466474487,0.19366411567644015,1.299211356466877,0.038141990864488086,99.12172460030943,0.3866802007556533,-0.0789473684210527,0.5793872154997938,0.41983452268048205,0.3326109930434694,-0.05765134336562908,-0.08224937590329785,-0.1024063149853584,0.17809281510615904,0.19584131576778635,0.14610338255083882,Restaurants,Consumer Cyclical,MCD
2013Q3,2013,Q3,2013-10-30,2013-09-30,1522200000.0,7323400000.0,2356300000.0,1.52,2910600000.0,0.3974383483081629,35551300000.0,15164900000.0,4734100000.0,3822300000.0,20386400000.0,113100000.0,40354600000.0,95731852078.43999,106675352078.43999,15.24064349872312,1.2385474714177327,0.37938978321467853,0.8894090960045895,0.055082513030617786,15.24064349872312,0.1003765273757163,13.072050151355926,15.722613992648796,6.312725575403728,0.5042044409407437,39.01679929266136,0.008017185328986763,0.2059952800600822,1.001909844857808,0.04281699965964676,70.21552888252896,0.3974383483081629,0.10144927536231894,0.43387717950307964,0.3112746005784125,0.3038786455817093,0.052582091711268625,0.09001074113856068,0.09178945417477527,0.16410760774212027,0.23330521472596663,0.18067739533366278,Restaurants,Consumer Cyclical,MCD
2013Q2,2013,Q2,2013-07-31,2013-06-30,1396500000.0,7083800000.0,2158200000.0,1.38,2765200000.0,0.3903554589344702,34453400000.0,15170700000.0,4632100000.0,2805000000.0,19282700000.0,107800000.0,40402400000.0,99784638864.81999,110876038864.81999,15.176076109785816,1.6513725490196078,0.38805458967765155,0.8812909094504539,0.05126546646801476,15.176076109785816,0.0920524431964247,14.086315094274259,17.863343871253132,6.577457788026919,0.5521661296097387,40.06122448979592,0.007727642338262332,0.20560525231181828,1.2763992869875223,0.04053300980454759,109.6052711608304,0.3903554589344702,0.09523809523809515,0.32471022645402736,0.316763899458216,0.17170982110967387,0.11315969566442574,0.09943316013226264,0.14335664335664336,0.22627385807453726,0.28246066815879295,0.24350491890902534,Restaurants,Consumer Cyclical,MCD
2013Q1,2013,Q1,2013-05-01,2013-03-31,1270200000.0,6605300000.0,1887600000.0,1.26,2484100000.0,0.37607678682270296,34123800000.0,15228200000.0,4191200000.0,3017100000.0,18895600000.0,105200000.0,39776400000.0,99302470625.05,110231070625.05,15.189483207273833,1.3891485201020848,0.3750432249632222,0.840407927397854,0.04708822160049461,15.189483207273833,0.08341104004412865,15.033756320689447,19.544652539964176,6.520959182638132,0.6079357581483231,39.17490494296578,0.00777624156921233,0.1935687115737403,1.0272447051804714,0.03722328697272871,94.3312155647858,0.37607678682270296,-0.08695652173913036,0.534131180905022,0.3442674631404309,0.20721732473900056,-0.08950628596561962,-0.09017978654824153,-0.10276642266375131,0.2506911976287641,0.26341704879001365,0.1575429082130989,Restaurants,Consumer Cyclical,MCD
2012Q4,2012,Q4,2013-02-25,2012-12-31,1396100000.0,6952100000.0,2103800000.0,1.38,2728300000.0,0.39244257130938853,35386500000.0,15293600000.0,4922100000.0,3403100000.0,20092900000.0,121700000.0,39278000000.0,88448167000.0,99744567000.0,15.252418470130648,1.44635773265552,0.38524578582227686,0.8913859392164043,0.049099894637797646,15.252418470130648,0.09128655123711879,12.722510752146833,15.838436895637846,5.7833451247580685,0.5523959601747725,34.706655710764174,0.008719231004527206,0.19646192757124892,1.0905938702947313,0.03945289870430814,103.5086799297835,0.39244257130938853,-0.034965034965034995,0.25280041092944755,0.380506115135408,0.14354707518303048,-0.04424437749597141,-0.04048109965635739,-0.05815463132918476,0.23099608995906645,0.24868748855678638,0.16920508902456713,Restaurants,Consumer Cyclical,MCD
2012Q3,2012,Q3,2012-11-01,2012-09-30,1455000000.0,7152400000.0,2233700000.0,1.43,2854600000.0,0.399110787987249,33824500000.0,13884100000.0,4207900000.0,4151300000.0,19940400000.0,109100000.0,37882500000.0,92355810469.67,103441410469.67,13.829106717865216,1.0136342832365766,0.39214474715073394,0.955344602819052,0.05558809038787299,13.829106717865216,0.10479613370690213,12.91256228254432,15.868695956987972,6.651911933050756,0.48371134020618556,39.39321723189734,0.007620527570716633,0.21145619299620097,0.8324621202996652,0.04301615692767077,74.10994260124377,0.399110787987249,0.08333333333333323,0.6031980454005972,0.4306331529202651,0.09484239343329932,0.051069627011303804,0.0801781737193764,0.06437625083388926,0.2681110339685029,0.2999981882308495,0.15689909872115,Restaurants,Consumer Cyclical,MCD
2012Q2,2012,Q2,2012-08-06,2012-06-30,1347000000.0,6915900000.0,2098600000.0,1.32,2715900000.0,0.39270376957445885,33332400000.0,14035100000.0,4500100000.0,3622300000.0,19297300000.0,111700000.0,37900800000.0,89276424405.48,100365124405.48,13.917755009504287,1.2423322198603097,0.40721040189125296,0.9670967787903185,0.05094265499914598,13.917755009504287,0.09597366602304223,12.908865716028282,16.569492280155902,6.360939673068236,0.5265775798069785,37.60071620411817,0.007944986649313673,0.20748280951866652,1.0422107500759186,0.040411131511682324,115.77801116000518,0.39270376957445885,0.07317073170731714,3.2403687172537126,0.362030941088782,0.10128294708533697,0.07880834160873883,0.06339306860345781,0.09018181818181818,0.3629979294666113,0.3553184442630065,0.17274199478663133,Restaurants,Consumer Cyclical,MCD
2012Q1,2012,Q1,2012-05-08,2012-03-31,1266700000.0,6546600000.0,1925000000.0,1.23,2517500000.0,0.3845507591727003,33334200000.0,14660500000.0,4254800000.0,3646400000.0,18673700000.0,111700000.0,37262500000.0,99693622728.0,110184422728.0,14.426148941581875,1.1668494953927162,0.3833870319371696,0.8717233382217523,0.04809828811618179,14.426148941581875,0.08640223730432113,15.228305185592522,19.67585512118102,6.8001516133829,0.5623273071761269,36.07072515666965,0.007144890320049962,0.1963928937847616,0.9662955243527863,0.038000011999688006,95.39146754186203,0.3845507591727003,-0.09197936771756507,0.9638478422596165,0.4161658591577464,0.09904801855953253,-0.072265625,-0.07983437454598286,-0.15765982584343413,0.40391975850263306,0.3997400322968186,0.25486302156877017,Restaurants,Consumer Cyclical,MCD
2011Q4,2011,Q4,2012-02-24,2011-12-31,1376600000.0,6822700000.0,2285300000.0,1.3545947705045265,2713600000.0,0.39773110352206603,32989900000.0,14390200000.0,4403000000.0,3509200000.0,18599700000.0,116800000.0,36707500000.0,101959848810.4,112124548810.4,14.16016974176539,1.2547019263649835,0.37891597125180737,0.868674514600214,0.05897588938013164,14.16016974176539,0.09566232574946838,14.944208130271006,18.516607731076565,7.085367042181485,0.5196861833502833,35.18065068493151,0.0070164874540989755,0.20681178178775927,1.0459363957597174,0.04172792278848981,120.49143087969746,0.39773110352206603,-0.06579670999687826,0.3106236313572591,0.6030416597249572,0.10032771351368439,-0.06646484106233659,-0.08671133815431567,-0.01745560858162432,0.5167438353297322,0.3309571166684476,0.16734516460459464,Restaurants,Consumer Cyclical,MCD
2011Q3,2011,Q3,2011-11-04,2011-09-30,1507300000.0,7166300000.0,2325900000.0,1.45,2906800000.0,0.4056207526896725,32277500000.0,13338200000.0,4421900000.0,5078200000.0,18939300000.0,115000000.0,35329800000.0,89859032598.93999,99999832598.93999,13.035536774895323,0.8707612933716671,0.38818371930911627,0.9393771273485177,0.05988365627522999,13.035536774895323,0.11300625271775802,12.539111200890277,14.90397276569694,6.736968451435725,0.4161082730710542,37.03913043478261,0.006979821414273701,0.22202153202695377,0.7074750895986767,0.04669816435597553,60.82652988488458,0.4056207526896725,0.07407407407407397,1.149292955617978,0.46491041102117703,0.03301652343644046,0.06648077487525682,0.06885548149198695,0.06132785763175907,0.380727182332224,0.2477966594832594,0.11522574725306622,Restaurants,Consumer Cyclical,MCD
2011Q2,2011,Q2,2011-08-05,2011-06-30,1410200000.0,6905400000.0,2191500000.0,1.35,2725600000.0,0.3947055927245344,32833000000.0,14952800000.0,4025400000.0,3948800000.0,17880200000.0,115000000.0,35165000000.0,88342064000.0,98554264000.0,14.272024434475517,1.0193982982171799,0.3740809551366004,0.8213979990369696,0.05491366279683411,14.272024434475517,0.09431009576801669,12.793185622845888,15.661265068784568,5.908061633941469,0.44816338108069775,36.34608695652174,0.007154009894991813,0.2103188864861572,0.8405338330632091,0.04295068985471934,83.94342835423794,0.3947055927245344,0.17391304347826103,0.9930939320877764,0.46089676856457246,0.1271638549892709,0.16448773818678972,0.1664185277088503,0.2002300235500301,0.27635016756570463,0.22472798393146817,0.10191007715157101,Restaurants,Consumer Cyclical,MCD
2011Q1,2011,Q1,2011-05-06,2011-03-31,1209000000.0,6111600000.0,1825900000.0,1.15,2340600000.0,0.382976634596505,32080200000.0,14453600000.0,3824200000.0,4254100000.0,17626600000.0,111500000.0,34386200000.0,78949212472.62001,89050012472.62001,13.930150657062065,0.8989445476128911,0.37533120117705004,0.8330588919023634,0.049043677001351337,13.930150657062065,0.08364698068301323,12.91792860668565,16.325312752816377,5.462252481915924,0.5253101736972705,33.82062780269058,0.008044412098730636,0.19051003422671928,0.7287557885334148,0.03768679746385621,75.5928882349866,0.382976634596505,-0.03951281840135237,1.336952159490487,0.4481717203668949,0.1518297579627834,-0.05411194180642554,-0.026805119536343878,-0.01040594005744946,0.41091888085010536,0.20180337090444694,0.10712912216635681,Restaurants,Consumer Cyclical,MCD
2010Q4,2010,Q4,2011-02-25,2010-12-31,1242300000.0,6214100000.0,1845100000.0,1.1973090552712267,2474500000.0,0.39820730274697863,31975200000.0,14634200000.0,4368500000.0,2924700000.0,17341000000.0,109900000.0,33811700000.0,79644388873.68001,88762688873.68001,14.104210075384517,1.4936574691421343,0.35981948510095324,0.7861926172937366,0.050582491787147535,14.104210075384517,0.08489018873597463,12.816721467900422,16.02760783902439,5.442346617763869,0.5179908234725912,34.02729754322111,0.008079665235684378,0.19434123946058196,1.2193045440558006,0.038851985288598664,87.55016914771903,0.39820730274697863,-0.0718534455261809,1.4676175615704938,0.43485061007904996,0.16783131337702253,-0.050642624208709,-0.10522904062229906,-0.12142278939098138,0.07731483955287251,0.19248070034850168,0.05746037659920295,Restaurants,Consumer Cyclical,MCD
2010Q3,2010,Q3,2010-11-05,2010-09-30,1388400000.0,6304900000.0,2100100000.0,1.29,2606500000.0,0.4134086186933972,31168500000.0,13637800000.0,4176500000.0,3266300000.0,17530700000.0,103600000.0,32568900000.0,78720315260.14,87661315260.14,12.908389335611927,1.2786639316657993,0.36690889840704555,0.8385516725571573,0.05889484517722927,12.908389335611927,0.10180527651087419,12.485577132094086,14.174646222295449,5.772215112418426,0.4202679343128781,35.6988416988417,0.0074123178759099165,0.20228435760463287,1.0741817959158682,0.04454497329034121,55.386136114922955,0.4134086186933972,0.14159292035398244,1.2406891982532167,0.40468192608352344,0.11501835107836725,0.08767317643131364,0.13264806656877143,0.13390205712434533,0.4537513466785476,0.19841169047136167,0.021949729935404047,Restaurants,Consumer Cyclical,MCD
2010Q2,2010,Q2,2010-08-05,2010-06-30,1225800000.0,5945500000.0,1852100000.0,1.13,2396400000.0,0.4030611386763098,28675400000.0,13131800000.0,3166500000.0,2582800000.0,15543600000.0,94400000.0,32406700000.0,70876120000.0,79836820000.0,12.204275092936802,1.2259950441381446,0.3705685012240457,0.8091959975022465,0.05506803806939629,12.204275092936802,0.09334592363575443,11.920968799932723,14.455074237232827,5.397289023591587,0.4805841083374123,37.59639830508475,0.00831168523333388,0.20733799702881214,1.0181198699086262,0.04274744205834967,82.97368297822524,0.4030611386763098,0.1299999999999999,1.7052163408972398,0.365747556453495,0.07037898691934194,0.1094958099912033,0.12479354009910075,0.08633937474338671,2.9107575035009634,0.09738925746115301,-0.03430114754776632,Restaurants,Consumer Cyclical,MCD
2010Q1,2010,Q1,2010-05-06,2010-03-31,1089800000.0,5610100000.0,1704900000.0,1.0,2159900000.0,0.3850020498743338,29825600000.0,14116800000.0,3472300000.0,2569300000.0,15708800000.0,99300000.0,31769300000.0,71777181377.76,80270581377.76,13.12217724241589,1.3514575954540147,0.35207003379647017,0.7438442139861725,0.04847759310161771,13.12217724241589,0.07719879859458234,12.794278422445231,16.46567750453294,5.084522085583135,0.5432189392549092,34.745216515609265,0.008247746548925227,0.18809680274663376,1.143229673451913,0.036539080521431254,70.30774941498677,0.3850020498743338,-0.11588010930309015,0.7653677695544708,0.3773243002577825,0.13717288571928174,-0.08222146681397127,-0.10437212360289283,-0.03366774358102364,0.5960587634486924,0.14640197317223824,-0.0002943297019110291,Restaurants,Consumer Cyclical,MCD
2009Q4,2009,Q4,2010-02-26,2009-12-31,1216800000.0,5973400000.0,1764300000.0,1.1310683206230632,2353400000.0,0.3939799779020323,30224900000.0,14033900000.0,3416300000.0,2988700000.0,16191000000.0,106200000.0,31270800000.0,67172769862.52,75955169862.51999,13.045118100585146,1.1430722387660186,0.34998957812929077,0.7537747881914507,0.051278477421503474,13.045118100585146,0.08670433735454863,11.245315877476813,13.801111493778762,4.786464907297329,0.4874260355029586,34.08662900188324,0.008829470650292904,0.1976317539512124,0.9557332619533576,0.04025819771115868,90.18900357481202,0.3939799779020323,-0.01646232989298847,2.6058310246553296,0.4057819930851779,0.1652101757273709,-0.02279616326869576,-0.03505154639175258,-0.08647025319732822,0.09435301388032499,0.32580038051888344,0.013681702543156612,Restaurants,Consumer Cyclical,MCD
2009Q3,2009,Q3,2009-11-05,2009-09-30,1261000000.0,6046700000.0,1931300000.0,1.15,2408300000.0,0.39828336117220964,30072400000.0,13189600000.0,3602800000.0,3540400000.0,16882800000.0,106800000.0,30056000000.0,62971038000.0,71852238000.0,11.953597969911183,1.017625127104282,0.3685173115547811,0.8402225996239462,0.05508201568995146,11.953597969911183,0.09560562867713956,10.41411646021797,12.484345360824742,4.774294747376722,0.4291831879460745,34.06741573033708,0.008594427171424425,0.20107141432010747,0.8700711783979211,0.041932137109110014,46.59689063193725,0.39828336117220964,0.17346938775510198,0.845061704074168,0.3981349752371905,0.1590579578713472,0.10986681413890041,0.15296699277681267,0.1477387531942711,0.6674250783898098,0.1462248749200882,-0.0527229963237398,Restaurants,Consumer Cyclical,MCD
2009Q2,2009,Q2,2009-08-06,2009-06-30,1093700000.0,5647200000.0,1682700000.0,0.98,2169900000.0,0.3842435189120272,29207100000.0,13244600000.0,3597000000.0,2843500000.0,15962500000.0,102600000.0,29927300000.0,64160013255.920006,72999913255.92001,11.867704125353235,1.264990328820116,0.3766378722981741,0.8305649094725398,0.047680177524965985,11.867704125353235,0.08257705026954382,11.361384979444681,14.665816324385116,4.8442394074505835,0.500868611136509,33.89181286549707,0.008538028161168668,0.19335024702897582,1.0870757868823633,0.03744637434048571,65.09081186559806,0.3842435189120272,0.1264367816091954,1.0837650248519863,0.3439445730402543,0.1771823745641521,0.16648747446511128,0.11659009698825931,0.20055650684931506,0.45114254906734436,0.12157588881184793,-0.06272251752231447,Restaurants,Consumer Cyclical,MCD
2009Q1,2009,Q1,2009-05-05,2009-03-31,979500000.0,5077400000.0,1401600000.0,0.87,1860200000.0,0.3663686138574861,27810600000.0,12683100000.0,3450400000.0,2212900000.0,15127500000.0,99200000.0,29380700000.0,60203990755.47,68664390755.47,11.496194161134008,1.5592209318089385,0.37536406981510645,0.8230716465217495,0.04326320270268032,11.496194161134008,0.07722875322279253,11.85724795278489,15.36600070328484,4.746788305340965,0.5649821337417049,32.431451612903224,0.009192081671923372,0.1825706744910214,1.3024086040941751,0.03522038359474445,83.96651430330544,0.3663686138574861,-0.025858385496802985,1.1899972966164325,0.3197847038852238,0.17272631650842304,-0.10386357067154832,-0.005886532020704354,-0.08266247791085804,0.7806429841373448,0.1315022200224371,-0.04942459962562403,Restaurants,Consumer Cyclical,MCD
2008Q4,2008,Q4,2009-02-25,2008-12-31,985300000.0,5565000000.0,1527900000.0,0.8930939681123178,2075800000.0,0.37300988319856243,28461500000.0,13382600000.0,3517600000.0,2537900000.0,15078900000.0,111500000.0,28953900000.0,68610705242.49,76765105242.48999,12.130233774139759,1.3860278182749517,0.35900426892468773,0.7635138164482238,0.04565796566806259,12.130233774139759,0.07362545394766339,12.328967698560646,17.408582472975237,5.126859148632552,0.566020501370141,31.293273542600897,0.008128469136542577,0.19552729125309629,1.1799519287599984,0.0346186954306695,90.68293053461538,0.37300988319856243,-0.1494343160835069,7.964333011673121,0.39708692323676176,0.2773196198292535,-0.121614759647935,-0.17292033912532528,-0.16205988812109245,0.8406395158745402,0.2084884640273505,0.004385695073231451,Restaurants,Consumer Cyclical,MCD
2008Q3,2008,Q3,2008-11-06,2008-09-30,1191300000.0,6267300000.0,1823400000.0,1.05,2363200000.0,0.37706827501475915,28134400000.0,13051600000.0,2811600000.0,2868500000.0,15082800000.0,114700000.0,27968300000.0,68894220000.0,77285620000.0,11.68869783270643,0.9801638487014119,0.3511217584167425,0.7568880443777009,0.055760599349964274,11.68869783270643,0.09127616537436023,10.992647551577234,14.457781415260639,5.278603389622729,0.35062536724586585,34.03748910200523,0.0060629179051595325,0.22276288102820746,0.8171518215094997,0.04234318130118289,58.80855313700384,0.37706827501475915,0.009615384615384623,1.478192793366208,0.5843203197171212,0.27587686883284046,0.06220783890686803,0.0006719865602687946,0.1227832512315271,0.8191260587438335,0.3211584695577491,0.009662185174535426,Restaurants,Consumer Cyclical,MCD
2008Q2,2008,Q2,2008-08-06,2008-06-30,1190500000.0,6075300000.0,1624000000.0,1.04,2224800000.0,0.36620413806725594,30521300000.0,14621600000.0,3883300000.0,3025200000.0,15899700000.0,115100000.0,27751300000.0,63466758000.0,72184758000.0,12.95207724333422,1.283650667724448,0.36238626795057877,0.7564493625868578,0.04431417206349083,12.95207724333422,0.08142063796027794,10.446687077181373,13.3277526249475,4.340616485199978,0.35413691726165475,33.45351867940921,0.00664284758329707,0.19905115443968638,1.1150006611133148,0.03900554694590335,81.36763846153846,0.36620413806725594,0.2839506172839506,1.8497254913999936,0.5997241767690236,0.41302454493679647,0.12625291080287537,0.2583236444350491,0.1202317720907774,1.5041975316806884,0.3301682439093689,0.13596516078572266,Restaurants,Consumer Cyclical,MCD
2008Q1,2008,Q1,2008-05-06,2008-03-31,946100000.0,5614800000.0,1449700000.0,0.81,1975400000.0,0.35182018949918076,30922000000.0,14414200000.0,4325600000.0,3683300000.0,16507800000.0,114500000.0,26981800000.0,63890112000.0,72701812000.0,12.582227653631286,1.1743816686123856,0.37946769290472804,0.8140514215148951,0.03847826371256914,12.582227653631286,0.0656366638453747,11.378875828168413,16.88249445090371,4.4324424525814825,0.4506923158228517,31.785152838427948,0.006673959187925667,0.1815794579910743,1.0365976162680206,0.030596339175991204,59.521252096143094,0.35182018949918076,-0.2711781338360037,2.202523138115438,0.6376417103202648,0.4761448043329866,-0.04134718043288363,-0.25691171850455546,0.09834078339268126,0.43920543265197737,0.2944856960185701,0.09038064837345514,Restaurants,Consumer Cyclical,MCD
2007Q4,2007,Q4,2008-02-25,2007-12-31,1273200000.0,5753600000.0,1319900000.0,1.1113826815642458,2060600000.0,0.35814098998887656,29391700000.0,15279800000.0,3581900000.0,4498500000.0,14111900000.0,125300000.0,26461500000.0,67487295999.99999,74807096000.0,13.337814245810057,0.7962431921751695,0.3164532844306386,0.6087187005065511,0.05323207510220135,13.337814245810057,0.08332569798034006,11.729577308120133,13.251511153000314,4.416765664472048,0.0,29.473264166001595,0.0,0.19575594470547808,0.6746915638546183,0.043318351779584034,120.47000357015351,0.35814098998887656,0.24874458602724245,5.104163619877739,0.6353023568220841,0.6471018068924362,-0.02856873467848388,0.18857356235997014,-0.12351417756823162,2.5430734645997632,0.27154988098818117,0.1913542492560685,Restaurants,Consumer Cyclical,MCD
2007Q3,2007,Q3,2007-11-02,2007-09-30,1071200000.0,5900900000.0,1505900000.0,0.89,2121200000.0,0.359470589232151,29673600000.0,14967900000.0,4444500000.0,4209300000.0,14705700000.0,117000000.0,25172900000.0,66371850000.0,71126450000.0,12.631139240506329,1.0558762739647922,0.2610771864553003,0.5175809565804155,0.04577648080210974,12.631139240506329,0.07156648561254418,11.247750343167992,15.490069548170275,4.434279357825747,0.0,32.305128205128206,0.0,0.19886026636471477,0.8981303304587461,0.036099428448182896,56.194945389890776,0.359470589232151,2.4833333333333334,1.3645765896041453,0.5664957404505501,0.5111312659952646,0.05626929588686386,2.5051285654067725,8.004186046511627,0.45942237891422855,0.2704675066423767,0.2247544622582521,Restaurants,Consumer Cyclical,MCD
2007Q2,2007,Q2,2007-08-06,2007-06-30,-711700000.0,6010500000.0,-215000000.0,-0.6,2008200000.0,0.3341152982281008,28994900000.0,15085700000.0,4361400000.0,3429600000.0,13909200000.0,120200000.0,25881200000.0,60592212000.0,66623812000.0,12.63776493256262,1.2716934919524143,0.28190129988377266,0.5418177479334734,-0.024177332127344804,12.63776493256262,-0.047177128008643945,10.081060144746694,-21.28432345089223,4.0165330080805,0.0,33.29700499168053,0.0,0.20729507603061229,0.8533648238861675,-0.024545695967221823,90.58485872327702,0.3341152982281008,-1.967741935483871,-2.525827074553466,0.6599252182031583,0.5546883272917531,0.1596696887451637,-1.9334994753410284,-1.1842488645128117,-2.2677232066736464,0.33732121125866404,0.253566315384934,Restaurants,Consumer Cyclical,MCD
2007Q1,2007,Q1,2007-05-04,2007-03-31,762400000.0,5464100000.0,1166900000.0,0.62,1731700000.0,0.3169231895463114,29473500000.0,15767000000.0,3879400000.0,3064500000.0,13706500000.0,143700000.0,26592500000.0,54114060000.0,60489060000.0,13.126040626040625,1.2659161364007179,0.29902794035319863,0.558977611466988,0.033086433774960705,13.126040626040625,0.048354157417390756,9.903563258359108,17.744641920251834,3.432108834908353,0.0,25.973556019485038,0.0,0.1853902658320186,1.0724098547887093,0.025867304527796155,104.1656592877767,0.3169231895463114,-0.40012565445026177,2.2028332526159473,0.6150036005765145,0.7505225164279763,-0.008303745275455274,-0.3859041482078131,0.09681361030172009,0.5655899655899657,0.30447678292417707,0.33898689061442533,Restaurants,Consumer Cyclical,MCD
