Quarters,Year,Quarter,FillingDate,Date,NetIncome,Revenue,OperatingIncome,EPSDiluted,GrossProfit,GrossProfitRatio,TotalAssets,CommonStockEquity,CurrentAssets,CurrentLiability,TotalLiability,Inventory,RetainedEarnings,MarketCap,EnterpriseValue,bookValuePerShare,currentRatio,debtToAssets,debtToEquity,roic,shareholdersEquityPerShare,roe,priceToSalesRatio,peRatio,pbRatio,payoutRatio,inventoryTurnover,dividendYield,assetTurnover,quickRatio,returnOnAssets,priceToFreeCashFlowsRatio,grossProfitMargin,epsdilutedGrowth,fiveYNetIncomeGrowthPerShare,fiveYRevenueGrowthPerShare,fiveYShareholdersEquityGrowthPerShare,grossProfitGrowth,netIncomeGrowth,operatingIncomeGrowth,threeYNetIncomeGrowthPerShare,threeYRevenueGrowthPerShare,threeYShareholdersEquityGrowthPerShare,Industry,Sector,Symbol
2023Q1,2023,Q1,2023-05-12,2023-03-31,170000.0,1763000.0,183000.0,0.03,1858000.0,1.0538854226,259560000.0,82069000.0,123087000.0,0.0,32935000.0,0.0,45182000.0,45358490.97,64708490.97,16.44691421708468,0.0,0.1268878101402373,0.40130865491232987,0.0019050164084923437,16.44691421708468,0.002071427701080798,25.72801529778786,66.70366319117647,0.5526872627910661,0.0,0.0,0.0,0.0067922638310987824,0.0,0.0006549545384496841,172.46574513307985,1.053885422575156,2.775147928994083,1.4853109027493734,0.11179391230801328,-0.24540968995575982,0.020318506315211423,3.358974358974359,-0.16055045871559634,1.4853109027493734,0.11179391230801328,-0.24540968995575982,Banks—Regional,Financial Services,NSTS
2022Q4,2022,Q4,2023-03-30,2022-12-31,39000.0,1821000.0,218000.0,-0.0169,1821000.0,1.0,264206000.0,80542000.0,134352000.0,0.0,31636000.0,0.0,45291000.0,54681324.67,68693324.67,14.920824704300273,0.0,0.11973989992657244,0.39278885550396064,0.0003007550075602635,14.920824704300273,0.0004842194134737156,30.028184881933004,350.5213119871795,0.6789168964018774,0.0,0.0,0.0,0.006892349151798218,0.0,0.00014761209056569495,-120.44344640969163,1.0,-1.845,0.0,0.0,0.0,0.0936936936936937,-0.6694915254237288,-0.21863799283154123,0.0,0.0,0.0,Banks—Regional,Financial Services,NSTS
2022Q3,2022,Q3,2022-11-14,2022-09-30,118000.0,1665000.0,279000.0,0.02,1665000.0,1.0,268178000.0,79159000.0,148434000.0,0.0,189019000.0,0.0,45252000.0,53796282.6,62895282.6,15.92118151301406,0.0,0.11721692308839651,0.3971121413863237,0.00342164849000351,15.92118151301406,0.0014906706754759407,32.31007963963964,113.975175,0.6795978044189543,0.0,0.0,0.0,0.006208562969371089,0.0,0.0004400062644959691,31.060209353348732,1.0,-0.3333333333333333,6.535945385630224,0.5051364974122089,0.8704165787409547,-0.16120906801007556,-0.2080536912751678,-0.2657894736842105,6.535945385630224,0.5051364974122089,0.8704165787409547,Banks—Regional,Financial Services,NSTS
2022Q2,2022,Q2,2022-08-12,2022-06-30,149000.0,1985000.0,380000.0,0.03,1985000.0,1.0,274249000.0,83512000.0,123178000.0,0.0,190737000.0,0.0,45134000.0,55586177.4,48580177.4,16.79669665502129,0.0,0.10861662212077346,0.3566912539515279,0.002644101673227887,16.79669665502129,0.001784174729380209,28.003112040302266,93.26539832214765,0.6656070672478207,0.0,0.0,0.0,0.00723794799616407,0.0,0.0005433018898883861,-451.9201414634146,1.0,1.4273504273504274,0.0,0.0,0.0,0.5716547901821061,1.5340501792114696,3.317073170731707,0.0,0.0,0.0,Banks—Regional,Financial Services,NSTS
2022Q1,2022,Q1,2022-05-13,2022-03-31,-279000.0,1263000.0,-164000.0,-0.0702,1263000.0,1.0,284911000.0,86625000.0,169182000.0,0.0,198286000.0,0.0,44985000.0,48010582.88,28816582.880000003,21.795819530362678,0.0,0.1257796294281372,0.41369119769119767,-0.0010524994965341655,21.795819530362678,-0.003220779220779221,38.01312975455266,-43.02023555555556,0.5542347230014429,0.0,0.0,0.0,0.004432963276251181,0.0,-0.0009792531702882655,29.654467498455837,1.0,0.0,0.0,0.0,0.0,0.0,0.0,0.0,0.0,0.0,0.0,Banks—Regional,Financial Services,NSTS
2021Q3,2021,Q3,2021-12-23,2021-09-30,17000.0,1201000.0,5000.0,0.0031493378980207336,1201000.0,1.0,259881000.0,45948000.0,630000.0,0.0,213933000.0,0.0,45322000.0,67960316.4,66886316.400000006,8.512104572838627,0.0,0.0,0.0,0.00036998345956298424,8.512104572838627,0.00036998345956298424,56.58644163197336,999.4164176470589,1.4790701749804127,,0.0,,0.004621345923711237,0.0,6.541455512330643e-05,0.0,1.0,0.0,0.0,0.0,0.0,0.0,0.0,0.0,0.0,0.0,0.0,Banks—Regional,Financial Services,NSTS
2021Q4,2021,Q4,2022-03-22,2021-12-31,,,,,,,340869000.0,45183000.0,319095000.0,0.0,295686000.0,0.0,45264000.0,0.0,-121611000.0,0.0,0.0,0.0,0.0,,0.0,,0.0,0.0,0.0,0.0,0.0,,,0.0,,0.0,0.0,0.0,0.0,0.0,0.0,0.0,0.0,0.0,0.0,0.0,0.0,Banks—Regional,Financial Services,NSTS
2021Q2,2021,Q2,2021-06-30,2021-06-30,,,,,,,239857637.0,45874578.0,0.0,0.0,193983059.0,0.0,45305060.0,0.0,8261341.0,0.0,0.0,0.14512826623068917,0.758810751349037,,0.0,,0.0,0.0,0.0,0.0,0.0,,,0.0,,0.0,0.0,0.0,0.0,0.0,0.0,0.0,0.0,0.0,0.0,0.0,0.0,Banks—Regional,Financial Services,NSTS
2020Q4,2020,Q4,2020-12-31,2020-12-31,,,,,,,242218754.0,46725272.0,0.0,0.0,195493482.0,0.0,45319344.0,0.0,-14205618.0,0.0,0.0,0.12426209987026851,0.6441612795747877,,0.0,,0.0,0.0,0.0,0.0,0.0,,,0.0,,0.0,0.0,0.0,0.0,0.0,0.0,0.0,0.0,0.0,0.0,0.0,0.0,Banks—Regional,Financial Services,NSTS
