Quarters,Year,Quarter,FillingDate,Date,NetIncome,Revenue,OperatingIncome,EPSDiluted,GrossProfit,GrossProfitRatio,TotalAssets,CommonStockEquity,CurrentAssets,CurrentLiability,TotalLiability,Inventory,RetainedEarnings,MarketCap,EnterpriseValue,bookValuePerShare,currentRatio,debtToAssets,debtToEquity,roic,shareholdersEquityPerShare,roe,priceToSalesRatio,peRatio,pbRatio,payoutRatio,inventoryTurnover,dividendYield,assetTurnover,quickRatio,returnOnAssets,priceToFreeCashFlowsRatio,grossProfitMargin,epsdilutedGrowth,fiveYNetIncomeGrowthPerShare,fiveYRevenueGrowthPerShare,fiveYShareholdersEquityGrowthPerShare,grossProfitGrowth,netIncomeGrowth,operatingIncomeGrowth,threeYNetIncomeGrowthPerShare,threeYRevenueGrowthPerShare,threeYShareholdersEquityGrowthPerShare,Industry,Sector,Symbol
2023Q1,2023,Q1,2023-05-04,2023-03-31,296999000.0,896517000.0,326072000.0,6.87,382193000.0,0.4263087036,6615403000.0,4758740000.0,1498116000.0,1268087000.0,1856663000.0,60887000.0,1537606000.0,5595052800.0,5431234800.0,114.4808506543495,1.1813984371734747,0.06477035488238585,0.0900410612893329,0.04770110541433759,114.4808506543495,0.062411268529064416,6.240877529372003,4.7096562614688935,1.175742486456499,0.681729568113024,8.447189055134922,0.03618786224859218,0.13551963500938644,1.090847079104194,0.04489507290787878,18.871411851607007,0.4263087035717114,-0.20486111111111116,0.0,0.0,7.859859587454519,-0.20368329266946,-0.21338937621832357,-0.23029603453933004,1.0331483437374775,0.11230484902695767,4.4135737046555965,Oil & Gas E&P,Energy,CHRD
2022Q4,2022,Q4,2023-02-28,2022-12-31,377568000.0,1015603000.0,423633000.0,8.64,479951000.0,0.4725773752,6631081000.0,4679798000.0,1482512000.0,1361333000.0,1951283000.0,54411000.0,1445491000.0,5684865930.0,5509130930.0,112.62238586864967,1.0890149581329476,0.06294840916586601,0.08919530287418388,0.09351602064933659,112.62238586864967,0.08068040543630302,5.597527705215522,3.764133831521739,1.2147673745747145,0.4095209339774557,9.844553491022037,0.02719888241937836,0.15315798434674527,1.0099578868653003,0.05693913254867494,22.720832637237464,0.47257737521452775,-0.5775061124694376,0.0,0.0,0.0,-0.24971314230330316,-0.5717974802410204,-0.21156541208131635,3.37845712459399,0.4254847353875292,-0.3805384401326371,Oil & Gas E&P,Energy,CHRD
2022Q3,2022,Q3,2022-11-03,2022-09-30,881751000.0,1188843000.0,537309000.0,20.45,639690000.0,0.5380777781,6555135000.0,4470813000.0,1453944000.0,1488765000.0,2084322000.0,60956000.0,1225598000.0,5651062860.0,5412237860.0,108.20497119899318,0.9766108150043828,0.06407678865500101,0.09394980286583224,0.10942555476501432,108.20497119899318,0.1972238606266914,4.753413915882922,1.6022275166118325,1.2639899857140078,0.4085575179387378,9.00900649648927,0.06374836184356299,0.18136056694484554,0.9242600410407283,0.1345130191826713,9.50033095281325,0.5380777781422779,2.282504012841091,0.0,0.0,0.0,0.799115756079177,5.739206199986243,1.7787006055842,20.03765985692566,0.19206304396625018,-0.4159489815525372,Oil & Gas E&P,Energy,CHRD
2022Q2,2022,Q2,2022-08-04,2022-06-30,130839000.0,789380000.0,193367000.0,6.23,355558000.0,0.4504269173,3062410000.0,1198096000.0,1115117000.0,1249718000.0,1864314000.0,43010000.0,414089000.0,2378622489.106,2211160489.106,61.274280161612026,0.8922949017298303,0.13180860825297724,0.3369112324888824,0.12015240435135754,61.274280161612026,0.10920577316008066,3.0132793953558488,4.54494166323879,1.98533547320582,0.529513371395379,10.086538014415252,0.029126521891264513,0.25776430980828824,0.8530428464661628,0.04272419434367051,7.187973084205405,0.4504269173275229,7.1683168316831685,0.0,0.0,0.0,0.12794629884590739,7.692189657818014,-0.3374892931784699,0.0,0.0,4.249249970861636,Oil & Gas E&P,Energy,CHRD
2022Q1,2022,Q1,2022-05-05,2022-03-31,-19551000.0,652969000.0,291870000.0,-1.01,315226000.0,0.482757987,3007948000.0,1441963000.0,952165000.0,900987000.0,1565985000.0,28311000.0,662619000.0,2824467857.918,2861645857.918,74.689889153631,1.056802151418389,0.1487233156956171,0.3102381961256981,0.13733298037269537,74.689889153631,-0.013558600324696265,4.325577260050631,-36.11666740726817,1.9587658337405327,-3.609994373689325,11.929744622231642,0.024988423855538542,0.21708121284011558,1.0151200849734792,-0.00649977991640813,13.03105369767796,0.48275798697947375,-1.3556338028169013,0.0,0.0,0.0,1.9692922137864772,-1.328125,0.46490197849850934,0.0,0.0,5.4796325363228116,Oil & Gas E&P,Energy,CHRD
2021Q4,2021,Q4,2022-02-25,2021-12-31,59584000.0,429368000.0,199242000.0,2.84,106162000.0,0.2472517747,3026787000.0,1032900000.0,1615442000.0,1225197000.0,1805214000.0,28956000.0,269690000.0,2451387391.086,2686414391.086,53.08629285090199,1.3185161243457175,0.13451260362886452,0.39417271759124795,0.1392420846173681,53.08629285090199,0.05768612644012005,5.709292241354735,10.285426419365937,2.3733056356723785,0.16417158968850698,11.161969885343279,0.003990393372981507,0.1418560341378498,0.4483491226308912,0.019685560959525727,12.279654315914442,0.24725177470142162,-0.17919075144508673,0.0,0.0,2.9468801018461313,-0.5129334471146346,-0.17186935371785964,-0.021356648165430522,0.0,0.0,3.452931764803704,Oil & Gas E&P,Energy,CHRD
2021Q3,2021,Q3,2021-11-04,2021-09-30,71950000.0,402039000.0,203590000.0,3.46,217962000.0,0.5421414340399812,2999512000.0,904442000.0,753257000.0,665084000.0,1906181000.0,28309000.0,51810000.0,1969709000.3760002,2566616000.3760004,45.65122148193014,1.132574231224928,0.34856169936976417,1.1559779399895185,0.10421396238796833,45.65122148193014,0.0795518120564945,4.899298327714476,6.84402015419041,2.177816820068064,1.2103405142460042,6.502419725175739,0.044211606883745994,0.13403480299462045,1.0800861244594668,0.02398723525693513,8.34721492539793,0.5421414340399812,-0.01704545454545456,0.0,0.0,2.3866935296776326,0.2522593433110224,-0.01927375824655144,-0.45792162908409284,0.0,0.0,3.07826274226225,Oil & Gas E&P,Energy,CHRD
2021Q2,2021,Q2,2021-08-05,2021-06-30,73364000.0,393060000.0,375573000.0,3.52,174055000.0,0.44282043453925607,2936716000.0,836067000.0,732332000.0,691425000.0,1914943000.0,32833000.0,-20140000.0,2001347259.7120001,2660651259.712,42.00497387459807,1.0591633221245977,0.35693577451820335,1.2537499985049045,0.19036803343050454,42.00497387459807,0.08774894834983321,5.0917093057344935,6.819922781309634,2.3937642075479597,0.10228449920942151,6.670270764170195,0.003749474242206147,0.13384338151867597,0.999994214846151,0.02498164616530846,21.215770300022264,0.44282043453925607,2.6,0.0,0.0,2.149614484355898,0.012477459135594206,2.682969352174711,1.4899592269698678,0.0,0.0,2.827134429756901,Oil & Gas E&P,Energy,CHRD
2021Q1,2021,Q1,2021-05-07,2021-03-31,-43592000.0,355459000.0,150835000.0,-2.2,171910000.0,0.48362821028585573,2297178000.0,864777000.0,422523000.0,508639000.0,1335175000.0,29423000.0,-93504000.0,1174140280.23,1739401280.23,43.741881638846735,0.8306932814825446,0.29528186322522676,0.7843814069985673,0.08833780177899596,43.741881638846735,-0.050408371175459106,3.303166554314281,-6.733691274947238,1.3577376366739635,-0.17285281703064784,6.238282975903205,0.006417461462546863,0.15473724717892998,0.7507721586429669,-0.01897632660594869,6.970053012555282,0.48362821028585573,-1.0565407350295555,0.0,0.0,1.9153870014732106,0.516028043564531,-1.0566672256432454,4.995099986756721,0.0,0.0,2.3852555007767395,Oil & Gas E&P,Energy,CHRD
2020Q4,2020,Q4,2020-12-31,2020-12-31,769263000.0,258125000.0,-37755000.0,38.91,113395000.0,0.43930266343825664,2159037000.0,915942000.0,271617000.0,341231000.0,1146298000.0,33929000.0,-49912000.0,732676219.77,1431789219.77,46.3298937784522,0.7959915716919037,0.33115180517980936,0.7805832683728883,-0.02320906562257035,46.3298937784522,0.8398599474639223,2.8384550886973363,0.2381097946248552,0.799915518417105,0.0,4.265672433611365,0.0,0.11955561669392419,0.65174324724307,0.3562991278055911,7.8571176382841825,0.43930266343825664,14.971525521104509,1275.6175039924863,8.335905496433847,1.6005235758424496,0.00020287196133084008,14.811073807429217,-1.9800384176098016,0.0,0.0,0.0,Oil & Gas E&P,Energy,CHRD
2020Q3,2020,Q3,2020-09-30,2020-09-30,-55699000.0,271059000.0,38524000.0,-2.78495,113372000.0,0.4182558040869331,2506777000.0,-810015000.0,339441000.0,575294000.0,3144928000.0,35736000.0,-3905467000.0,5600000.000000001,772454000.0,-40.50075,0.5900304887587912,0.3395272096401076,-1.0507447392949514,0.7878471977717432,-40.50075,0.06876292414338006,0.020659708771890994,-0.025135101168782207,-0.0069134522200206185,0.0,4.412553167674054,0.0,0.10813047989510036,0.4980740282359976,-0.022219367737936004,0.07617285797842677,0.4182558040869331,0.4007187200757454,0.0,0.0,-3.4027767960521014,2.655392551990972,0.4007187200757453,4.432287954383464,0.0,0.0,0.0,Oil & Gas E&P,Energy,CHRD
2020Q2,2020,Q2,2020-08-05,2020-06-30,-92943000.0,166352000.0,-11224000.0,-4.64715,31015000.0,0.18644200250072135,2625626000.0,-759124000.0,418835000.0,361353000.0,3215537000.0,36920000.0,-3849768000.0,15000000.0,2719809000.0,-37.9562,1.159074367723528,1.0518150719104702,-3.6379735063046352,-0.0054456007184407506,-37.9562,0.1224345429732165,0.09017024141579302,-0.04034730964139311,-0.019759617664571266,0.0,3.66568255687974,0.0,0.0633570813207974,0.771882342197242,-0.03539841546358849,-0.0879445597495339,0.18644200250072135,0.9784398058763667,0.0,0.0,-3.281424116223058,2.7489004172775457,0.9784398058763667,0.9976917356568435,0.0,0.0,0.0,Oil & Gas E&P,Energy,CHRD
2020Q1,2020,Q1,2020-05-18,2020-03-31,-4310861000.0,387798000.0,-4862528000.0,-215.54305,-17734000.0,-0.0457299934501983,2869835000.0,-670739000.0,654620000.0,498674000.0,3369007000.0,33000000.0,-3756825000.0,7000000.0,2672400000.0,-33.53695,1.312721336985686,0.9679762076913829,-4.141599042250413,-2.1794904737245733,-33.53695,6.427031975179616,0.0180506346087396,-0.0004059513865095627,-0.010436250165861832,0.0,12.288848484848485,0.0,0.1351290230971467,0.7111980973541833,-1.5021285195838785,-0.17576457590518757,-0.0457299934501983,-55.420451273460195,0.0,0.0,-2.577152686506801,0.898951566951567,-55.4204512734602,-21.03908771166467,0.0,0.0,0.0,Oil & Gas E&P,Energy,CHRD
2019Q4,2019,Q4,2019-12-31,2019-12-31,-76406000.0,342917000.0,-220632000.0,-3.8203,-175500000.0,-0.511785650755139,7499253000.0,3636138000.0,437351000.0,602883000.0,3662172000.0,35259000.0,554446000.0,65199999.99999999,2780851000.0,181.8069,0.7254326295483535,0.3647923333163983,0.7523559336856852,-0.031885408845239036,181.8069,-0.02101295385378663,0.1901334725312539,-0.2133340313587938,0.017931112625538412,0.0,14.703111262372728,0.0,0.04572682105804405,0.6488821214066411,-0.010188481439418032,0.6652518161782711,-0.511785650755139,-4.766068611987381,0.0,0.0,8.687720613459057,-3.7988198708236984,-4.766068611987381,-27.138135292027012,0.0,0.0,12.51704926926607,Oil & Gas E&P,Energy,CHRD
2019Q3,2019,Q3,2019-11-06,2019-09-30,20288000.0,482743000.0,8441000.0,1.0144,62705000.0,0.12989313154204205,7666977000.0,3705326000.0,495614000.0,593861000.0,3767316000.0,36758000.0,630852000.0,69200000.0,2875779000.0,185.2663,0.8345622965643475,0.36505378847491,0.7553610667455442,0.0030401888820143362,185.2663,0.005475361682076017,0.1433474954582459,0.8527208201892744,0.018675819617491145,0.0,11.42711790630611,0.0,0.06296392959050223,0.6753129099233659,0.0026461537578631057,1.1126654125062305,0.12989313154204205,6.245714285714285,0.0,0.0,9.9306971206216,0.0,0.0,0.0,0.0,0.0,12.744214483410289,Oil & Gas E&P,Energy,CHRD
2019Q2,2019,Q2,2019-08-09,2019-06-30,0.0,0.0,0.0,0.14,0.0,0.0,7710288000.0,3676772000.0,471720000.0,558428000.0,3843830000.0,30056000.0,610564000.0,1770198840.0,4672322840.0,11.672959089725762,0.8447284161968955,0.3756700138827499,0.7877899418294091,,11.672959089725762,0.0,0.0,0.0,0.4814546129050156,0.0,0.0,0.0,0.0,0.7455965675073599,0.0,-23.90642213729118,0.0,1.3783783783783785,0.0,0.0,-0.2561737404545336,0.0,0.0,0.0,0.0,0.0,-0.12473886701956939,Oil & Gas E&P,Energy,CHRD
2019Q1,2019,Q1,2019-05-08,2019-03-31,0.0,0.0,0.0,-0.37,0.0,0.0,7646346000.0,3624786000.0,521530000.0,668846000.0,3835211000.0,36269000.0,567807000.0,1946532160.0000002,4753168160.0,11.52687112038262,0.7797460102923542,0.365054497926199,0.7700683571388766,,11.52687112038262,0.0,0.0,0.0,0.5370060908423284,0.0,0.0,0.0,0.0,0.7058141934017697,0.0,-31.13355554844695,0.0,-1.5285714285714285,0.0,0.0,-0.24498100060047187,0.0,0.0,0.0,0.0,0.0,-0.23173651948763213,Oil & Gas E&P,Energy,CHRD
2018Q4,2018,Q4,2019-03-01,2018-12-31,0.0,0.0,0.0,0.7,0.0,0.0,7626142000.0,3734576000.0,554155000.0,611776000.0,3707262000.0,33128000.0,682689000.0,1732327800.0,4445413800.0,11.921649747813317,0.9058135657495554,0.35867100297896365,0.7324194232491185,,11.921649747813317,0.0,0.0,0.0,0.4638619752282455,0.0,0.0,0.0,0.0,0.6698399414164662,0.0,-23.538341757704224,0.0,2.4999999999999996,0.0,0.0,-0.16699117908436897,0.0,0.0,0.0,-1.0,-1.0,-0.3308309451263226,Oil & Gas E&P,Energy,CHRD
2018Q3,2018,Q3,2018-11-06,2018-09-30,0.0,0.0,0.0,0.2,0.0,0.0,7416431000.0,3505526000.0,483496000.0,816686000.0,3772348000.0,31409000.0,460712000.0,4468893090.0,7085010090.0,11.193791172122223,0.5920219031549457,0.355023730416962,0.7511024023213635,,11.193791172122223,0.0,0.0,0.0,1.2748138481928246,0.0,0.0,0.0,0.0,0.5449781188853489,0.0,-58.15009681071164,0.0,1.196078431372549,0.0,0.0,0.06043460357906152,0.0,0.0,0.0,0.0,0.0,-0.3359090464194333,Oil & Gas E&P,Energy,CHRD
2018Q2,2018,Q2,2018-08-07,2018-06-30,0.0,0.0,0.0,-1.02,0.0,0.0,7465335000.0,3436143000.0,424955000.0,832515000.0,3891084000.0,23222000.0,398371000.0,4060543840.0,6800952840.0,10.975567920478356,0.5104472592085428,0.3693713677952831,0.802493085997876,,10.975567920478356,0.0,0.0,0.0,1.1817156154444097,0.0,0.0,0.0,0.0,0.47464850483174476,0.0,188.54679791976227,0.0,-505.45103857566767,0.0,0.0,0.10326061563998727,0.0,0.0,0.0,0.0,0.0,-0.34029419849659664,Oil & Gas E&P,Energy,CHRD
2018Q1,2018,Q1,2018-05-08,2018-03-31,0.0,0.0,0.0,0.002022,0.0,0.0,7638930000.0,3748532000.0,418857000.0,670013000.0,3752772000.0,23039000.0,718575000.0,2349850500.0,5028649500.0,12.921294014236224,0.625147571763533,0.35299891476947687,0.7193573377524856,,12.921294014236224,0.0,0.0,0.0,0.6268721995703919,0.0,0.0,0.0,0.0,0.5801573999310461,0.0,-88.743929151403,0.0,-0.9961115384615385,0.0,0.0,0.4057174591247879,0.0,0.0,0.0,0.0,0.0,-0.3923462459258546,Oil & Gas E&P,Energy,CHRD
2017Q4,2017,Q4,2017-12-31,2017-12-31,0.0,0.0,0.0,0.52,0.0,0.0,,,,,,,,2019602630.0,,,0.0,0.0,0.0,0.0,,0.0,0.0,0.0,0.0,0.0,0.0,,0.0,0.0,0.0,0.0,0.0,3.888888888888889,0.0,0.0,0.0,0.0,0.0,0.0,0.0,0.0,0.0,Oil & Gas E&P,Energy,CHRD
2017Q3,2017,Q3,2017-09-30,2017-09-30,0.0,0.0,0.0,-0.18,0.0,0.0,,,,,,,,2128507679.9999998,,,0.0,0.0,0.0,0.0,,0.0,0.0,0.0,0.0,0.0,0.0,,0.0,0.0,0.0,0.0,0.0,-3.571428571428571,0.0,0.0,0.0,0.0,0.0,0.0,0.0,0.0,0.0,Oil & Gas E&P,Energy,CHRD
2017Q2,2017,Q2,2017-06-30,2017-06-30,0.0,0.0,0.0,0.07,0.0,0.0,,,,,,,,1877928150.0000002,,,0.0,0.0,0.0,0.0,,0.0,0.0,0.0,0.0,0.0,0.0,,0.0,0.0,0.0,0.0,0.0,-0.3,0.0,0.0,0.0,0.0,0.0,0.0,0.0,0.0,0.0,Oil & Gas E&P,Energy,CHRD
2017Q1,2017,Q1,2017-03-31,2017-03-31,0.0,0.0,0.0,0.1,0.0,0.0,,,,,,,,3323549680.0,,,0.0,0.0,0.0,0.0,,0.0,0.0,0.0,0.0,0.0,0.0,,0.0,0.0,0.0,0.0,0.0,1.4,0.0,0.0,0.0,0.0,0.0,0.0,0.0,0.0,0.0,Oil & Gas E&P,Energy,CHRD
2016Q4,2016,Q4,2017-02-23,2016-12-31,0.0,0.0,0.0,-0.25,0.0,0.0,6178632000.0,2923157000.0,238549000.0,381115000.0,3255475000.0,10648000.0,591505000.0,3290406480.0,5576394480.0,13.450191412217253,0.6259239337207929,0.37179977703802397,0.7858674713674291,,13.450191412217253,0.0,0.0,0.0,1.1256345382748858,0.0,0.0,0.0,0.0,0.565606181861118,0.0,-4.313222496772037,0.0,-0.3157894736842105,1.0,-1.0,0.9522179696629205,0.0,0.0,0.0,0.0,0.0,-0.060186440099390316,Oil & Gas E&P,Energy,CHRD
2016Q3,2016,Q3,2016-11-08,2016-09-30,0.0,0.0,0.0,-0.19,0.0,0.0,5398261000.0,2387504000.0,222845000.0,291143000.0,3010757000.0,8513000.0,646193000.0,2031566400.0,4143363400.0,13.479584462511292,0.7654142466073373,0.3937514321741761,0.8902908644341538,,13.479584462511292,0.0,0.0,0.0,0.850916438255182,0.0,0.0,0.0,0.0,0.6691110553920239,0.0,-26.399407445909947,0.0,0.6274509803921569,0.0,0.0,0.9191180928663727,0.0,0.0,0.0,0.0,0.0,0.2769773516512376,Oil & Gas E&P,Energy,CHRD
2016Q2,2016,Q2,2016-08-09,2016-06-30,0.0,0.0,0.0,-0.51,0.0,0.0,5435539000.0,2360355000.0,226237000.0,366071000.0,3075184000.0,9018000.0,680135000.0,1653030560.0,3773916560.0,13.336544546399674,0.6180139918212587,0.391379953303619,0.9012885773538303,,13.336544546399674,0.0,0.0,0.0,0.7003313315158102,0.0,0.0,0.0,0.0,0.5378382882009227,0.0,179.4431784628745,0.0,-0.27499999999999997,0.0,0.0,1.119083893899268,0.0,0.0,0.0,0.0,0.0,0.3405852392674858,Oil & Gas E&P,Energy,CHRD
2016Q1,2016,Q1,2016-05-10,2016-03-31,0.0,0.0,0.0,-0.4,0.0,0.0,5560268000.0,2444449000.0,326363000.0,282463000.0,3115819000.0,10723000.0,770066000.0,1186072160.0,3368613160.0,15.003799364112888,1.1554185857970778,0.39601292599565346,0.9007911394346947,,15.003799364112888,0.0,0.0,0.0,0.48521043392600954,0.0,0.0,0.0,0.0,0.7668013155705349,0.0,-7.935610121636269,0.0,-24.494758064516194,0.0,0.0,1.53444063765633,-1.0,-1.0,1.0,0.0,0.0,0.6322748090169179,Oil & Gas E&P,Energy,CHRD
2015Q4,2015,Q4,2016-02-25,2015-12-31,3968000.0,182067000.0,-31802000.0,0.0170250742272641,1920000.0,0.010545568389658751,5649375000.0,2319342000.0,365286000.0,370568000.0,3330033000.0,11072000.0,834521000.0,959470820.0,3252324820.0,17.81560229210514,0.9857462058245721,0.40758207766345833,0.9927746748862393,-0.004811868800081521,17.81560229210514,0.0017108300543861147,5.269877682391647,60.45053049395162,0.41368233749054695,0.0,16.270502167630056,0.0,0.032227812811151675,0.5589770298568684,0.0007023785817015157,-33.60315273351311,0.010545568389658751,-0.9148746288636795,3.47623730947852,5.6321232611558765,6.524994463543209,0.0,0.0,0.0,0.0,0.0,1.0667313249497659,Oil & Gas E&P,Energy,CHRD
2015Q3,2015,Q3,2015-11-05,2015-09-30,0.0,0.0,0.0,0.2,0.0,0.0,5725108000.0,2309482000.0,363650000.0,415933000.0,3415626000.0,12929000.0,830553000.0,1189281520.0,3557016520.0,16.85581035514619,0.8742994665006143,0.41571268175202986,1.0305341197723126,,16.85581035514619,0.0,0.0,0.0,0.5149559598212933,0.0,0.0,0.0,0.0,0.5059637008845175,0.0,-11.574290719402056,0.0,1.512820512820513,0.0,0.0,1.8399287106667546,0.0,0.0,0.0,0.0,0.0,1.0708212726083697,Oil & Gas E&P,Energy,CHRD
2015Q2,2015,Q2,2015-08-05,2015-06-30,0.0,0.0,0.0,-0.39,0.0,0.0,5783932000.0,2276932000.0,377653000.0,545264000.0,3507000000.0,17669000.0,803498000.0,2169215150.0,4510531150.0,16.637064423969196,0.6926057836204114,0.40716246318248556,1.034286487255658,,16.637064423969196,0.0,0.0,0.0,0.9526921093822739,0.0,0.0,0.0,0.0,0.4483644619853869,0.0,-24.993261475712046,0.0,-1.2941176470588234,0.0,0.0,0.0,0.0,0.0,0.0,0.0,0.0,1.1024247551373907,Oil & Gas E&P,Energy,CHRD
2015Q1,2015,Q1,2015-05-07,2015-03-31,0.0,0.0,0.0,-0.17,0.0,0.0,5916937000.0,2324245000.0,546587000.0,642239000.0,3592692000.0,21956000.0,856728000.0,1554288660.0,3909100660.0,21.264237944063748,0.8510647905219085,0.3997000475076885,1.017534726330486,,21.264237944063748,0.0,0.0,0.0,0.6687284085799906,0.0,0.0,0.0,0.0,0.3944902131449507,0.0,-5.740635932513888,0.0,-1.0960451977401129,0.0,0.0,0.0,0.0,0.0,0.0,0.0,0.0,2.0089192749172438,Oil & Gas E&P,Energy,CHRD
2014Q4,2014,Q4,2015-02-26,2014-12-31,0.0,0.0,0.0,1.77,0.0,0.0,5938412000.0,1872301000.0,696607000.0,795128000.0,4066111000.0,21354000.0,874769000.0,1650146279.767,4304335279.767,18.76673649603576,0.8760941634554437,0.45466700525325626,1.4420758200738022,,18.76673649603576,0.0,0.0,0.0,0.881346685050641,0.0,0.0,0.0,0.0,0.44305067863287423,0.0,-8.144245390356094,0.0,0.46280991735537197,-1.0,-1.0,6.926736683722663,0.0,0.0,0.0,1.0,-1.0,1.7238839282399794,Oil & Gas E&P,Energy,CHRD
2014Q3,2014,Q3,2014-11-05,2014-09-30,0.0,0.0,0.0,1.21,0.0,0.0,5457475000.0,1690087000.0,531678000.0,669605000.0,3767388000.0,24648000.0,698265000.0,4169084249.715,6651890249.715,16.94917514917515,0.794017368448563,0.4672490483236295,1.5087980677917765,,16.94917514917515,0.0,0.0,0.0,2.4667867687965175,0.0,0.0,0.0,0.0,0.6822440095280053,0.0,-21.204735491478097,0.0,2.102564102564102,0.0,0.0,0.0,0.0,0.0,0.0,0.0,0.0,1.413091351473542,Oil & Gas E&P,Energy,CHRD
2014Q2,2014,Q2,2014-08-06,2014-06-30,0.0,0.0,0.0,0.39,0.0,0.0,5036979000.0,1564024000.0,443228000.0,660709000.0,3472955000.0,17636000.0,576678000.0,5570164970.337,7843207970.337,15.693125834060785,0.6708369342630417,0.4566229082948331,1.4705656690690168,,15.693125834060785,0.0,0.0,0.0,3.56143190279497,0.0,0.0,0.0,0.0,0.5914510018782853,0.0,-98.61317111333982,0.0,-0.7705882352941177,0.0,0.0,0.0,0.0,0.0,0.0,0.0,0.0,1.493528221211561,Oil & Gas E&P,Energy,CHRD
2014Q1,2014,Q1,2014-05-07,2014-03-31,0.0,0.0,0.0,1.7,0.0,0.0,4792084000.0,1519982000.0,447808000.0,549582000.0,3272102000.0,19862000.0,537845000.0,4154638799.9999995,6358340800.0,15.266994777018883,0.8148156235102314,0.47161109863683526,1.4868597128123886,,15.266994777018883,0.0,0.0,0.0,2.733347368587259,0.0,0.0,0.0,0.0,0.716180660938677,0.0,-55.663854872852966,0.0,1.9824561403508771,0.0,0.0,0.0,0.0,0.0,0.0,0.0,0.0,1.5788995866148978,Oil & Gas E&P,Energy,CHRD
2013Q4,2013,Q4,2014-02-27,2013-12-31,0.0,0.0,0.0,0.57,0.0,0.0,4711924000.0,1348549000.0,447606000.0,466418000.0,3363375000.0,20652000.0,367892000.0,4425889254.228001,6869558254.228001,14.311552829307637,0.9596670797439207,0.5381177625106007,1.8802208892669083,,14.311552829307637,0.0,0.0,0.0,3.2819639881294638,0.0,0.0,0.0,0.0,0.8726357044539448,0.0,-2.9404287540920224,0.0,-0.0338983050847458,-1.0,-1.0,5.044946111811786,0.0,0.0,0.0,-1.0,-1.0,5.044946111811786,Oil & Gas E&P,Energy,CHRD
2013Q3,2013,Q3,2013-11-07,2013-09-30,0.0,0.0,0.0,0.59,0.0,0.0,4083383000.0,975878000.0,1423274000.0,424188000.0,3107505000.0,18358000.0,313402000.0,4542019462.449,6776579462.449,10.55585241592662,3.3552905787056684,0.5779521538880874,2.418335078770092,,10.55585241592662,0.0,0.0,0.0,4.654290251905463,0.0,0.0,0.0,0.0,0.9443124275085575,0.0,-25.365057925284535,0.0,-0.18055555555555558,0.0,0.0,0.0,0.0,0.0,0.0,0.0,0.0,0.7784887056704807,Oil & Gas E&P,Energy,CHRD
2013Q2,2013,Q2,2013-08-07,2013-06-30,0.0,0.0,0.0,0.72,0.0,0.0,2758144000.0,919213000.0,416087000.0,360765000.0,1838931000.0,16385000.0,258903000.0,3670088372.399,4708487372.399,9.948300306280371,1.1533463612046624,0.4350751809912753,1.3054645658840769,,9.948300306280371,0.0,0.0,0.0,3.9926419365250494,0.0,0.0,0.0,0.0,1.0669105927681455,0.0,-150.6728127267838,0.0,0.28571428571428553,0.0,0.0,0.0,0.0,0.0,0.0,0.0,0.0,0.0,Oil & Gas E&P,Energy,CHRD
2013Q1,2013,Q1,2013-05-08,2013-03-31,0.0,0.0,0.0,0.56,0.0,0.0,2646718000.0,849107000.0,440510000.0,356891000.0,1797611000.0,25406000.0,191784000.0,3465910000.0000005,4525812000.0,9.191956698240865,1.2342984272508972,0.4631740140052699,1.4437414836999343,,9.191956698240865,0.0,0.0,0.0,4.081829498520211,0.0,0.0,0.0,0.0,1.1341698165546343,0.0,-73.5377989009357,0.0,0.21739130434782614,0.0,0.0,0.0,0.0,0.0,0.0,0.0,0.0,0.0,Oil & Gas E&P,Energy,CHRD
2012Q4,2012,Q4,2013-03-01,2012-12-31,0.0,0.0,0.0,0.46,0.0,0.0,2528794000.0,795005000.0,492686000.0,330785000.0,1733789000.0,20707000.0,139933000.0,2932786707.774,3945230707.774,8.62018302864702,1.4894448055383407,0.4847729787400634,1.5419915598015106,,8.62018302864702,0.0,0.0,0.0,3.689016682629669,0.0,0.0,0.0,0.0,1.3569932131142586,0.0,-17.706749991088625,0.0,1.3,-1.0,-1.0,2.641012439643606,0.0,0.0,0.0,-1.0,-1.0,2.641012439643606,Oil & Gas E&P,Energy,CHRD
2012Q3,2012,Q3,2012-11-08,2012-09-30,0.0,0.0,0.0,0.2,0.0,0.0,2480901000.0,750364000.0,641706000.0,354953000.0,1730537000.0,21142000.0,97343000.0,2739767827.814,3785677827.814,8.139674137070704,1.8078618859398286,0.5345690940509114,1.7674262091464943,,8.139674137070704,0.0,0.0,0.0,3.651251696262081,0.0,0.0,0.0,0.0,1.6879305147442056,0.0,-12.102677515003734,0.0,-0.7560975609756097,0.0,0.0,0.0,0.0,0.0,0.0,0.0,0.0,0.0,Oil & Gas E&P,Energy,CHRD
2012Q2,2012,Q2,2012-08-07,2012-06-30,0.0,0.0,0.0,0.82,0.0,0.0,2036370000.0,729414000.0,442597000.0,355045000.0,1306956000.0,19550000.0,79029000.0,2228815680.0,2789929680.0,7.913274605103281,1.2465940937064315,0.3928559151824079,1.096770832476481,,7.913274605103281,0.0,0.0,0.0,3.055625035987793,0.0,0.0,0.0,0.0,1.0903265783210578,0.0,-36.116991784284814,0.0,3.5555555555555554,0.0,0.0,0.0,0.0,0.0,0.0,0.0,0.0,0.0,Oil & Gas E&P,Energy,CHRD
2012Q1,2012,Q1,2012-05-08,2012-03-31,0.0,0.0,0.0,0.18,0.0,0.0,1813410000.0,651089000.0,455097000.0,231862000.0,1162321000.0,10422000.0,2986000.0,2840367900.0,3353069900.0,7.067068273092369,1.9627925231387635,0.44115781869516546,1.228710667819607,,7.067068273092369,0.0,0.0,0.0,4.362487924077968,0.0,0.0,0.0,0.0,1.8664895498184264,0.0,-13.707677718256841,0.0,4.130530557421086,0.0,0.0,0.0,-1.0,1.0,-1.0,0.0,0.0,0.0,Oil & Gas E&P,Energy,CHRD
2011Q4,2011,Q4,2012-02-28,2011-12-31,-13401000.0,116876000.0,54840000.0,-0.0574982408567457,104986000.0,0.898268250111229,1727382000.0,634238000.0,623640000.0,182584000.0,1093144000.0,3543000.0,-13455000.0,2677909040.0,3027031040.0,6.889697575388894,3.415633352320028,0.4747033371888789,1.292880590566948,0.023367092412409883,6.889697575388894,-0.021129292158464173,22.91239467469797,-49.957261398403105,4.222246286094494,0.0,3.355913068021451,0.0,0.06766077219746414,3.364111860842133,-0.00775798288971403,-14.097671225665161,0.898268250111229,-1.0798586678565913,-22.379169464202192,5.0208648126593864,1.9100860728836104,0.0,0.0,0.0,-22.379169464202192,5.0208648126593864,1.9100860728836104,Oil & Gas E&P,Energy,CHRD
2011Q3,2011,Q3,2011-11-09,2011-09-30,0.0,0.0,0.0,0.72,0.0,0.0,1314376000.0,646615000.0,425455000.0,168877000.0,667761000.0,2813000.0,-54000.0,2055699799.9999998,2417037800.0,7.023843145774495,2.519318794151957,0.3993826728424743,0.8118262026089713,,7.023843145774495,0.0,0.0,0.0,3.17917122244303,0.0,0.0,0.0,0.0,2.2987381348555456,0.0,-14.997116864736306,0.0,1.0,0.0,0.0,0.0,0.0,0.0,0.0,0.0,0.0,0.0,Oil & Gas E&P,Energy,CHRD
2011Q2,2011,Q2,2011-08-10,2011-06-30,0.0,0.0,0.0,0.36,0.0,0.0,1180838000.0,579308000.0,505883000.0,124635000.0,601530000.0,1041000.0,-66343000.0,2731984640.0,2956918640.0,6.2935424995654445,4.05891603482168,0.44454785499789135,0.9061483701243552,,6.2935424995654445,0.0,0.0,0.0,4.715944955015294,0.0,0.0,0.0,0.0,4.028017812011072,0.0,-65.21650569334702,0.0,6.142857142857142,0.0,0.0,0.0,0.0,0.0,0.0,0.0,0.0,0.0,Oil & Gas E&P,Energy,CHRD
2011Q1,2011,Q1,2011-05-13,2011-03-31,0.0,0.0,0.0,-0.07,0.0,0.0,1101593000.0,544915000.0,544602000.0,82064000.0,556678000.0,1008000.0,-99692000.0,2910526232.047,3070510232.047,5.919964800591003,6.636308247221681,0.4674811840670738,0.945053815732729,,5.919964800591003,0.0,0.0,0.0,5.341248143374655,0.0,0.0,0.0,0.0,6.472216806395009,0.0,-42.6257118678256,0.0,-11.280252047889098,0.0,0.0,0.0,-1.0,-1.0,-1.0,0.0,0.0,0.0,Oil & Gas E&P,Energy,CHRD
2010Q4,2010,Q4,2011-03-10,2010-12-31,1587000.0,49147000.0,13151000.0,0.00680917157224501,43510000.0,0.8853032738519137,691852000.0,551794000.0,205903000.0,82263000.0,140058000.0,1323000.0,-92845000.0,6320804393.068,6177284393.068,2.3675236411691007,2.502984330744077,0.0,0.0,0.00694896935416321,2.3675236411691007,0.0028760733172162076,128.61017748932792,995.7158779250157,11.455007472114593,0.0,4.26077097505669,0.0,0.07103686915698733,2.450919611489977,0.002293843191896533,-48.7927221103872,0.8853032738519137,1.3404585786122505,0.0,0.0,0.0,0.0,0.0,0.0,0.0,0.0,0.0,Oil & Gas E&P,Energy,CHRD
2010Q3,2010,Q3,2010-11-10,2010-09-30,0.0,0.0,0.0,-0.02,0.0,0.0,647518000.0,546047000.0,311201000.0,52863000.0,101471000.0,1350000.0,-94432000.0,1782040091.9999998,1512417091.9999998,5.93529347826087,5.886934150540076,0.0,0.0,,5.93529347826087,0.0,0.0,0.0,3.2635287658388377,0.0,0.0,0.0,0.0,5.8356506441178135,0.0,-33.723295270896806,0.0,0.9938650306748467,0.0,0.0,0.0,0.0,0.0,0.0,0.0,0.0,0.0,Oil & Gas E&P,Energy,CHRD
2010Q2,2010,Q2,2010-06-30,2010-06-30,0.0,0.0,0.0,-3.26,0.0,0.0,,,,,,,,117276000.0,,,0.0,0.0,0.0,0.0,,0.0,0.0,0.0,0.0,0.0,0.0,,0.0,0.0,0.0,0.0,0.0,-92.04184028768765,0.0,0.0,0.0,0.0,0.0,0.0,0.0,0.0,0.0,Oil & Gas E&P,Energy,CHRD
2010Q1,2010,Q1,2010-03-31,2010-03-31,0.0,0.0,0.0,-0.035038,0.0,0.0,,,,,,,,469375851.55,,,0.0,0.0,0.0,0.0,,0.0,0.0,0.0,0.0,0.0,0.0,,0.0,0.0,0.0,0.0,0.0,0.0,0.0,0.0,0.0,0.0,0.0,0.0,0.0,0.0,0.0,Oil & Gas E&P,Energy,CHRD
2009Q3,2009,Q3,2009-09-30,2009-09-30,0.0,0.0,0.0,-0.001854,0.0,0.0,,,,,,,,358717497.55,,,0.0,0.0,0.0,0.0,,0.0,0.0,0.0,0.0,0.0,0.0,,0.0,0.0,0.0,0.0,0.0,0.9709386168411812,0.0,0.0,0.0,0.0,0.0,0.0,0.0,0.0,0.0,Oil & Gas E&P,Energy,CHRD
2009Q2,2009,Q2,2009-06-30,2009-06-30,0.0,0.0,0.0,-0.063796,0.0,0.0,,,,,,,,334741520.84999996,,,0.0,0.0,0.0,0.0,,0.0,0.0,0.0,0.0,0.0,0.0,,0.0,0.0,0.0,0.0,0.0,-0.06730463587238394,0.0,0.0,0.0,0.0,0.0,0.0,0.0,0.0,0.0,Oil & Gas E&P,Energy,CHRD
2009Q1,2009,Q1,2009-03-31,2009-03-31,0.0,0.0,0.0,-0.059773,0.0,0.0,,,,,,,,279412343.84999996,,,0.0,0.0,0.0,0.0,,0.0,0.0,0.0,0.0,0.0,0.0,,0.0,0.0,0.0,0.0,0.0,0.0,0.0,0.0,0.0,0.0,0.0,0.0,0.0,0.0,0.0,Oil & Gas E&P,Energy,CHRD
