Quarters,Year,Quarter,FillingDate,Date,NetIncome,Revenue,OperatingIncome,EPSDiluted,GrossProfit,GrossProfitRatio,TotalAssets,CommonStockEquity,CurrentAssets,CurrentLiability,TotalLiability,Inventory,RetainedEarnings,MarketCap,EnterpriseValue,bookValuePerShare,currentRatio,debtToAssets,debtToEquity,roic,shareholdersEquityPerShare,roe,priceToSalesRatio,peRatio,pbRatio,payoutRatio,inventoryTurnover,dividendYield,assetTurnover,quickRatio,returnOnAssets,priceToFreeCashFlowsRatio,grossProfitMargin,epsdilutedGrowth,fiveYNetIncomeGrowthPerShare,fiveYRevenueGrowthPerShare,fiveYShareholdersEquityGrowthPerShare,grossProfitGrowth,netIncomeGrowth,operatingIncomeGrowth,threeYNetIncomeGrowthPerShare,threeYRevenueGrowthPerShare,threeYShareholdersEquityGrowthPerShare,Industry,Sector,Symbol
2023Q1,2023,Q1,2023-04-26,2023-03-31,117757000.0,174187000.0,436847000.0,0.67,174187000.0,1.0,25385667000.0,4535227000.0,25075581000.0,14124014000.0,20824968000.0,0.0,-958064000.0,3080880529.65,22332852529.65,26.276189930414688,1.7753863030722004,0.7786984679189245,4.358718979226398,0.01769251958243974,26.276189930414688,0.025964962724026822,17.687201281668553,6.540758786420341,0.6793222323050203,0.9040226907954516,0.0,0.03455343333683039,0.006861627862683301,0.0494743208269264,0.004638719951695577,27.96402503017981,1.0,3.392857142857143,0.21321855821148128,0.28043593489446056,-0.02496809611324496,-0.08841753802032636,3.5060012768674187,0.9402918119434143,2.734351240249673,0.36002571194646993,-0.023928889406765644,REIT—Mortgage,Real Estate,BXMT
2022Q4,2022,Q4,2023-02-08,2022-12-31,-46990000.0,191082000.0,225145000.0,-0.28,191082000.0,1.0,25353985000.0,4518794000.0,24983083000.0,13618153000.0,20809785000.0,0.0,-968749000.0,3612266949.7000003,23764392949.7,26.482779460124018,1.834542687249879,0.8063216097982231,4.524097801316015,0.0092033255349682,26.482779460124018,-0.010398792244125312,18.90427643472436,-19.21827489731858,0.7993873917908186,-2.2548627367525005,0.0,0.029332272912111237,0.007536566736944902,0.03541060230414506,-0.0018533575688397701,27.740789845255925,1.0,-1.4745762711864407,-1.5156589674032777,0.514054431976405,-0.013876812878450665,0.22345724859458838,-1.455126590860663,-0.2661338426887184,-1.473167319570123,0.3843057035520274,-0.04544961292379822,REIT—Mortgage,Real Estate,BXMT
2022Q3,2022,Q3,2022-10-26,2022-09-30,103246000.0,156182000.0,306793000.0,0.59,156182000.0,1.0,24798629000.0,4658406000.0,421310000.0,13253644000.0,20114722000.0,0.0,-814505000.0,3990483539.16,22676342539.16,27.246621862494177,0.031788238766636556,0.7644679873230089,4.06958045305626,0.012845929211486487,27.246621862494177,0.02216337519743878,25.550214103801974,9.662562082695699,0.856619955229321,1.0226352594773647,0.0,0.02645869829154221,0.006298009458506759,0.031788238766636556,0.004163375322079297,48.07000673573132,1.0,0.09259259259259246,-0.005990302765613097,0.10488201338895474,0.027453273984531415,0.0619713329888215,0.10719571045576408,0.3303254341651671,0.08473800558550657,0.20588155909568553,-0.020605700519572206,REIT—Mortgage,Real Estate,BXMT
2022Q2,2022,Q2,2022-07-27,2022-06-30,93250000.0,147068000.0,230615000.0,0.54,147068000.0,1.0,25443247000.0,4637591000.0,24982102000.0,13969182000.0,20780260000.0,0.0,-811554000.0,4722317179.67,24152086179.67,27.17355444112021,1.788372576146549,0.7747969038700131,4.250773515818881,0.00939580236241881,27.17355444112021,0.020107422150853753,32.109753173158,12.66036777391421,1.0182694376606305,1.1321823056300269,0.0,0.022356821023059224,0.005780237090022355,0.02917851596464274,0.0036650196415575417,50.50714645949646,1.0,-0.05263157894736828,0.02563118853818946,0.12965650052942715,0.029992049462193516,0.09983697034056746,-0.06994604190977728,0.14663663529283075,-0.08073502710363631,0.02357066988819088,-0.08287990026907935,REIT—Mortgage,Real Estate,BXMT
2022Q1,2022,Q1,2022-04-27,2022-03-31,100263000.0,133718000.0,201123000.0,0.57,133718000.0,1.0,24068841000.0,4642938000.0,406517000.0,13140892000.0,19399004000.0,0.0,-798992000.0,5380586535.61,23817027535.61,27.43176753001829,0.03093526679924011,0.778843734104189,4.037500823831807,0.008586610778125222,27.43176753001829,0.021594731611751006,40.238311488430874,13.416181780941125,1.1588753792555488,1.0399748661021513,0.0,0.0193791140259356,0.005555647652498099,0.03093526679924011,0.004165676278305217,59.719267193611394,1.0,-0.32142857142857145,0.09468610923360118,0.044623252586161066,0.04401252959408129,-0.23123623799147977,-0.197003067410961,-0.09301098544293522,-0.03803804545629247,-0.07393664996178752,-0.008351092535785136,REIT—Mortgage,Real Estate,BXMT
2021Q4,2021,Q4,2022-02-09,2021-12-31,124861000.0,173939000.0,221748000.0,0.84,173939000.0,1.0,22672765000.0,4588187000.0,637255000.0,12318939000.0,18084578000.0,0.0,-794832000.0,4568957757.78,21524863757.78,30.748869520794713,0.0517296984748443,0.7721625483261525,3.8156814445444356,0.010029819329305594,30.748869520794713,0.027213581312182787,26.267586669924512,9.148088189626867,0.9958089671977189,0.7796749985984415,0.0,0.021307047506453996,0.007671715381868951,0.0517296984748443,0.005507091878736449,35.84592744274719,1.0,0.4999999999999998,0.4892314389065676,0.5413024774335905,0.17137300181804696,0.0,0.49075301168857527,0.0,0.41278429360607416,0.41883934107211357,0.13643274447514597,REIT—Mortgage,Real Estate,BXMT
2021Q3,2021,Q3,2021-10-27,2021-09-30,83757000.0,117424000.0,0.0,0.56,0.0,0.0,20705872000.0,4236550000.0,0.0,11207182000.0,16435320000.0,0.0,-814278000.0,4524193312.08,20268336312.08,28.392287229862873,0.0,0.7705699619895264,3.766112284760005,0.0,28.392287229862873,0.019770095950714616,38.52869355566153,13.503925976575092,1.0678956490729485,1.088243370703344,0.0,0.020146796061217522,0.0056710482900696,0.025864575055531355,0.004045084408905841,50.46563053776394,0.0,-0.37078651685393255,-0.1850469203038738,-0.13558673259820628,0.0667861562390104,0.0,-0.36352445001709793,0.0,-0.16552239043025213,-0.13034852068056196,-0.00045415802970705737,REIT—Mortgage,Real Estate,BXMT
2021Q2,2021,Q2,2021-07-28,2021-06-30,131595000.0,113951000.0,0.0,0.89,0.0,0.0,17901747000.0,3930961000.0,0.0,8757633000.0,13944792000.0,0.0,-800455000.0,4698762593.58,18195169593.58,26.679012568389656,0.0,0.7700901481849788,3.507020039120205,0.0,26.679012568389656,0.033476546829134146,41.23493952295285,8.926559887495726,1.1953216003872844,0.6927238876857024,0.0,0.01940063967576317,0.00636535640907002,0.04133959484257904,0.007350958540526799,57.07576791472821,0.0,0.648148148148148,0.3317945439421498,-0.20867061495569147,0.005259106733899355,0.0,0.6469550198993768,0.0,0.34710569904960986,-0.18694591151980705,-0.03758076693589117,REIT—Mortgage,Real Estate,BXMT
2021Q1,2021,Q1,2021-04-28,2021-03-31,79902000.0,109152000.0,0.0,0.54,0.0,0.0,17354710000.0,3883023000.0,0.0,8168628000.0,13450617000.0,0.0,-840717000.0,4567445016.0,17146735016.0,26.354715290129285,0.0,0.7409755622537052,3.3117022484801146,0.0,26.354715290129285,0.020577266732646187,41.844812884784524,14.290771870541414,1.176260098382111,1.1389452078796525,0.0,0.01992448725298459,0.006289474154278579,0.04255280078857796,0.004604052732658742,54.997652152971774,0.0,-0.0539883330941446,-0.10576008812141512,-0.1032239550364896,-0.006527057412588925,0.0,-0.04441733639494833,0.0,-0.03564937749037462,-0.060062849300340525,-0.022054251633178545,REIT—Mortgage,Real Estate,BXMT
2020Q4,2020,Q4,2021-02-10,2020-12-31,83616000.0,109450000.0,0.0,0.5708174844885284,0.0,0.0,16958955000.0,3886067000.0,0.0,7920082000.0,13054724000.0,0.0,-829284000.0,4032722442.03,16203880442.03,26.528834068765335,0.0,0.734781594738591,3.206616869961326,0.0,26.528834068765335,0.021516870398786227,36.84533980840567,12.057269069406573,1.0377387837188603,1.0840389399158057,0.0,0.022476875436627356,0.006453817466937084,0.045040821547049636,0.004930492474329934,53.54758855983854,0.0,-0.06423363198601895,-0.17726917533091283,-0.14238111881078017,0.0011715674712177299,0.0,-0.069485866904073,0.0,0.06884166894038234,0.010192954676742508,-0.01216190536568772,REIT—Mortgage,Real Estate,BXMT
2020Q3,2020,Q3,2020-10-29,2020-09-30,89860000.0,114961000.0,0.0,0.61,0.0,0.0,16876804000.0,3883364000.0,0.0,8676218000.0,12972852000.0,0.0,-821725000.0,3218267782.47,15592114782.47,26.510381623532695,0.0,0.7584892850565782,3.296336629787988,0.0,26.510381623532695,0.023139731428730347,27.994431002426907,8.953560489845316,0.8287319402636476,1.008691297574004,0.0,0.02816453015306067,0.0068117754996739905,0.05630978843546808,0.005324467831705576,37.60185753224751,0.0,3.692307692307692,-0.143795637420247,-0.15736367114953656,-0.004893140797306039,0.0,4.121979024167807,0.0,0.009755789126374707,-0.050777535205640704,-0.00030989048325932107,REIT—Mortgage,Real Estate,BXMT
2020Q2,2020,Q2,2020-07-29,2020-06-30,17544000.0,107129000.0,0.0,0.13,0.0,0.0,17663123000.0,3874763000.0,0.0,9456118000.0,13767339000.0,0.0,-820783000.0,3331632979.62,15661822979.619999,28.017203948031074,0.0,0.769401084961023,3.5073179959651726,0.0,28.017203948031074,0.004527760794660216,31.099263314508676,47.475390156463746,0.8598288410465363,4.783458732330141,0.0,0.025189149138982254,0.006065122232348153,0.13965857871062945,0.0009932558359017258,31.110298527607362,0.0,1.3333333333333333,-0.6493741441661841,0.14913339967947928,-0.08674416712264578,0.0,1.3288472352389877,0.0,-0.7618795804693349,0.015455537669709198,0.06196991553539127,REIT—Mortgage,Real Estate,BXMT
2020Q1,2020,Q1,2020-04-28,2020-03-31,-53350000.0,100636000.0,0.0,-0.39,0.0,0.0,16758089000.0,3650920000.0,355018000.0,183243000.0,13083662000.0,0.0,-747533000.0,2525230695.6800003,15116674695.68,26.920364351778225,1.937416436098514,0.7725500204707112,3.5460820834200693,0.0,26.920364351778225,-0.014612755141169897,25.092717274931438,-11.833320973195876,0.6916696875527265,-1.5689222118088098,0.0,0.03314627853336011,0.006005219330199285,2.333491593130433,-0.0031835372159677634,36.80182310039787,0.0,-1.67008960827041,-1.6510518261604017,-0.23369731957914108,0.08233238633080417,0.0,-1.67589824152435,0.0,-1.7269441489260302,-0.018837610288240547,0.024549280455191117,REIT—Mortgage,Real Estate,BXMT
2019Q4,2019,Q4,2020-02-11,2019-12-31,78932000.0,109711000.0,0.0,0.5820117118464823,0.0,0.0,16551871000.0,3762583000.0,150090000.0,198061000.0,12767190000.0,0.0,-592548000.0,5047749006.08,17488886006.08,27.743720833052155,0.7577968403673616,0.7607132148383708,3.346431693334074,0.0,27.743720833052155,0.020978141877534662,46.0095068505437,15.987650781938882,1.3415648255679675,1.054819338164496,0.0,0.01649428287732111,0.00662831410418798,1.094304279994547,0.0047687660204698305,66.90545563820481,0.0,0.039306628297289654,0.5864091476692574,0.11582761463566224,0.1090139528555457,0.0,0.053873986942067104,0.0,0.035807538967956805,0.06962526960052345,0.05689236906210212,REIT—Mortgage,Real Estate,BXMT
2019Q3,2019,Q3,2019-10-23,2019-09-30,74897000.0,101916000.0,0.0,0.56,0.0,0.0,15082416000.0,3742793000.0,84289000.0,154948000.0,11321799000.0,0.0,-587632000.0,4823140085.55,15923526085.55,27.81986976741503,0.543982497353951,0.7415705149625895,2.988323158667872,0.0,27.81986976741503,0.020010991791424213,47.324660362945956,16.099243245891024,1.2886472977666679,1.11164666141501,0.0,0.017262405512425767,0.006757272840107314,0.9370627565376771,0.004965848972737524,67.54435959429748,0.0,-0.0508474576271185,0.2439172987859784,0.1554759365184648,-0.07355134147669957,0.0,-0.0036847846329848086,0.0,-0.19174731737687314,-0.1678949374440476,0.045278659516923656,REIT—Mortgage,Real Estate,BXMT
2019Q2,2019,Q2,2019-07-23,2019-06-30,75174000.0,106478000.0,0.0,0.59,0.0,0.0,14565004000.0,3747363000.0,80584000.0,169837000.0,10788579000.0,0.0,-579131000.0,4477223637.599999,15044443637.599998,29.62922135180858,0.47447847053351155,0.7310539701877184,2.8414124812568198,0.0,29.62922135180858,0.0200605065482047,42.04834461203253,14.889535070636125,1.1947664631368777,1.0364354697102722,0.0,0.01740207912459003,0.007310536955568292,0.7751491135618269,0.005161275616539481,56.23805001256091,0.0,-0.04838709677419359,-0.14788389342243932,0.19118666845639617,0.1470475792560681,0.0,-0.018167570038529354,0.0,-0.11368324340795571,-0.1385650361810057,0.11642230060008166,REIT—Mortgage,Real Estate,BXMT
2019Q1,2019,Q1,2019-04-23,2019-03-31,76565000.0,106071000.0,0.0,0.62,0.0,0.0,14796220000.0,3439398000.0,79437000.0,144474000.0,11344631000.0,0.0,-570908000.0,4313113435.12,15446024435.119999,27.662781982148463,0.5498359566427177,0.7577846233700228,3.259973983819261,0.0,27.662781982148463,0.022261163145410913,40.662513176268725,14.083175847711095,1.254031500605629,0.9995428720694834,0.0,0.017743563008764403,0.007168790407279697,0.9730816617522876,0.00517463243990695,55.60142106842675,0.0,0.04677344124276913,0.789553760871867,0.6000946204946873,0.08267327685533521,0.0,0.03969202357350425,0.0,0.015434091120675451,0.032699621564329075,0.04278210230759179,REIT—Mortgage,Real Estate,BXMT
2018Q4,2018,Q4,2019-02-12,2018-12-31,73642000.0,102150000.0,0.0,0.5922962654305716,0.0,0.0,14467375000.0,3364124000.0,105662000.0,138695000.0,11092768000.0,0.0,-569428000.0,3961250909.2799997,14820144909.279999,27.057359681232942,0.7618299145607268,0.7578815092578992,3.2592603602007535,0.0,27.057359681232942,0.02189039405206229,38.77876563171806,13.447662031449445,1.1774984837895393,1.0075093017571495,0.0,0.018730194501485328,0.007060714193141465,1.1704892029272864,0.005090211596782416,58.88847294037195,0.0,-0.11597572323795294,2.1767097750726645,0.7078218726202823,0.43095664067960543,0.0,-0.05786477323610312,0.0,-0.14631137246478676,-0.056976578778565004,0.02111759353897799,REIT—Mortgage,Real Estate,BXMT
2018Q3,2018,Q3,2018-10-23,2018-09-30,78165000.0,105152000.0,0.0,0.67,0.0,0.0,12419475000.0,3300772000.0,86987000.0,130587000.0,9111482000.0,0.0,-566417000.0,3871888624.8,12773017624.8,28.405187673930325,0.6661229678298759,0.7237114290257841,2.723034490113222,0.0,28.405187673930325,0.023680823758805515,36.82182578362751,12.383703143350605,1.1730251664762061,0.8839889976332118,0.0,0.01784581290831142,0.008466702497488822,1.0165560124667845,0.0062937443007856616,44.137164570699014,0.0,0.015151515151515164,1.3360737615798293,0.7536278722146159,0.1506001053124232,0.0,0.08094092266843678,0.0,-0.0611469716999451,-0.028413569386925307,0.06623124075198478,REIT—Mortgage,Real Estate,BXMT
2018Q2,2018,Q2,2018-07-24,2018-06-30,72312000.0,103746000.0,0.0,0.66,0.0,0.0,12382347000.0,3023480000.0,107057000.0,121000000.0,9353685000.0,0.0,-570265000.0,3428041121.54,12559066121.54,27.72078076977968,0.8847685950413223,0.7460687380187294,3.055446703798272,0.0,27.72078076977968,0.02391681109185442,33.042634140496986,11.851563784503263,1.1338064487081112,0.9276468635911053,0.0,0.019568026643118342,0.008378540837209618,1.318495867768595,0.005839926792553948,54.90839828197078,0.0,0.17857142857142852,1.9919773825839422,0.35415384950874285,-0.5176395344673922,0.0,0.18625939171232653,0.0,0.8325017749151364,0.41108595242607804,-0.09640645166182636,REIT—Mortgage,Real Estate,BXMT
2018Q1,2018,Q1,2018-04-24,2018-03-31,60958000.0,85436000.0,0.0,0.56,0.0,0.0,11211290000.0,2921213000.0,57396000.0,115000000.0,8284779000.0,0.0,-573384000.0,3405852529.1600003,11523611529.16,26.94905656488809,0.49909565217391305,0.7291895045084018,2.7985480689015145,0.0,26.94905656488809,0.020867358867703245,39.86437250292617,13.968029336428362,1.1659035233514299,1.097280094491289,0.0,0.019639135701655548,0.0076205325167755,0.8462782608695653,0.0054371976819795045,46.92614294988909,0.0,0.04858619588875453,1.5445597414937677,2.5014183676654143,0.06826740191527116,0.0,0.05299706339609604,0.0,-0.06929173270091081,-0.1860652141164961,0.08348595583969008,REIT—Mortgage,Real Estate,BXMT
2017Q4,2017,Q4,2018-02-13,2017-12-31,57890000.0,80175000.0,0.0,0.5340524242981842,0.0,0.0,10258825000.0,2911066000.0,69654000.0,147000000.0,7341419000.0,0.0,-567168000.0,3488234703.64,10657629703.64,26.855447479565,0.47383673469387755,0.7056411431133682,2.486734756271414,0.0,26.855447479565,0.019886186022577298,43.507760569254756,15.064064189151837,1.198267130886074,1.0156158231128,0.0,0.016854943831230165,0.00781522250355182,0.7362380952380952,0.005642946438797815,68.50152593456659,0.0,-0.12450422246199305,-0.9846853845557649,-0.9180599736066347,0.10298245143982986,0.0,0.002910502061605627,0.0,0.45568488399260343,0.020205415669674345,0.07350654745398025,REIT—Mortgage,Real Estate,BXMT
2017Q3,2017,Q3,2017-10-24,2017-09-30,57722000.0,78555000.0,0.0,0.61,0.0,0.0,9776917000.0,2519614000.0,61221000.0,108000000.0,7251125000.0,0.0,-558066000.0,2947305958.74,10035451958.74,26.518599485142506,0.5668611111111111,0.7312496362605921,2.8374850274684933,0.0,26.518599485142506,0.022909064642441263,37.51901163185029,12.765089388534701,1.1697450318739298,1.018554450642736,0.0,0.01994804775040544,0.008034741422065872,0.8882962962962963,0.005903906108643451,44.842314437817606,0.0,0.150943396226415,-0.7988536847465311,-0.9058370291328826,3.5022461976505195,0.0,0.14045798510264162,0.0,0.3574559418812621,0.26110037718201384,-0.11688584007308306,REIT—Mortgage,Real Estate,BXMT
2017Q2,2017,Q2,2017-07-25,2017-06-30,50613000.0,72473000.0,0.0,0.53,0.0,0.0,9719088000.0,2506473000.0,33521000.0,117000000.0,7212615000.0,0.0,-556896000.0,3002185586.8,10086211586.8,26.382295334521057,0.2865042735042735,0.7323266339393161,2.8396663359230283,0.0,26.382295334521057,0.020192916500596656,41.42488356767348,14.829122887400471,1.1977729609694578,1.1615000098788848,0.0,0.01958140104944694,0.007456769606366358,0.5727008547008547,0.005207587378568853,56.17967377383559,0.0,-0.018518518518518535,-0.4657822811475816,-0.7824911655571313,2.7565322259321348,0.0,-0.015407061569886199,0.0,-0.23625519741260356,0.0793225512555127,0.021348068495017896,REIT—Mortgage,Real Estate,BXMT
2017Q1,2017,Q1,2017-04-25,2017-03-31,51405000.0,71843000.0,0.0,0.54,0.0,0.0,8954659000.0,2495982000.0,64275000.0,177000000.0,6458677000.0,0.0,-548615000.0,2940995230.56,9250280230.56,26.27532405256088,0.363135593220339,0.711759096577547,2.5535280302502184,0.0,26.27532405256088,0.020595100445435905,40.93642011831354,14.303060162241026,1.178291842873867,1.1402587296955549,0.0,0.019930328138899774,0.008022974409187441,0.5380621468926554,0.005740587106667043,51.26006955345627,0.0,-0.03896079811151072,-0.9814308849398697,-0.5208928294314965,2.555930996917477,0.0,-0.036926708633093525,0.0,0.5725810522749467,0.41849128952948866,0.0283705814830876,REIT—Mortgage,Real Estate,BXMT
2016Q4,2016,Q4,2017-02-14,2016-12-31,53376000.0,71844000.0,0.0,0.5618917510741221,0.0,0.0,8812615000.0,2493603000.0,75567000.0,88000000.0,6319012000.0,0.0,-541137000.0,2856451117.02,9012077117.02,26.250280203718603,0.8587159090909091,0.7070765033988209,2.498871311912923,0.0,26.250280203718603,0.02140517155296974,39.75907684733589,13.378911481845774,1.1455115818436215,1.0908648081534773,0.0,0.020384035159244883,0.008152404252313302,1.23225,0.006056772025102651,58.19041551947523,0.0,-0.18566412887808378,1.1541955334642835,-0.9843775233951811,1.5428968445511893,0.0,-0.1762200203722567,0.0,2.0136388195395307,0.5721280513684951,0.38827340212597783,REIT—Mortgage,Real Estate,BXMT
2016Q3,2016,Q3,2016-10-25,2016-09-30,64794000.0,85641000.0,0.0,0.69,0.0,0.0,8510941000.0,2503694000.0,94061000.0,111000000.0,6006143000.0,0.0,-535804000.0,2770406764.65,8572421764.65,26.61478785022934,0.8473963963963964,0.6927642901061116,2.3549507248090222,0.0,26.61478785022934,0.02587936065669367,32.3490707097068,10.689287451963144,1.1065277005296974,0.8986325894372936,0.0,0.02101713031564735,0.010062459603468054,1.1295855855855856,0.007613024223760922,43.1064240092424,0.0,0.029850746268656577,-0.8859067107060817,-0.7051012188116534,1.6039597234750071,0.0,0.027155561896609122,0.0,1.392041084216313,0.7642545883534811,0.07807693632831714,REIT—Mortgage,Real Estate,BXMT
2016Q2,2016,Q2,2016-07-26,2016-06-30,63081000.0,91930000.0,0.0,0.67,0.0,0.0,9488461000.0,2496417000.0,181796000.0,206000000.0,6979367000.0,0.0,-542282000.0,2602762584.4100003,9207017584.41,26.53943882694098,0.882504854368932,0.7151898500715764,2.7183162909081293,0.0,26.53943882694098,0.025268614978987886,28.312439730338305,10.31516060465909,1.0425992870622176,0.9230354623420681,0.0,0.022370845634850246,0.009688610197164745,1.0573689320388349,0.006648180352957134,45.25441778367007,0.0,0.09836065573770501,1.825933625116978,0.07438449425938665,1.5435562782103307,0.0,0.10577243325678826,0.0,2.026375052998745,0.39133001324426686,-0.5381956888640996,REIT—Mortgage,Real Estate,BXMT
2016Q1,2016,Q1,2016-04-26,2016-03-31,57047000.0,77710000.0,0.0,0.61,0.0,0.0,9554766000.0,2495417000.0,110622000.0,106000000.0,7052933000.0,0.0,-547052000.0,2526660275.34,9369287275.34,26.527864182683018,1.0436037735849057,0.7277257234766398,2.786407642490213,0.0,26.527864182683018,0.02286070825036457,32.51396571020461,11.072713180973583,1.0125202622808132,1.0184058758567498,0.0,0.022993593783470625,0.008133113882642443,1.3917264150943396,0.005970528215970962,38.41018341679209,0.0,-0.12079462054700071,-0.994655637900421,-0.8532993922710517,1.5359790560988031,0.0,-0.12591741362138972,0.0,1.587254626781294,2.6699388017716252,0.051571229611007664,REIT—Mortgage,Real Estate,BXMT
2015Q4,2015,Q4,2016-02-16,2015-12-31,65265000.0,81954000.0,0.0,0.6938083117502234,0.0,0.0,9376573000.0,2492588000.0,96450000.0,107000000.0,6870842000.0,0.0,-545791000.0,2517253498.44,9197966498.44,26.49779011980182,0.9014018691588785,0.7227761144716732,2.718926272613043,0.0,26.49779011980182,0.02618362922392309,30.7154440105425,9.642432768099289,1.0098955376660725,0.8856201639469854,0.0,0.022961533288490803,0.008740293495288737,1.2487009345794393,0.006960432132293963,37.69246374041687,0.0,-0.03637734479135636,-0.8430058389441479,-0.824586141570993,1.1445795939857826,0.0,-0.02426444205238608,0.0,-0.9801041863999926,-0.9034824918338745,0.08829307448019186,REIT—Mortgage,Real Estate,BXMT
2015Q3,2015,Q3,2015-10-27,2015-09-30,66888000.0,86950000.0,0.0,0.72,0.0,0.0,9851868000.0,2487125000.0,138600000.0,108000000.0,7351706000.0,0.0,-552881000.0,2561742422.4,9679695422.4,26.640738507996534,1.2833333333333334,0.736566202470435,2.917647082474745,0.0,26.640738507996534,0.026893702568226367,29.462247526164465,9.574745927520631,1.0300014765643062,0.7248385360602799,0.0,0.01892579034334689,0.008825737413452961,4.23812962962963,0.0067893723302017445,26.07132600983116,0.0,1.0,1.0119083721645694,-0.7568436505189193,1.139805947043413,0.0,1.2841141920502663,0.0,-0.7627801665519893,-0.8939262357454012,3.5137710108553977,REIT—Mortgage,Real Estate,BXMT
2015Q2,2015,Q2,2015-07-28,2015-06-30,29284000.0,54561000.0,0.0,0.36,0.0,0.0,10466061000.0,2483124000.0,104252000.0,7184000000.0,7970574000.0,0.0,-561905000.0,2251765683.7,10034905683.7,30.678373944526065,0.014511692650334076,0.753616093007675,3.1763987622043843,0.0,30.678373944526065,0.011793208877204682,41.270608744341196,19.22351526174703,0.906827723343659,1.03793880617402,0.0,0.013498296123802857,0.005213136059497456,0.04458616369710468,0.002797996304435833,-86.40034086793031,0.0,-0.4,-0.7214273136766172,-0.8497088300619859,1.2334313357359394,0.0,-0.17260475235216002,0.0,-0.6371969002932147,-0.8077938118509992,3.0425649773636363,REIT—Mortgage,Real Estate,BXMT
2015Q1,2015,Q1,2015-04-28,2015-03-31,35393000.0,56722000.0,0.0,0.6,0.0,0.0,5085698000.0,1456935000.0,18474000.0,2758000000.0,3583000000.0,0.0,-542654000.0,1661801829.25,2514632829.25,24.872548111620752,0.006698332124728064,0.17132456547754113,0.5980397203718766,0.0,24.872548111620752,0.0242927790189679,29.297306675540355,11.738209739567147,1.140614941126406,0.856101488994999,0.0,0.01823322099342911,0.011153237962615947,0.03765591007976795,0.006959320038272033,51.26960877579983,0.0,0.6354404374127501,1.021269075867112,-0.8368023512493759,1.1911482459894678,0.0,0.6469520707305724,0.0,-0.9792663056898173,-0.38655840777581507,2.472863607762819,REIT—Mortgage,Real Estate,BXMT
2014Q4,2014,Q4,2015-02-17,2014-12-31,21490000.0,42467000.0,0.0,0.3668736483911293,0.0,0.0,4588521000.0,1465371000.0,51810000.0,96000000.0,3087635000.0,0.0,-547592000.0,1706905368.5,2316381368.5,25.016566078015707,0.5396875,0.14411746181394833,0.4512754790425087,0.0,25.016566078015707,0.014665228123116944,40.19368847575765,19.85697264425314,1.1648281346498601,1.3419730107026524,0.0,0.01689548848589259,0.009255051900165652,1.4356875,0.004683426315363927,73.64651889804547,0.0,-0.18472522579749048,1.002098740151774,-0.874966946153628,1.33029994756552,0.0,-0.0242462767889575,0.0,1.1006782495374197,-0.9850243930773184,1.517381707161248,REIT—Mortgage,Real Estate,BXMT
2014Q3,2014,Q3,2014-10-28,2014-09-30,22024000.0,32263000.0,0.0,0.45,0.0,0.0,4098473000.0,1477739000.0,63343000.0,2012000000.0,2588614000.0,0.0,-538726000.0,1333623655.5,1879516655.5,30.02850671915065,0.03148260437375745,0.14864950921965328,0.4122757807704879,0.0,30.02850671915065,0.014903849732598246,41.336008911136595,15.138299758218308,0.9024757792140561,1.0565746458409009,0.0,0.01744870069155728,0.007871956213936264,0.08270477137176939,0.005373708695897228,56.86851970065243,0.0,-0.3571428571428571,1.0094280483249616,-0.8874716581996359,-0.6841966980117618,0.0,-0.3418992410207375,0.0,-0.9258662877097169,-0.7876314330631827,1.6814260070951248,REIT—Mortgage,Real Estate,BXMT
2014Q2,2014,Q2,2014-07-29,2014-06-30,33466000.0,33909000.0,0.0,0.7,0.0,0.0,3754769000.0,1239308000.0,120456000.0,1893000000.0,2472744000.0,0.0,-531858000.0,1391356577.0,1892649577.0,25.8308564419141,0.06363232963549921,0.16558914809406383,0.5016904595145033,0.0,25.8308564419141,0.027003779528575623,41.03207340234156,10.393806975736569,1.1226882881414466,0.5633478754556863,0.0,0.013550085083616922,0.009030915084256848,0.1273956682514527,0.008912931794206248,73.34123541194455,0.0,1.0588235294117645,1.2439452401625564,-0.8822224843901568,-0.8259418276322991,0.0,1.5615001913509376,0.0,1.8590834114310433,-0.22303330582153677,1.529043748140568,REIT—Mortgage,Real Estate,BXMT
2014Q1,2014,Q1,2014-04-29,2014-03-31,13065000.0,20243000.0,0.0,0.34,0.0,0.0,2894387000.0,970083000.0,70834000.0,1635000000.0,1885987000.0,0.0,-542004000.0,1091561743.75,1310215743.75,25.550443123982927,0.043323547400611624,0.10001703296760246,0.2984157025739035,0.0,25.550443123982927,0.013467919755319906,53.922923664970604,20.887136313624186,1.1252251031612759,1.0161500191350938,0.0,0.012162390332947212,0.006993881606018822,0.09183914373088685,0.0045139091628037305,72.58689611317995,0.0,0.823549102980647,1.0104932076232318,-0.9263956327113356,-0.8259003400651723,0.0,0.8455996609690635,0.0,-0.996967485643705,-0.9053195603906818,1.516230869330147,REIT—Mortgage,Real Estate,BXMT
2013Q4,2013,Q4,2014-02-18,2013-12-31,7079000.0,18265000.0,0.0,0.18644959954424017,0.0,0.0,2212780000.0,717909000.0,52342000.0,1245000000.0,1456030000.0,0.0,-536170000.0,1030054612.4499999,1267417612.4499998,18.908581093262594,0.04204176706827309,0.1309235441390468,0.4035400029808792,0.0,18.908581093262594,0.009860581215725113,56.39499657541746,36.37712291460658,1.434798299575573,0.0,0.0,0.0,0.008254322616798778,0.07414939759036145,0.003199143159283797,72.29975520811398,0.0,-0.3570703463991718,1.0081291996244621,-0.9335218886327599,-0.8949408554479601,0.0,-0.14915865384615384,0.0,-0.9578103952288978,-0.9031401461959412,1.103170678194337,REIT—Mortgage,Real Estate,BXMT
2013Q3,2013,Q3,2013-10-29,2013-09-30,8320000.0,14910000.0,0.0,0.29,0.0,0.0,1577310000.0,713327000.0,10283000.0,781000000.0,773768000.0,0.0,-529947000.0,727852832.85,800802832.85,24.687280613638954,0.013166453265044814,0.05276895473939809,0.11668281166982324,0.0,24.687280613638954,0.011663654957684204,48.81642071428572,21.870577910156253,1.0203634978768503,0.0,0.0,0.0,0.009452802556250832,0.05931882202304738,0.0052748033043599546,124.56834380455246,0.0,0.31818181818181807,-0.9531287043902784,-0.940877561341394,-0.8852159088566187,0.0,2.027656477438137,0.0,1.0047858982249211,-0.8652807625742872,1.129554540880325,REIT—Mortgage,Real Estate,BXMT
2013Q2,2013,Q2,2013-07-30,2013-06-30,2748000.0,8711000.0,0.0,0.22,0.0,0.0,1087105000.0,712689000.0,59746000.0,291000000.0,285438000.0,0.0,-530491000.0,305071340.40000004,328645340.40000004,57.469014877019895,0.2053127147766323,0.07664393043910202,0.11690933913670619,0.0,57.469014877019895,0.0038558192984597768,35.02139139019631,27.753942903930135,0.4280567546292984,0.0,0.0,0.0,0.00801302542072753,0.31080068728522336,0.00252781470051191,38.88240382360439,0.0,1.2135922330097086,1.0139473419337361,-0.9440428014046139,-0.737994809429196,0.0,1.8821829855537722,0.0,-0.8293820852049323,-0.8433902035945563,1.43728096314456,REIT—Mortgage,Real Estate,BXMT
2013Q1,2013,Q1,2013-05-06,2013-03-31,-3115000.0,679000.0,0.0,-1.03,0.0,0.0,365153000.0,76095000.0,0.0,143000000.0,202708000.0,0.0,-533238000.0,80840190.0,211094190.0,25.226882816579227,0.0,0.39877804646271564,1.9135948485445824,0.0,25.226882816579227,-0.04093567251461988,119.05771723122238,-6.487976725521669,1.0623587620737238,0.0,0.0,0.0,0.0018594945132588258,0.20317482517482519,-0.008530670705156469,106.93146825396825,0.0,-1.0295365271083479,-1.1254247272228681,-0.9809305735705136,-0.9100826241378355,0.0,-1.0296133626139616,0.0,0.9636489750545411,-0.9620633042542994,1.1938713468572217,REIT—Mortgage,Real Estate,BXMT
2012Q4,2012,Q4,2013-03-26,2012-12-31,105189000.0,27228000.0,0.0,34.87207538725478,0.0,0.0,322343000.0,73444000.0,0.0,101000000.0,168890000.0,0.0,-535851000.0,63344925.0,195602925.0,24.348027880686573,0.0,0.4581486180869446,2.0107973421926912,0.0,24.348027880686573,1.4322340831109417,2.32646264874394,0.15055025953284087,0.8624928516965308,0.0,0.0,0.0,0.08446902833317305,0.2108019801980198,0.3263263045885904,-13.114891304347825,0.0,11.45431263830528,1.1847728437667975,-0.6056472705291343,-0.8929866967048253,0.0,14.029147021003,0.0,1.1994894566886192,0.5567410005388438,1.3214730713733709,REIT—Mortgage,Real Estate,BXMT
2012Q3,2012,Q3,2012-11-14,2012-09-30,6999000.0,20347000.0,0.0,2.8,0.0,0.0,581197000.0,-24559000.0,0.0,100000000.0,543231000.0,0.0,-591276000.0,89217667.0,556099667.0,-10.59791778684372,0.0,0.8701851523665813,-20.593224479824098,0.0,-10.59791778684372,-0.2849871737448593,4.384806949427434,3.1868005072153167,-3.6327890793599087,0.0,0.0,0.0,0.03500878359661182,0.71747,0.012042388381220136,17.52802888015717,0.0,2.111111111111111,-0.6571029075970073,-0.30874678461570676,-1.042339402775342,0.0,2.0657030223390276,0.0,1.063626123118067,0.50706305229439,-1.1114560062072842,REIT—Mortgage,Real Estate,BXMT
2012Q2,2012,Q2,2012-08-01,2012-06-30,2283000.0,8029000.0,0.0,0.9,0.0,0.0,584237000.0,-34385000.0,0.0,93000000.0,561997000.0,0.0,-598275000.0,65933337.6,559264337.6,-15.019533911779403,0.0,0.90363157417281,-15.353642576704958,0.0,-15.019533911779403,-0.06639523047840629,8.211899065886163,7.22003258869908,-1.9175029111531192,0.0,0.0,0.0,0.013742710578070201,0.48708602150537633,0.00390766076095831,12.60675671128107,0.0,-0.9671532846715329,-0.931015000826543,-0.7896444469763387,-1.058333721013924,0.0,-0.9656965125539044,0.0,1.3487565138990771,-0.41556429671392764,-1.1012073536306375,REIT—Mortgage,Real Estate,BXMT
2012Q1,2012,Q1,2012-05-08,2012-03-31,66553000.0,3605000.0,0.0,27.4,0.0,0.0,605558000.0,-38566000.0,0.0,110000000.0,588560000.0,0.0,-600558000.0,86097035.7,599736035.7,-16.887203934246486,0.0,0.9096354106460488,-14.282969454960329,0.0,-16.887203934246486,-1.7256910231810403,23.882672871012485,0.32341530697338966,-2.232459568013276,0.0,0.0,0.0,0.005953186977960823,0.42961818181818184,0.10990359304971613,67.36857253521127,0.0,8.519166474405191,2.4371816050341732,-0.8783975402717795,-1.0694010435170453,0.0,8.997236241288151,0.0,1.8886486745570037,-0.782079751078634,-1.1150687073384928,REIT—Mortgage,Real Estate,BXMT
2011Q4,2011,Q4,2012-02-14,2011-12-31,-8322000.0,110559000.0,0.0,-3.6440209288181102,0.0,0.0,1366316000.0,-110424000.0,0.0,203000000.0,1495255000.0,0.0,-667111000.0,51384172.5,1290931172.5,-48.3522430958677,0.0,0.9327015126808147,-11.540652394407013,0.0,-48.3522430958677,0.07536405129319713,0.4647669796217404,-1.5436245043258832,-0.4653351852858075,0.0,0.0,0.0,0.08091759153812149,0.4726403940886699,-0.006090831110811847,5.882561247853463,0.0,-1.6393019173365107,-1.4120105558546088,2.865875948628432,-1.1986592161807068,0.0,-1.6064713598600786,0.0,0.8411207444881025,5.689855029144341,-1.2686529079981659,REIT—Mortgage,Real Estate,BXMT
2011Q3,2011,Q3,2011-11-02,2011-09-30,13722000.0,7017000.0,0.0,5.7,0.0,0.0,1539889000.0,-100165000.0,0.0,227000000.0,1650742000.0,0.0,-658789000.0,50688078.4,1505011078.4,-44.067156824789,0.0,0.9627590040580847,-14.800998352718015,0.0,-44.067156824789,-0.136993959966056,7.223611001852643,0.9234819705582277,-0.5060458084161135,0.0,0.0,0.0,0.00455682195275114,0.23800881057268722,0.008911031899052464,7.349293663911846,0.0,8.125,-0.31092957168861507,-0.7466540727121287,-1.1944435261101267,0.0,8.43739837398374,0.0,-0.017312363744094495,-0.6462954737969099,-1.2048912808408614,REIT—Mortgage,Real Estate,BXMT
2011Q2,2011,Q2,2011-08-03,2011-06-30,-1845000.0,2067000.0,0.0,-0.8,0.0,0.0,2365400000.0,-110947000.0,0.0,287000000.0,2481570000.0,0.0,-667615000.0,87938551.80000001,2225268551.8,-48.82555843954665,0.0,0.9155998985372453,-19.520672032592138,0.0,-48.82555843954665,0.016629561862871463,42.544050217706825,-11.915792926829269,-0.7926176624874941,0.0,0.0,0.0,0.0008738479749725205,0.17301393728222997,-0.0007799949268622643,10.2624053915276,0.0,-1.0072463768115942,-1.0877038475603125,-0.9341800744199973,-1.2083057505230412,0.0,-1.0072470883987665,0.0,0.9488943343626138,-0.927535318799906,-1.2225990783216765,REIT—Mortgage,Real Estate,BXMT
2011Q1,2011,Q1,2011-05-10,2011-03-31,254585000.0,12634000.0,0.0,110.4,0.0,0.0,3891120000.0,-111043000.0,0.0,518000000.0,4015454000.0,0.0,-665770000.0,51377409.5,3624355409.5,-49.49421788188834,0.0,0.9253780402557619,-32.42669056131408,0.0,-49.49421788188834,-2.2926704069594663,4.06659882064271,0.050452117662077495,-0.46268030852912834,0.0,0.0,0.0,0.0032468800756594502,0.0979015444015444,0.06542717777914842,13.275816408268733,0.0,23.981187291981843,14.861829113204056,-0.4492919289298562,-1.2179070831547596,0.0,24.676752395360566,0.0,12.78204732426596,-0.5229492974534427,-1.1764145901278298,REIT—Mortgage,Real Estate,BXMT
2010Q4,2010,Q4,2011-03-31,2010-12-31,9915000.0,11143000.0,0.0,4.419325579270399,0.0,0.0,4120690000.0,-411187000.0,0.0,680000000.0,4531877000.0,0.0,-920355000.0,34775102.5,3861869102.5,-183.27475814054034,0.0,0.9346839970975734,-9.366889031024813,0.0,-183.27475814054034,-0.02411311641661823,3.1208025217625415,0.8768306227937468,-0.08457247554032593,0.0,0.0,0.0,0.002704158769526463,0.12039411764705882,0.0024061504262635628,4.26950306936771,0.0,1.073410723908146,-0.5902645342054698,-0.6592129957921472,-1.8180939524182542,0.0,1.0736031000155892,0.0,-0.7231245228128069,-0.7830163299073517,-1.8055205692778422,REIT—Mortgage,Real Estate,BXMT
2010Q3,2010,Q3,2010-10-26,2010-09-30,-134709000.0,8576000.0,0.0,-60.2,0.0,0.0,4235851000.0,-426651000.0,0.0,750000000.0,4662502000.0,0.0,-930270000.0,36271638.0,3925434638.0,-190.55511636943444,0.0,0.9238549703471628,-9.172161790315737,0.0,-190.55511636943444,0.31573581217435326,4.229435401119403,-0.06731480079282008,-0.08501477319870338,0.0,0.0,0.0,0.002024622679126343,0.060254666666666665,-0.03180211013088043,4.532821544613847,0.0,-47.30769230769231,-10.286898901927099,-0.6017395347243218,-1.8665572219883824,0.0,-47.41936595451413,0.0,-7.830655779440609,-0.6984498625456946,-1.7612806576857278,REIT—Mortgage,Real Estate,BXMT
2010Q2,2010,Q2,2010-07-27,2010-06-30,2902000.0,10022000.0,0.0,1.3,0.0,0.0,4502883000.0,-293660000.0,0.0,767000000.0,4796543000.0,0.0,-795562000.0,36868507.5,4040375507.5,-131.4235462338691,0.0,0.8949826144716618,-13.723360348702581,0.0,-131.4235462338691,-0.009882176666893687,3.6787574835362205,3.176129178152998,-0.12554827862153511,0.0,0.0,0.0,0.0022256851888001533,0.0522503259452412,0.0006444759946016808,3.0136102256007846,0.0,1.045774647887324,-0.7781047435773496,-0.527042485436885,-1.6234369291065107,0.0,1.0457353590115364,0.0,-0.9101564052681522,-0.7309779475445658,-1.5104302520768982,REIT—Mortgage,Real Estate,BXMT
2010Q1,2010,Q1,2010-05-04,2010-03-31,-63452000.0,13253000.0,0.0,-28.4,0.0,0.0,4571984000.0,-290634000.0,0.0,775000000.0,4862618000.0,0.0,-798463000.0,34620087.0,4096477087.0,-130.12177005794354,0.0,0.8941109592684489,-14.065322708286024,0.0,-130.12177005794354,0.21832270140451565,2.6122453029502752,-0.1364026626426275,-0.11911919114762896,0.0,0.0,0.0,0.0028987415529013226,0.04251483870967742,-0.013878438769689482,4.329675712856428,0.0,0.8375347464399139,-5.684381358727604,-0.4558108004251223,-1.6170000302307215,0.0,0.8374859133285524,0.0,-4.3506614548100035,-0.5429100413815143,-1.5347591384262664,REIT—Mortgage,Real Estate,BXMT
2009Q4,2009,Q4,2010-03-02,2009-12-31,-390440000.0,12951000.0,0.0,-174.80660866045773,0.0,0.0,1936635000.0,-169167000.0,0.0,780000000.0,2105802000.0,0.0,-689396000.0,28366135.799999997,1325957135.8,-75.7389344515512,0.0,0.6844578353690809,-7.835718550308275,0.0,-75.7389344515512,2.3080151566203813,2.1902660643965715,-0.018162928875115253,-0.16768126052953589,0.0,0.0,0.0,0.00668737268509554,0.04194615384615385,-0.20160742731593717,2.934326657701458,0.0,-2.680139129693847,-28.79176406550918,-0.3603996002047703,-1.3610555892382525,0.0,-2.6675840949867085,0.0,-20.76447704558428,-0.5369717299743579,-1.311179717612583,REIT—Mortgage,Real Estate,BXMT
2009Q3,2009,Q3,2009-11-03,2009-09-30,-106457000.0,13066000.0,0.0,-47.5,0.0,0.0,2390624000.0,213246000.0,0.0,825000000.0,2177378000.0,0.0,-298956000.0,68176924.8,1391102924.8,95.08610749190025,0.0,0.5653339881135636,6.337755456139857,0.0,95.08610749190025,-0.4992215563246204,5.217888014694627,-0.1601043726575049,0.3197102163698264,0.0,0.0,0.0,0.005465518626099295,0.04059151515151515,-0.044531051307106426,5.716183851764903,0.0,-15.379310344827587,-10.267551879942062,-0.3261921074622325,-0.6500757643602835,0.0,-15.644308943089431,0.0,-6.418231549039775,-0.5218741282720097,-0.580438599696291,REIT—Mortgage,Real Estate,BXMT
2009Q2,2009,Q2,2009-08-04,2009-06-30,-6396000.0,13423000.0,0.0,-2.9,0.0,0.0,2528096000.0,331957000.0,0.0,837000000.0,2196139000.0,0.0,-192500000.0,32434368.5,1272650368.5,148.40358306960718,0.0,0.4982995107780717,3.7949162090270727,0.0,148.40358306960718,-0.019267555737640718,2.416327832824257,-1.2677598694496561,0.09770653578626147,0.0,0.0,0.0,0.005309529384960065,0.029415770609318995,-0.002529967216434819,2.8243093434343436,0.0,0.9115853658536586,-1.5988935257082235,-0.3694268952915571,-0.20601914588909154,0.0,0.912558444754327,0.0,-1.3088599740971951,-0.565792420359959,-0.36686193175038934,REIT—Mortgage,Real Estate,BXMT
2009Q1,2009,Q1,2009-05-05,2009-03-31,-73146000.0,16157000.0,0.0,-32.8,0.0,0.0,2602486000.0,327341000.0,0.0,907000000.0,2275145000.0,0.0,-186105000.0,24535368.0,1374201368.0,146.7575705406171,0.0,0.5256258823294342,4.178926562819812,0.0,146.7575705406171,-0.2234550514600982,1.5185596335953457,-0.08385751784103027,0.07495354385793408,0.0,0.0,0.0,0.006208294684390233,0.025551267916207276,-0.028106203068911803,3.675710561797753,0.0,-0.43007948707924454,-8.005013216338236,-0.2589232547260566,-0.03031478519746263,0.0,-0.4298056999882716,0.0,-5.584034380144676,-0.2916006999852167,-0.3538737352371177,REIT—Mortgage,Real Estate,BXMT
2008Q4,2008,Q4,2009-03-16,2008-12-31,-51158000.0,16141000.0,0.0,-22.935788042796016,0.0,0.0,2838627000.0,401444000.0,0.0,1051000000.0,2437183000.0,0.0,-115202000.0,80297568.0,1419825568.0,179.98034510833503,0.0,0.4878802322390367,3.4498211456641523,0.0,179.98034510833503,-0.12743495979513955,4.974757945604361,-0.39239985925954884,0.2000218411534361,-0.2590797138277493,0.0,0.16506103895948632,0.005686199701475396,0.050574690770694576,-0.018022093075278998,7.455670194986072,0.0,-4.75996525291738,-5.185024843648107,-0.474218478489184,0.2340360600619306,0.0,-4.743176995683032,0.0,-3.126479624212508,-0.5034669498423484,-0.19661150623715062,REIT—Mortgage,Real Estate,BXMT
2008Q3,2008,Q3,2008-10-28,2008-09-30,13667000.0,19417000.0,0.0,6.1,0.0,0.0,3067719000.0,478480000.0,0.0,1201000000.0,2589239000.0,0.0,-64043000.0,344829120.0,1617251120.0,215.07580334282673,0.0,0.4523432556893249,2.900146296605919,0.0,215.07580334282673,0.028563367329877947,17.759134778802082,6.307695909855857,0.7206761411135262,1.2939928294431844,0.0,0.05128627187866268,0.006329458467349845,0.10665695253955038,0.004455101656964018,21.784643376081874,0.0,1.3836477987421383,-0.16539706970716866,-0.5231540696796755,0.4356647146932904,0.0,1.3925268539261302,0.0,-0.05174046521263059,-0.09250451442704444,-0.021933946395077276,REIT—Mortgage,Real Estate,BXMT
2008Q2,2008,Q2,2008-07-29,2008-06-30,-34818000.0,27510000.0,0.0,-15.9,0.0,0.0,3139215000.0,480694000.0,0.0,1260000000.0,2658521000.0,0.0,-64454000.0,420990415.7,1725176415.7,219.34303954749154,0.0,0.44579552531444966,2.9113074013821683,0.0,219.34303954749154,-0.07243277428051942,15.303177597237367,-3.022792921046585,0.875797109387677,-0.4984490780630708,0.0,0.04122421640203625,0.008763337331148074,0.08888174603174603,-0.011091307858811838,26.90722329668925,0.0,-2.939024390243903,-4.427782713146671,-0.1452627826755424,0.37614208443691205,0.0,-3.35686725783524,0.0,-3.714445959209932,0.3236863517728246,0.040502671819817246,REIT—Mortgage,Real Estate,BXMT
2008Q1,2008,Q1,2008-05-06,2008-03-31,14773000.0,21180000.0,0.0,8.2,0.0,0.0,3306532000.0,503392000.0,0.0,1386000000.0,2803140000.0,0.0,-11951000.0,483554148.0,1777805148.0,280.55626150889725,0.0,0.42847884127539065,2.8144646716674084,0.0,280.55626150889725,0.02934691055876931,22.830696317280452,8.183072970960536,0.9605916422986459,3.214783727069654,0.0,0.09821444029883496,0.006405502804751322,0.0987077922077922,0.004467823084730467,41.013922646310434,0.0,-0.4862612242047558,0.7843411110368586,-0.2638366497027939,0.9252764600389342,0.0,-0.4841649498935019,0.0,0.3576434838289419,0.08260938884067066,0.33031714643387144,REIT—Mortgage,Real Estate,BXMT
2007Q4,2007,Q4,2008-03-05,2007-12-31,28639000.0,41070000.0,0.0,15.961419278322477,0.0,0.0,3211482000.0,408237000.0,0.0,1407000000.0,2803245000.0,0.0,-9368000.0,549941916.0,1920286916.0,227.5233744866976,0.0,0.4347444575432775,3.4200084754689066,0.0,227.5233744866976,0.07015287688279112,13.39035588020453,4.800638255525682,1.3471143379948411,0.4890883061559412,0.0,0.0254699625405531,0.01278848830539919,0.03187420042643923,0.008917689714592827,28.281919053741323,0.0,0.834645894060055,1.6296751934854594,2.0657400761353815,0.49293402197807534,0.0,0.8480351035684326,0.0,1.5376386060749205,1.5248770755518017,0.08462822504215582,REIT—Mortgage,Real Estate,BXMT
2007Q3,2007,Q3,2007-11-07,2007-09-30,15497000.0,22348000.0,0.0,8.7,0.0,0.0,3099547000.0,440394000.0,0.0,1260000000.0,2659153000.0,0.0,9484000.0,637783950.0,2013032950.0,250.30862723967888,0.0,0.45139692993847164,3.176986970758003,0.0,250.30862723967888,0.03518894444520134,28.538748433864328,10.28882928953991,1.4482121691031213,0.9039168871394463,0.0,0.02196355050954167,0.007210085860933872,0.05301904761904762,0.0049997628685740205,34.53828387306401,0.0,-0.39160839160839167,2.4539251282896903,-0.408889752400846,-0.1985662591598717,0.0,-0.38944921597982823,0.0,0.7196366197916527,0.46902894133155004,-0.07884487680461091,REIT—Mortgage,Real Estate,BXMT
2007Q2,2007,Q2,2007-08-01,2007-06-30,25382000.0,29274000.0,0.0,14.3,0.0,0.0,3188716000.0,452089000.0,0.0,1333000000.0,2736627000.0,0.0,7995000.0,599446848.5999999,1978590848.6,257.47601302845516,0.0,0.440184387697117,3.1047492860918977,,257.47601302845516,0.056143812390923024,20.477107624513216,5.904251522732645,1.325948759204493,0.5503112441887952,0.0,0.023301482079056843,0.009180497730120838,0.03495423855963991,0.00795994375165427,18.740913168261113,0.0,0.7023809523809524,6.977066272249814,-0.244639873461504,-0.3909096375976307,0.0,0.7093406963431881,0.0,2.0277309665184813,0.7519358563456034,0.3775342920225716,REIT—Mortgage,Real Estate,BXMT
2007Q1,2007,Q1,2007-05-01,2007-03-31,14849000.0,22735000.0,0.0,8.4,0.0,0.0,2939989000.0,426158000.0,0.0,1154000000.0,2513831000.0,0.0,-3379000.0,798101131.8,2136247131.8,243.3278100508515,0.0,0.4627000305103182,3.192086033818443,0.0,243.3278100508515,0.03484388419318656,35.10451426435012,13.43695083507307,1.87278223522731,1.6417940602060745,0.0,0.030546254138265342,0.007733022130354909,0.0418102253032929,0.005050699169282606,48.75686552629971,0.0,-0.05025554551323425,2.3791914306793167,-0.010528334014280716,-0.40014484543833534,0.0,-0.04138153647514525,0.0,0.8110755919431197,0.32806218855172425,0.6077629173568818,REIT—Mortgage,Real Estate,BXMT
