Quarters,Year,Quarter,FillingDate,Date,NetIncome,Revenue,OperatingIncome,EPSDiluted,GrossProfit,GrossProfitRatio,TotalAssets,CommonStockEquity,CurrentAssets,CurrentLiability,TotalLiability,Inventory,RetainedEarnings,MarketCap,EnterpriseValue,bookValuePerShare,currentRatio,debtToAssets,debtToEquity,roic,shareholdersEquityPerShare,roe,priceToSalesRatio,peRatio,pbRatio,payoutRatio,inventoryTurnover,dividendYield,assetTurnover,quickRatio,returnOnAssets,priceToFreeCashFlowsRatio,grossProfitMargin,epsdilutedGrowth,fiveYNetIncomeGrowthPerShare,fiveYRevenueGrowthPerShare,fiveYShareholdersEquityGrowthPerShare,grossProfitGrowth,netIncomeGrowth,operatingIncomeGrowth,threeYNetIncomeGrowthPerShare,threeYRevenueGrowthPerShare,threeYShareholdersEquityGrowthPerShare,Industry,Sector,Symbol
2023Q1,2023,Q1,2023-05-22,2023-03-31,6060483.0,0.0,-353045.0,0.13,-353045.0,0.0,239113847.0,226771223.0,1074648.0,1139204.0,12342624.0,0.0,-11268551.0,295262500.0,295706086.0,7.887694713043478,0.9433323618947967,0.0043912136966287865,0.0046302171241542405,-0.0032910305730139673,7.887694713043478,0.026725097302138727,0.0,12.179825436355484,1.3020280796386585,0.0,0.0,0.0,0.0,0.5323137910330371,0.0253455961502723,-2072.8466825326623,0.0,-0.27777777777777773,0.0,0.0,0.0,0.8041203823659797,0.43124682364099065,-0.08036525767864301,0.0,0.0,0.0,Shell Companies,Financial Services,LCW
2022Q4,2022,Q4,2023-04-18,2022-12-31,4234408.0,0.0,-326783.0,0.18,-1802357.0,0.0,236908540.0,223917504.0,1330265.0,1041776.0,12991036.0,0.0,-11661346.0,232300000.0,232601143.0,9.735543652173913,1.276920374437499,0.004432090122204965,0.004689226975306048,-0.002369431042913381,9.735543652173913,0.018910571636239746,0.0,13.715022265213932,1.0374356441558048,0.0,0.0,0.0,0.0,0.7188272718895424,0.017873597971605412,-2501.9386524211614,0.0,1.769230769230769,-0.7275391228732404,0.0,0.3077703661398359,-3.583106384818225,1.2663829946664311,0.16904295111897696,-0.7275391228732404,0.0,0.3077703661398359,Shell Companies,Financial Services,LCW
2022Q3,2022,Q3,2022-11-22,2022-09-30,1868355.0,0.0,-393261.0,0.065,-393261.0,0.0,235209176.0,221321603.0,1549401.0,1006013.0,13887573.0,0.0,-12266862.0,283762500.0,283970795.0,7.698142713043478,1.54014013735409,0.004464111553198928,0.004744227340518585,-0.01897295507975417,7.698142713043478,0.008441810355042476,0.0,37.969564135295485,1.2821274387751473,0.0,0.0,0.0,0.0,0.8366740787643897,0.007943376324739983,-1937.6993096290023,0.0,-0.7833333333333333,0.0,0.0,14969.3465232684,0.23024330090626163,-0.7809177637360917,0.23024330090626163,0.0,0.0,14969.3465232684,Shell Companies,Financial Services,LCW
2022Q2,2022,Q2,2022-08-22,2022-06-30,8528099.0,0.0,-510890.0,0.3,-510890.0,0.0,234349085.0,221147452.0,1695844.0,879453.0,13201633.0,0.0,-11314221.0,285775000.0,285836852.0,7.692085286956522,1.9282940646060676,0.004480495411364632,0.0047479633633762145,-0.004987324072051759,7.692085286956522,0.038562953915471744,0.0,8.37745316980959,1.2922373620655596,0.0,0.0,0.0,0.0,1.1235938702807313,0.03639057946396505,-4270.652758682528,0.0,0.25,0.0,0.0,14957.56682900433,0.0,0.22627484802593323,0.10593534748277986,0.0,0.0,14957.56682900433,Shell Companies,Financial Services,LCW
2022Q1,2022,Q1,2022-05-20,2022-03-31,6954476.0,0.0,-571424.0,0.24,0.0,0.0,233388982.0,217215819.0,712760.0,612403.0,16173163.0,0.0,-15084756.0,283475000.0,283469936.0,7.555332834782608,1.1638741155742216,0.0,0.0,-0.005735449249821516,7.555332834782608,0.03201643430951039,0.0,10.190379548365685,1.3050384695969128,0.0,0.0,0.0,0.0,0.008269064651871398,0.02979779054008642,-1220.3022828337616,0.0,-0.6470588235294118,0.0,0.0,0.0,0.0,-0.6420141600116005,-0.2601225668019944,0.0,0.0,0.0,Shell Companies,Financial Services,LCW
2021Q4,2021,Q4,2022-04-04,2021-12-31,19426679.0,0.0,-453467.0,0.68,0.0,0.0,233814927.0,214026015.0,945058.0,470368.0,19788912.0,0.0,-18274560.0,287212500.0,286975137.0,7.444383130434782,2.009188550241513,0.0,0.0,-0.004338771940189023,7.444383130434782,0.09076783960118119,0.0,3.6961090982148828,1.3419513511009398,0.0,0.0,0.0,0.0,0.5046325430301382,0.08308570906595711,-187.6727500833121,0.0,0.0,0.0,0.0,0.0,0.0,0.0,0.0,0.0,0.0,0.0,Shell Companies,Financial Services,LCW
2021Q3,2021,Q3,2021-11-29,2021-09-30,0.0,0.0,0.0,0.0,0.0,0.0,1002760.0,14784.0,141499.0,987976.0,987976.0,0.0,-10216.0,287500000.0,287658501.0,0.0005142260869565217,0.1432210903908597,0.2991742789899876,20.292207792207794,,0.0005142260869565217,0.0,0.0,0.0,19446.699134199134,0.0,0.0,,0.0,0.1432210903908597,0.0,0.0,0.0,0.0,0.0,0.0,0.0,0.0,0.0,0.0,0.0,0.0,0.0,Shell Companies,Financial Services,LCW
2021Q2,2021,Q2,2021-06-30,2021-06-30,0.0,0.0,0.0,0.0,0.0,0.0,709525.0,14784.0,170758.0,694741.0,694741.0,0.0,-10216.0,287500000.0,287629242.0,0.0005142260869565217,0.24578655930771323,0.42281808251999575,20.292207792207794,,0.0005142260869565217,0.0,0.0,0.0,19446.699134199134,0.0,0.0,,0.0,0.24578655930771323,0.0,0.0,0.0,0.0,0.0,0.0,0.0,0.0,0.0,0.0,0.0,0.0,0.0,Shell Companies,Financial Services,LCW
2021Q1,2021,Q1,2021-03-31,2021-03-31,,,,,,,204864.0,14784.0,0.0,190080.0,190080.0,0.0,-10216.0,0.0,0.0,0.0,0.0,0.0,0.0,,0.0,,0.0,0.0,0.0,0.0,0.0,,,0.0,,0.0,0.0,0.0,0.0,0.0,0.0,0.0,0.0,0.0,0.0,0.0,0.0,Shell Companies,Financial Services,LCW
