Quarters,Year,Quarter,FillingDate,Date,NetIncome,Revenue,OperatingIncome,EPSDiluted,GrossProfit,GrossProfitRatio,TotalAssets,CommonStockEquity,CurrentAssets,CurrentLiability,TotalLiability,Inventory,RetainedEarnings,MarketCap,EnterpriseValue,bookValuePerShare,currentRatio,debtToAssets,debtToEquity,roic,shareholdersEquityPerShare,roe,priceToSalesRatio,peRatio,pbRatio,payoutRatio,inventoryTurnover,dividendYield,assetTurnover,quickRatio,returnOnAssets,priceToFreeCashFlowsRatio,grossProfitMargin,epsdilutedGrowth,fiveYNetIncomeGrowthPerShare,fiveYRevenueGrowthPerShare,fiveYShareholdersEquityGrowthPerShare,grossProfitGrowth,netIncomeGrowth,operatingIncomeGrowth,threeYNetIncomeGrowthPerShare,threeYRevenueGrowthPerShare,threeYShareholdersEquityGrowthPerShare,Industry,Sector,Symbol
2023Q1,2023,Q1,2023-04-27,2023-03-31,291644000.0,2368580000.0,367606000.0,10.5,607090000.0,0.2563096877,7053372000.0,2481685000.0,1261442000.0,894092000.0,4571687000.0,34599000.0,5119892000.0,47189802960.0,50551670960.0,89.83800318563569,1.410863758986771,0.5347222576662624,1.5197718485625693,0.02840064822203402,89.83800318563569,0.11751854083012148,19.9232464007971,40.45154620016184,19.015226735061056,0.0,50.911587040087866,0.0,0.3358081779891944,1.2621229135256775,0.04134816652233853,141.0052468872043,0.2563096876609614,0.30922693266832924,3.9570036690450023,1.083938220550983,0.8382593733449246,0.16180134802561325,0.3035708698547784,0.2405249535148196,2.8411488979373534,0.6891353935739266,0.49327028656067917,Restaurants,Consumer Cyclical,CMG
2022Q4,2022,Q4,2023-02-09,2022-12-31,223727000.0,2180599000.0,296331000.0,8.02,522542000.0,0.2396323212,6927504000.0,2368023000.0,1175837000.0,921880000.0,4559481000.0,35668000.0,4828248000.0,38411273160.0,41758683160.0,85.53760294755094,1.2754772855469259,0.5386370040349309,1.575749053113082,0.02222830393008249,85.53760294755094,0.09447838977915332,17.61500998578831,42.92203573998668,16.220819291028846,0.0,46.48584165077941,0.0,0.31477412355157064,1.1430522410725907,0.032295470345451986,148.9230408603985,0.23963232121082326,-0.12826086956521737,4.150628874093943,0.9804334912585798,0.7497517568455262,-0.07111240680762107,-0.12993412097784068,-0.11872607828034248,2.0989549778270615,0.5187180855595576,0.4113232334203642,Restaurants,Consumer Cyclical,CMG
2022Q3,2022,Q3,2022-10-26,2022-09-30,257138000.0,2220175000.0,336253000.0,9.2,562546000.0,0.2533791255,6817437000.0,2327381000.0,1077432000.0,817857000.0,4490056000.0,33752000.0,4604521000.0,41736153480.0,45098698480.0,83.80012962229503,1.3173843349142944,0.5470043947600836,1.602302330387676,0.025989957511519605,83.80012962229503,0.11048384428677556,18.798587264517437,40.577582348777696,17.932669159024673,0.0,49.11202299123015,0.0,0.3256612419007319,1.1826529576686389,0.03771769361418375,196.04102247586837,0.25337912551938474,-0.005405405405405482,12.415706059320836,1.0136059442022836,0.7166289747416696,0.007993406022380103,-0.010787021720229897,-0.003984028341400127,1.6085544736457449,0.5817764660744997,0.43459145368646523,Restaurants,Consumer Cyclical,CMG
2022Q2,2022,Q2,2022-07-27,2022-06-30,259942000.0,2213339000.0,337598000.0,9.25,558085000.0,0.2521461918,6545336000.0,2154199000.0,1046299000.0,831623000.0,4391137000.0,29456000.0,4347383000.0,36479090300.0,39582510300.0,77.19759899659559,1.2581410086060631,0.5537306258991135,1.682459698477253,0.026805439073098115,77.19759899659559,0.12066758920601114,16.481474505261055,35.08387476821753,16.933946353145647,0.0,56.194120043454646,0.0,0.3381551382541706,1.1340799857627795,0.0397140803772335,195.64764471475385,0.25214619179438846,0.6547406082289804,2.999288845100827,0.9431617147998178,0.5250586911379338,0.33211678832116787,0.6421468912277155,0.774767244415706,1.8366950728321925,0.5329925008571593,0.39131942102340667,Restaurants,Consumer Cyclical,CMG
2022Q1,2022,Q1,2022-04-28,2022-03-31,158294000.0,2020539000.0,190221000.0,5.59,418946000.0,0.207343684,6467257000.0,2133960000.0,1096493000.0,833738000.0,4333297000.0,29852000.0,4087441000.0,44364867290.0,47303626290.0,76.09599543558107,1.3151529617217879,0.5496336391146973,1.6657397514480121,0.017144644696119458,76.09599543558107,0.07417852255899829,21.956946780042355,70.06719662463517,20.789924501865077,0.0,53.65111215328956,0.0,0.31242596358858166,1.1949053539601169,0.024476219206999196,237.57559863982007,0.20734368403678424,0.19189765458422162,2.5187509709333447,0.9380830608833567,0.5541135741097716,0.05789635824634234,0.1859449335081476,0.13524788283529982,0.7738766065177065,0.5253869537913407,0.42037748346228393,Restaurants,Consumer Cyclical,CMG
2021Q4,2021,Q4,2022-02-11,2021-12-31,133475000.0,1960633000.0,167559000.0,4.69,396018000.0,0.2019847672,6652958000.0,2297374000.0,1381564000.0,873682000.0,4355584000.0,32826000.0,3929147000.0,49213237500.0,51918177500.0,81.611865008881,1.5813121936814538,0.5291351606308051,1.5323208149826715,0.014293742922736576,81.611865008881,0.05809894253177759,25.100688145104158,92.1768823749766,21.42151756744875,0.0,47.66389447389265,0.0,0.2947009435502223,1.453597533198578,0.02006250452806105,155.48518390971648,0.20198476716448208,-0.3467966573816155,7.578741595021083,0.9458311380020864,0.6818820018008557,-0.13787871201450735,-0.34709979748965436,-0.3009053738317757,3.111309381857364,0.5784345835373148,0.5720036773039258,Restaurants,Consumer Cyclical,CMG
2021Q3,2021,Q3,2021-10-27,2021-09-30,204434000.0,1952315000.0,239680000.0,7.18,459353000.0,0.23528631394011726,6627567000.0,2310908000.0,1518606000.0,850964000.0,4316659000.0,28450000.0,3795672000.0,51163188000.0,53931638000.0,82.09264653641208,1.7845713802229002,0.5265218744676591,1.5100380456513198,0.022017325642819257,82.09264653641208,0.08846479392515842,26.206420582744077,62.566877329602704,22.13986363801588,0.0,52.47669595782074,0.0,0.2945749171603999,1.6655639956566906,0.030846010308156823,296.8442709028354,0.23528631394011726,0.08787878787878789,26.063019383320313,0.9437513850352858,0.6556734717684308,-0.007623973280447284,0.08756530158426165,-0.023806129722024234,4.284962738132188,0.5740153396970257,0.5895535210510167,Restaurants,Consumer Cyclical,CMG
2021Q2,2021,Q2,2021-07-23,2021-06-30,187974000.0,1892538000.0,245525000.0,6.6,462882000.0,0.24458267152363652,6320454000.0,2174158000.0,1447810000.0,835486000.0,4146296000.0,25159000.0,3591238000.0,43617265560.0,46297197560.0,77.27866638231322,1.732895584127083,0.5297405850908812,1.5399989329202386,0.021117575960020153,77.27866638231322,0.08645829787899499,23.04696949810255,58.0097055443838,20.061681607316487,0.0,56.82483405540761,0.0,0.29943070545248807,1.6170683889376962,0.02974058509088113,331.9906650124447,0.24458267152363652,0.4831460674157302,6.623969481195927,0.9678994235021599,0.5188510756608135,0.19067487061292945,0.4789340760497557,0.5208248163427113,2.9644519384715755,0.4775513652262675,0.5443997193186323,Restaurants,Consumer Cyclical,CMG
2021Q1,2021,Q1,2021-04-29,2021-03-31,127101000.0,1741575000.0,161442000.0,4.45,388756000.0,0.2232209350731378,6149059000.0,2097531000.0,1456851000.0,834004000.0,4051528000.0,24304000.0,3403264000.0,39960562500.0,42515048500.0,74.57888,1.746815362995861,0.528416136517799,1.5490889050030727,0.014987231786778197,74.57888,0.060595528743079365,22.945071271693724,78.60001593221138,19.051238098507245,0.0,55.66240125082291,0.0,0.2832262627501216,1.6437954734030054,0.020669991945109,182.17384912059958,0.2232209350731378,-0.33482810164424515,6.110882691686845,1.218268692250508,0.4474148158940018,0.2411318309085743,-0.3344068622060233,0.3811919305990452,1.1218232112056883,0.5049878651140095,0.5260281879850005,Restaurants,Consumer Cyclical,CMG
2020Q4,2020,Q4,2021-02-10,2020-12-31,190959000.0,1607710000.0,116886000.0,6.69,313227000.0,0.1948280473468474,5982896000.0,2020135000.0,1420237000.0,822199000.0,3962761000.0,26445000.0,3276163000.0,38816786320.0,41365851320.0,72.1682980851672,1.7273640566334914,0.5276795718996286,1.5627925856440288,0.022747944300146716,72.1682980851672,0.09452784096112389,24.14414684240317,50.81822056043444,19.21494668425625,0.0,48.95000945358291,0.0,0.2687176912318048,1.6284208567512244,0.031917486113748256,-3384.2010741063646,0.1948280473468474,1.3723404255319152,2.118476989430755,0.7864777734705137,0.0522524169414113,0.003209224117223156,1.379729325557051,0.09141331142152835,3.3478735189251667,0.4440661160630166,0.4762701082528804,Restaurants,Consumer Cyclical,CMG
2020Q3,2020,Q3,2020-10-28,2020-09-30,80244000.0,1601414000.0,107096000.0,2.82,312225000.0,0.19496832174565729,5631640000.0,1805586000.0,1211280000.0,801717000.0,3826054000.0,25464000.0,3085204000.0,34790299830.0,37218853830.0,64.54745647588746,1.5108573224716453,0.5488552180181971,1.7118846734522752,0.010102328356701173,64.54745647588746,0.04444208140736581,21.72473815640428,108.38910021310005,19.268148861366893,0.0,50.62790606346214,0.0,0.2843601508619159,1.4157389702351328,0.014248780106682955,214.1112817025362,0.19496832174565729,8.724137931034482,-0.3825103336105541,0.46719167337686995,-0.16175241137432195,0.8722790563797508,8.81577981651376,22.683741648106903,3.1566512751341245,0.4420311646325735,0.32224179761776656,Restaurants,Consumer Cyclical,CMG
2020Q2,2020,Q2,2020-07-29,2020-06-30,8175000.0,1364738000.0,-4939000.0,0.29,166762000.0,0.12219341734457456,5370129000.0,1704496000.0,1150343000.0,723178000.0,3665633000.0,24178000.0,3004960000.0,29372419959.999996,31773171959.999996,61.068969223603595,1.590677537203842,0.5598327339994998,1.7637905867775576,0.0012122246744980655,61.068969223603595,0.004796139151983929,21.522387417951283,898.2391425076452,17.232319676901557,0.0,49.54818429977666,0.0,0.2541350496421967,1.4830498162278167,0.0015223097992618055,837.7758117512834,0.12219341734457456,-0.8925925925925926,-0.9349882960891617,0.2703849232391839,-0.15598974901806004,-0.3299151755757091,-0.8929805728648479,-1.0694450303004739,-0.8742521098095716,0.19788995476640928,0.20643340575137395,Restaurants,Consumer Cyclical,CMG
2020Q1,2020,Q1,2020-04-29,2020-03-31,76388000.0,1410772000.0,71121000.0,2.7,248867000.0,0.17640483366553916,5206488000.0,1672020000.0,1075501000.0,665795000.0,3534468000.0,23335000.0,2996785000.0,18187084800.0,20629905800.0,60.1619170984456,1.6153635878911676,0.03425687334725443,0.10667216899319386,0.015343914547332908,60.1619170984456,0.045686056386885325,12.891583331679392,59.52206105671048,10.877312950802024,0.0,49.79237197343047,0.0,0.2709642277097345,1.5040440375791346,0.014671694239955993,174.17576279951732,0.17640483366553916,0.05882352941176485,-0.3044387192658868,0.4466309278419663,-0.1251672610437928,-0.0997594458210494,0.054849756959787895,-0.27542890908349976,0.7133807715948134,0.3654212285362646,0.22869083283511304,Restaurants,Consumer Cyclical,CMG
2019Q4,2019,Q4,2020-02-05,2019-12-31,72416000.0,1440224000.0,98156000.0,2.55,276445000.0,0.19194583620325728,5104604000.0,1683026000.0,1072204000.0,666593000.0,3421578000.0,26096000.0,2921448000.0,23245707590.0,25616594590.0,60.60808815585725,1.6084837374529886,0.033918204036983084,0.10287363356240486,0.014949974801160802,60.60808815585725,0.04302726161093174,16.140341773224165,80.25059237599426,13.811852930376595,0.0,44.59606836296751,0.0,0.28214216029294337,1.4837119501704938,0.014186408975113446,256.45625195825335,0.19194583620325728,-0.26512968299711825,-0.3326592440157821,0.5040439807211169,-0.0656259726981904,-0.05290727950446747,-0.26542370818202105,-0.15105387429619188,3.7182000171209033,0.4489621577207757,0.24902981474327654,Restaurants,Consumer Cyclical,CMG
2019Q3,2019,Q3,2019-10-23,2019-09-30,98582000.0,1403697000.0,115621000.0,3.47,291888000.0,0.20794231233663676,4937937000.0,1622447000.0,954756000.0,634019000.0,3315490000.0,23871000.0,2849032000.0,23344054250.0,25767028250.0,58.413933393339335,1.5058791613500542,0.033779693827604526,0.10280890531401025,0.02064875703084967,58.413933393339335,0.060761306840839795,16.63040830749086,59.19958575094845,14.388176778655945,0.0,46.575719492270956,0.0,0.28426790378249056,1.370107204989125,0.019964207724804915,168.4700627864179,0.20794231233663676,0.07763975155279502,-0.15826713106093218,0.44591539663308505,-0.0431752774572829,-0.025942561953133863,0.08298545502482753,-0.036652224629228465,12.226504337316667,0.41640851221060815,0.17811282717146265,Restaurants,Consumer Cyclical,CMG
2019Q2,2019,Q2,2019-07-24,2019-06-30,91028000.0,1434231000.0,120020000.0,3.22,299662000.0,0.2089356595973731,4659307000.0,1538049000.0,832402000.0,548268000.0,3121258000.0,21144000.0,2750450000.0,20107810800.0,22503919800.0,55.48517316017316,1.5182392552547295,0.034608794827213574,0.10484256353341148,0.020050796874917662,55.48517316017316,0.05918407020842639,14.01992482382545,55.22424638572746,13.073582701201326,0.0,53.65914680287552,0.0,0.30782066946865705,1.3992098754623652,0.01953681094634889,500.71743612729716,0.2089356595973731,0.028753993610223738,-0.07536140401017517,0.5298681556721951,-0.01726997796379511,0.09168473014080403,0.032859801207279986,0.08949628271348299,2.747111567306129,0.5136158001904666,0.09051720070629017,Restaurants,Consumer Cyclical,CMG
2019Q1,2019,Q1,2019-04-25,2019-03-31,88132000.0,1308217000.0,110161000.0,3.13,274495000.0,0.20982375248143084,4625482000.0,1483799000.0,837746000.0,581667000.0,3141683000.0,18780000.0,2659422000.0,19546175040.0,21940080040.0,53.57448729058348,1.4402501775070615,0.03408617739729611,0.10625765349619457,0.01986952292465046,53.57448729058348,0.059396185062801636,14.941080141903063,55.445737757000856,13.173061203033566,0.0,55.043769968051116,0.0,0.28282825443921306,1.3491379088034907,0.019053581875359153,165.14870550462592,0.20982375248143084,1.7217391304347827,0.1898522233842908,0.6226746089678813,0.01157675848011153,0.3177299108535877,1.752490708641744,1.7810007068565081,4.598786243771882,0.6921047200654528,0.03976496641294993,Restaurants,Consumer Cyclical,CMG
2018Q4,2018,Q4,2019-02-08,2018-12-31,32019000.0,1225061000.0,39612000.0,1.15,208309000.0,0.17003969598248578,2265518000.0,1441339000.0,814794000.0,449990000.0,824179000.0,21555000.0,2573617000.0,11987785770.0,11737832770.0,51.91582321795195,1.8106935709682437,0.0,0.0,0.02024318090911603,51.91582321795195,0.022214760025226543,9.785460291365084,93.59900192073457,8.317117465079347,0.0,47.17012294131292,0.0,0.5407421172553032,1.6425031667370387,0.014133191614456385,232.03363599411583,0.17003969598248578,-0.15441176470588247,-0.5507003486875841,0.6214405598906979,0.04686308441439547,-0.08935956284153006,-0.16189404250863784,-0.31692848890345054,-0.47279719454825747,0.3725088542505546,-0.24303950753938,Restaurants,Consumer Cyclical,CMG
2018Q3,2018,Q3,2018-10-26,2018-09-30,38204000.0,1225007000.0,57991000.0,1.36,228750000.0,0.18673362682825487,2230872000.0,1435837000.0,793071000.0,402786000.0,795035000.0,18285000.0,2541598000.0,12426659940.0,12083631940.0,51.6450974750018,1.9689636680520177,0.0,0.0,0.02551078302683673,51.6450974750018,0.0266074770325601,10.144154229322771,81.31779355564862,8.654645297481538,0.0,54.484933005195515,0.0,0.5491157717699626,1.7860104373041763,0.017125142096902017,107.51100869489986,0.18673362682825487,-0.19047619047619038,-0.49079527122539474,0.6463500298225746,0.08864900963821092,-0.08367682934156923,-0.18513778687825272,-0.1466515590741204,-0.7042062674950006,0.12923624553978086,-0.3293093053336593,Restaurants,Consumer Cyclical,CMG
2018Q2,2018,Q2,2018-07-27,2018-06-30,46884000.0,1266520000.0,67957000.0,1.68,249639000.0,0.19710624388087042,2128622000.0,1392007000.0,720674000.0,355161000.0,736615000.0,20851000.0,2503394000.0,12000282030.0,11774624030.0,50.03799561450807,2.0291473444437873,0.0,0.0,0.03256759462607439,50.03799561450807,0.033680865110592116,9.475003971512491,63.98921823009982,8.620848910960936,0.0,48.76893194571004,0.0,0.5949952598441621,1.7737392337559585,0.02202551697765033,514.569788173749,0.19710624388087042,-0.2112676056338028,-0.4072124409353458,0.7224030529724585,0.13074117347773456,0.11299901022764765,-0.21131783467348517,-0.267767864839238,-0.6259218627194687,0.18285628328421696,-0.3084445050546068,Restaurants,Consumer Cyclical,CMG
2018Q1,2018,Q1,2018-04-26,2018-03-31,59446000.0,1148397000.0,92808000.0,2.13,224294000.0,0.1953105067324279,2097444000.0,1364045000.0,630439000.0,367320000.0,733399000.0,17404000.0,2456510000.0,9018323210.0,8786485210.0,48.87123356382788,1.716320919089622,0.0,0.0,0.04293576740263966,48.87123356382788,0.043580673658127116,7.852966535091959,37.926535048615555,6.611455787748938,0.0,53.0971615720524,0.0,0.5475221269316368,1.5171866492431667,0.028342115450996547,62.805192559474065,0.1953105067324279,0.3575327107071906,-0.13753998468284992,0.7557423702781992,0.17662082514467556,0.3587811231598716,0.35743155298792045,0.5460527411750987,-0.4610142284896749,0.17256619105075488,-0.2893485251666506,Restaurants,Consumer Cyclical,CMG
2017Q4,2017,Q4,2018-02-08,2017-12-31,43793000.0,1110100000.0,60029000.0,1.5690229658557557,165070000.0,0.14869831546707504,2045692000.0,1364445000.0,629535000.0,323893000.0,681247000.0,19860000.0,2397064000.0,8067116329.999999,7882547329.999999,48.88556483107019,1.9436511440506588,0.0,0.0,0.031345472446773034,48.88556483107019,0.03209583383720121,7.267017683091613,46.05254452766424,5.912379267760883,0.0,47.58459214501511,0.0,0.5426525596228562,1.7251283602918248,0.021407425946818975,218.03017108108105,0.14869831546707504,1.2739463273271825,-0.20690854209054657,0.7641653439386115,0.21679709432273558,-0.08868572438084513,1.2331973482916878,0.944763015518191,-0.5984841835400221,0.1533933379133642,-0.24634807864804045,Restaurants,Consumer Cyclical,CMG
2017Q3,2017,Q3,2017-10-25,2017-09-30,19610000.0,1128074000.0,30867000.0,0.69,181134000.0,0.16056925343550157,2064377000.0,1387126000.0,655936000.0,323402000.0,677251000.0,21634000.0,2353271000.0,8746989450.0,8633509450.0,48.8166813302833,2.028237302181186,0.0,0.0,0.01357635566133955,48.8166813302833,0.014137143994128867,7.753914592482408,111.51184918408974,6.305836275868233,0.0,43.77091615050384,0.0,0.5464476691999571,1.8095528166183263,0.00949923390931017,104.80331472184614,0.16056925343550157,-0.7025862068965517,-0.6979566438839089,0.7932551298406968,0.18131488704187967,-0.1781578947368421,-0.7061291772815825,-0.7107800421644414,-0.8363331731347705,0.1358304502994803,-0.20037900452992666,Restaurants,Consumer Cyclical,CMG
2017Q2,2017,Q2,2017-07-26,2017-06-30,66730000.0,1169409000.0,106725000.0,2.32,220400000.0,0.18847127053066975,2068551000.0,1450196000.0,663965000.0,267785000.0,618355000.0,19126000.0,2333661000.0,11920848900.0,11745711900.0,50.619428252295016,2.4794704707134456,0.0,0.0,0.045566595709667944,50.619428252295016,0.04601446976822443,10.19390897453329,44.66075565712573,8.220163964043483,0.0,49.618791174317685,0.0,0.5653276133873422,2.220225180648655,0.03225929648338378,327.71192269628324,0.18847127053066975,0.44999999999999984,-0.0961748211733518,0.8725184931909884,0.27212305328925673,0.1623736894289391,0.446877710320902,0.45852978557664714,-0.34415396062029485,0.20693835828648774,-0.1034500027920121,Restaurants,Consumer Cyclical,CMG
2017Q1,2017,Q1,2017-04-26,2017-03-31,46120000.0,1068829000.0,73173000.0,1.6,189612000.0,0.177401623646065,2062262000.0,1407722000.0,663964000.0,306323000.0,654540000.0,18319000.0,2266931000.0,12808700000.0,12686287000.0,48.96424347826087,2.167529046137574,0.0,0.0,0.032238738548118755,48.96424347826087,0.03276215048141608,11.98386271330587,69.43137467476149,9.098884580904468,0.0,47.9948141274087,0.0,0.5182799275746729,1.9542182598107227,0.022363792767359336,137.00463146185194,0.177401623646065,1.909090909090909,-0.19591627395800373,0.8228433490212246,0.31473197239873124,0.35780473482949743,1.8870109546165885,1.39518821603928,-0.40017038951903267,0.27714169156398266,-0.07547242719248745,Restaurants,Consumer Cyclical,CMG
2016Q4,2016,Q4,2017-02-07,2016-12-31,15975000.0,1034560000.0,30550000.0,0.55,139646000.0,0.13498105474791217,2026103000.0,1402493000.0,522374000.0,281793000.0,623610000.0,15019000.0,2220811000.0,10905679960.0,10817799960.0,48.524132442999,1.853750802894323,0.0,0.0,0.01117533793486527,48.524132442999,0.01139043118218772,10.541370205691308,170.6679179968701,7.775924699802423,0.0,59.58545841933551,0.0,0.5106156992018668,1.6440259339302254,0.00788459421855651,6902.329088607595,0.13498105474791217,1.037037037037037,-0.6991744599788816,0.8762974502380928,0.45359662271333173,-0.04803261254874158,1.0483395307090653,2.141065186099116,-0.784675893166189,0.3152928868788819,-0.02152908671888109,Restaurants,Consumer Cyclical,CMG
2016Q3,2016,Q3,2016-10-26,2016-09-30,7799000.0,1036982000.0,9726000.0,0.27,146692000.0,0.14146050751122005,2067033000.0,1441020000.0,468897000.0,279499000.0,626013000.0,18382000.0,2204836000.0,12308180500.0,12154052500.0,49.582630836458726,1.6776339092447559,0.0,0.0,0.005062363940884568,49.582630836458726,0.005412138624030201,11.869232542127056,394.5435472496474,8.541297483726805,0.0,48.432705907953434,0.0,0.5016765576553447,1.4499694095506603,0.003773040875496424,343.1616945939164,0.14146050751122005,-0.689655172413793,-0.8608771130672717,0.8888194470411929,0.5543422840738856,-0.053874681544067854,-0.6953039537427723,-0.7621714145983617,-0.90056068838671,0.33318500575851456,0.045173396787473695,Restaurants,Consumer Cyclical,CMG
2016Q2,2016,Q2,2016-07-22,2016-06-30,25596000.0,998383000.0,40895000.0,0.87,155045000.0,0.15529611381604053,2101800000.0,1486043000.0,387707000.0,276528000.0,615757000.0,16966000.0,2197037000.0,11763411320.0,11573451320.0,50.879686376553565,1.4020533182896489,0.0,0.0,0.016899459232912292,50.879686376553565,0.017224266054212428,11.782463563582313,114.89501601812783,7.9159292967969295,0.0,49.70753271248379,0.0,0.4750133219145494,1.1520099230457674,0.01217813302883243,217.0571329458437,0.15529611381604053,1.9886363636363635,-0.4608114199496001,0.8639859752253162,0.688671445866242,1.7281765233763262,1.9683716707021792,1.8774997854261437,-0.6917514172332365,0.2932261435700116,0.14976140776754981,Restaurants,Consumer Cyclical,CMG
2016Q1,2016,Q1,2016-04-27,2016-03-31,-26432000.0,834459000.0,-46604000.0,-0.88,56831000.0,0.06810520349112419,2140820000.0,1540254000.0,374740000.0,271963000.0,600566000.0,16885000.0,2171441000.0,14078706210.0,13827901210.0,51.525574549225574,1.377908024253299,0.0,0.0,-0.01798107379514539,51.525574549225574,-0.017160805944993487,16.871657217430695,-133.1596758663741,9.140509428964315,0.0,46.05436778205508,0.0,0.389784755374109,1.138162176472535,-0.012346670901803981,-11335.512246376811,0.06810520349112419,-1.4055299539170507,-1.5925431856971626,0.7033314201477928,0.8563029073899263,-0.709348949010382,-1.3894274685446564,-1.4497891191259784,-1.358057069518212,0.19118615827121643,0.24052657608863318,Restaurants,Consumer Cyclical,CMG
2015Q4,2015,Q4,2016-02-05,2015-12-31,67874000.0,997507000.0,103613000.0,2.17,195530000.0,0.19601867455566727,2725066000.0,2127974000.0,814647000.0,279942000.0,597092000.0,15043000.0,2197873000.0,14888305950.0,14640300950.0,68.5845876172366,2.9100563688192556,0.0,0.0,0.03135290611558372,68.5845876172366,0.03189606639930751,14.925515259542038,54.8380305787194,6.9964698581843585,0.0,53.31230472645084,0.0,0.36604874891103556,2.7135585228368733,0.024907286649204094,776.4435958279009,0.19601867455566727,-0.5272331154684096,0.463974955772063,1.070946612504371,1.628951947245682,-0.43241226962521734,-0.5315254377670258,-0.558640989269847,0.10575173702330554,0.4260302782079112,0.7071200305521685,Restaurants,Consumer Cyclical,CMG
2015Q3,2015,Q3,2015-10-21,2015-09-30,144883000.0,1216890000.0,234759000.0,4.59,344493000.0,0.2830929664965609,2947922000.0,2401488000.0,1073233000.0,244244000.0,546434000.0,17524000.0,2129999000.0,22462436750.0,21858274750.0,77.00285375316638,4.394101799839505,0.0,0.0,0.059942908568219426,77.00285375316638,0.06033051174938205,18.45888843691706,38.759614223200785,9.353549445177324,0.0,49.78298333713764,0.0,0.4127958609488311,4.0835639770066,0.04914750118897311,187.20569348601526,0.2830929664965609,0.031460674157303296,1.989099341349377,1.5390417883041048,2.1397956645732368,0.0279568159845311,0.03337279963481784,0.032288845112041366,1.033214432051586,0.7625030391671821,0.8633920824702693,Restaurants,Consumer Cyclical,CMG
2015Q2,2015,Q2,2015-07-22,2015-06-30,140204000.0,1197783000.0,227416000.0,4.45,335124000.0,0.2797869063094066,2806224000.0,2251710000.0,989231000.0,261016000.0,554514000.0,16529000.0,1985116000.0,18827288800.0,18239603800.0,72.35571979434447,3.7899247555705395,0.0,0.0,0.06179224027982894,72.35571979434447,0.06226556705792487,15.71844716446969,33.57124047816039,8.361329300842472,0.0,52.19063464214411,0.0,0.4268308588337923,3.4970729763692647,0.04996179920063402,182.11908414668358,0.2797869063094066,0.14690721649484545,2.0422038546412784,1.5865782145326628,2.0266314990226433,0.12029150230661229,0.14320659485816326,0.1497211844227279,0.7482099760730925,0.7656625579186758,0.818380459157995,Restaurants,Consumer Cyclical,CMG
2015Q1,2015,Q1,2015-04-22,2015-03-31,122641000.0,1089043000.0,197801000.0,3.88,299140000.0,0.274681532317824,2703719000.0,2134334000.0,984695000.0,277121000.0,569385000.0,16052000.0,1844912000.0,20190159440.0,19647202440.0,68.76962237401727,3.553303430631385,0.0,0.0,0.05710791871525545,68.76962237401727,0.057461015942209606,18.539359272315235,41.157034433835335,9.459700046946727,0.0,49.20900822327436,0.0,0.40279444720401786,3.291031715387863,0.045360113236619634,110.11452824014485,0.274681532317824,0.010416666666666676,2.287112660139646,1.696523880525761,1.9481698430935332,0.050174127955962475,0.011605655179240146,0.0528498126383921,0.9807048395485823,0.7205141665003989,0.8465233983457635,Restaurants,Consumer Cyclical,CMG
2014Q4,2014,Q4,2015-02-04,2014-12-31,121234000.0,1069811000.0,187872000.0,3.84,284848000.0,0.2662601151044437,2546285000.0,2012369000.0,878479000.0,245710000.0,533916000.0,15332000.0,1722271000.0,21236238240.0,20816773240.0,64.86491103661682,3.5752675918766026,0.0,0.0,0.05996195835174406,64.86491103661682,0.060244418394439586,19.850457922006786,43.79183694343171,10.552854988324706,0.0,51.19769110357422,0.0,0.42014582028327546,3.2940621057344024,0.047612109406449006,529.3048089529174,0.2662601151044437,-0.074698795180723,2.893773158544755,1.801330561139724,1.902992481695229,-0.08703734567505544,-0.07314164264799199,-0.09431342679187797,1.126882039423369,0.8075827814021092,0.9431035830714908,Restaurants,Consumer Cyclical,CMG
2014Q3,2014,Q3,2014-10-21,2014-09-30,130801000.0,1084222000.0,207436000.0,4.15,312004000.0,0.2877676343036758,2437053000.0,1893764000.0,873870000.0,264986000.0,543289000.0,15885000.0,1601037000.0,20677621800.0,20235003800.0,61.04977433913604,3.297796864740024,0.0,0.0,0.0688089307535187,61.04977433913604,0.06906932437199144,19.071391098870894,39.52114624505929,10.918795478211646,0.0,48.61303116147309,0.0,0.44489061173474687,3.0513234661453814,0.05367179129875305,156.92802944636284,0.2877676343036758,0.1857142857142858,2.869315324203033,1.8519668759791252,1.8322577293740736,0.0881684128290621,0.18618844654031014,0.15343468155380835,1.1860967241959415,0.8502741924235646,0.9138203053701733,Restaurants,Consumer Cyclical,CMG
2014Q2,2014,Q2,2014-07-22,2014-06-30,110270000.0,1050073000.0,179842000.0,3.5,286724000.0,0.27305149261051376,2277582000.0,1753034000.0,892099000.0,241536000.0,524548000.0,15522000.0,1470236000.0,18396842990.0,17926792990.0,56.46024026538697,3.6934411433492316,0.0,0.0,0.06250477226886428,56.46024026538697,0.06290237382731881,17.51958481934113,41.70863106465947,10.494287612219727,0.0,49.178520809174074,0.0,0.46104728611307955,3.4151099629040806,0.04841538087322432,147.12413321817294,0.27305149261051376,0.3257575757575757,2.196565617314717,1.7707455877462155,1.7710803529630037,0.22437441284482024,0.3274506735364576,0.32577957980095834,1.185069684554303,0.8441841625200849,0.8738872495653277,Restaurants,Consumer Cyclical,CMG
2014Q1,2014,Q1,2014-04-17,2014-03-31,83069000.0,904163000.0,135650000.0,2.64,234180000.0,0.2590019719895638,2155680000.0,1645033000.0,790791000.0,227242000.0,510647000.0,15202000.0,1359966000.0,17644201050.0,17232609050.0,52.961366343646375,3.4799508893602416,0.0,0.0,0.05024166943128613,52.961366343646375,0.050496859333520966,19.514402878684486,53.1010396477627,10.725742918227171,0.0,44.07202999605315,0.0,0.4194328471758331,3.184169299689318,0.03853494025087211,133.1155585146513,0.2590019719895638,0.04347826086956535,2.3706784999888524,1.6282075384935972,1.67952466238932,0.08299843224669685,0.04329205495968451,0.050703308960218116,0.7921858056141109,0.7762126306401832,0.9080299284994849,Restaurants,Consumer Cyclical,CMG
2013Q4,2013,Q4,2014-02-05,2013-12-31,79622000.0,844147000.0,129104000.0,2.53,216233000.0,0.25615562218428783,2009280000.0,1538288000.0,666307000.0,199228000.0,470992000.0,13044000.0,1276897000.0,16526302820.0,16203099820.0,49.591798575066896,3.3444445559861062,0.0,0.0,0.05160425136714066,49.591798575066896,0.05176013854362772,19.577517683531422,51.8898759764889,10.743308678218902,0.0,48.138147807421035,0.0,0.42012412406434146,3.040973156383641,0.03962713011626055,215.17502760272902,0.25615562218428783,-0.04887218045112794,3.839910935664595,1.52190698844151,1.5491677183987311,-0.023809631298333685,-0.04505930749949028,-0.05869314784840399,0.7178106004303373,0.7530044780266559,0.9009293481349475,Restaurants,Consumer Cyclical,CMG
2013Q3,2013,Q3,2013-10-18,2013-09-30,83379000.0,826907000.0,137154000.0,2.66,221507000.0,0.2678741382041753,1911432000.0,1465742000.0,603782000.0,179698000.0,445690000.0,12509000.0,1197275000.0,13248757188.0,12940681188.0,47.43962196977053,3.3599817471535576,0.0,0.0,0.056569654734442615,47.43962196977053,0.05688518170319197,16.022064377251613,39.72450253660994,9.038942179455866,0.0,48.39715404908466,0.0,0.43261125690058555,3.0425936849603223,0.043621222204085736,205.63982783615566,0.2678741382041753,-0.056737588652482164,3.5531535466608526,1.5826311756328515,1.4639733352677866,-0.01819495416910448,-0.05092597862338224,-0.06327090931442855,0.7363484685888129,0.7415361037179505,0.9343532366623993,Restaurants,Consumer Cyclical,CMG
2013Q2,2013,Q2,2013-07-19,2013-06-30,87853000.0,816786000.0,146418000.0,2.82,225612000.0,0.2762192300063909,1808931000.0,1367443000.0,555010000.0,182707000.0,441488000.0,11270000.0,1113896000.0,11239929740.0,10958297740.0,44.25238665415359,3.0377051782361923,0.0,0.0,0.06410171415249512,44.25238665415359,0.06424618795810867,13.761168457833508,31.985048148611888,8.2196696608195,0.0,52.45554569653949,0.0,0.451529660335303,2.7298187808896213,0.04856625266524815,113.68622547234696,0.2762192300063909,0.15102040816326515,2.8176866592847514,1.5486457715957211,1.3873039173463522,0.17864139548733915,0.14714561788363104,0.21970277564892873,0.9197804234750145,0.7763265618845568,0.8510722819850836,Restaurants,Consumer Cyclical,CMG
2013Q1,2013,Q1,2013-04-19,2013-03-31,76584000.0,726751000.0,120044000.0,2.45,191417000.0,0.2633873224804644,1712670000.0,1288091000.0,575514000.0,182116000.0,424579000.0,11431000.0,1026043000.0,9956712720.0,9609782720.0,41.53524442151425,3.160150673197303,0.0,0.0,0.05932397339921295,41.53524442151425,0.059455426674047095,13.700308248629861,32.502587746787846,7.7298208899837055,0.0,46.83177324818476,0.0,0.424338021918992,2.871675196028905,0.04471614496663105,112.1819922257901,0.2633873224804644,0.23839747037634676,3.6875268595029604,1.5180851302476914,1.344284948211002,0.11425644249631815,0.24825191922155396,0.17473675969781188,1.0542482221801546,0.8008637196381458,0.780625671652557,Restaurants,Consumer Cyclical,CMG
2012Q4,2012,Q4,2013-02-08,2012-12-31,61353000.0,699161000.0,102188000.0,1.9783632142396492,171789000.0,0.2457073549583,1668667000.0,1245926000.0,546607000.0,186852000.0,422741000.0,11096000.0,949459000.0,9224829520.0,8905805520.0,40.175609441506516,2.925347333718665,8.56971462850287e-05,0.00011477407165433581,0.04887721224998858,40.175609441506516,0.04924289243502423,13.194142007348809,37.58915423858654,7.403994715577007,0.0,47.5281182408075,0.0,0.41899372373277594,2.672013144092651,0.03676767144073683,138.7317580533582,0.2457073549583,-0.12847435496050696,2.7008860949238467,1.5601452254151147,1.3448815971196841,-0.10434197766446648,-0.15141078838174274,-0.1315196790834842,0.9712877919327406,0.8314813957846889,0.7980367242063877,Restaurants,Consumer Cyclical,CMG
2012Q3,2012,Q3,2012-10-19,2012-09-30,72300000.0,700528000.0,117663000.0,2.27,191802000.0,0.2737963364776283,1706205000.0,1307616000.0,656679000.0,159333000.0,398589000.0,9964000.0,888106000.0,10003301590.0,9585715590.0,41.324021110514174,4.121424940219541,8.205344609821212e-05,0.0001070650710912072,0.05488019468182969,41.324021110514174,0.055291461713530575,14.279659899390174,34.58956289764868,7.6500299705724,0.0,51.05640305098354,0.0,0.41057668920205953,3.857675434467436,0.04237474394929097,131.81490848476065,0.2737963364776283,-0.11328125000000001,2.6269079819228907,1.5278730543788743,1.5179331710788417,-0.04769896082101594,-0.11487090337034633,-0.12053965169295164,1.0966478766376668,0.8064082277407667,0.9171287603604183,Restaurants,Consumer Cyclical,CMG
2012Q2,2012,Q2,2012-07-20,2012-06-30,81683000.0,690932000.0,133790000.0,2.56,201409000.0,0.29150336067804067,1648409000.0,1261225000.0,620442000.0,150109000.0,387184000.0,10504000.0,815806000.0,12042895200.0,11641695200.0,39.79129858657244,4.133276485753686,8.371708720347923e-05,0.00010941743146544035,0.06439213604677081,39.79129858657244,0.06476481198834466,17.429928270799444,36.85863398748821,9.54857000138754,0.0,46.60348438690023,0.0,0.41915082967879935,3.8260863772325444,0.049552629232186916,129.45034665864065,0.29150336067804067,0.2994923857868021,3.210045236437513,1.5936357092200208,1.543652007933121,0.14867685639329303,0.3035075960679178,0.30879245578337766,1.3195358448132974,0.7858937805229259,0.9529652232056383,Restaurants,Consumer Cyclical,CMG
2012Q1,2012,Q1,2012-04-20,2012-03-31,62664000.0,640603000.0,102224000.0,1.97,175340000.0,0.27371086304622366,1527568000.0,1169795000.0,551487000.0,124547000.0,357773000.0,10017000.0,734123000.0,13129380000.0,12762818000.0,37.2427570837313,4.427942864942552,8.837577116043279e-05,0.00011540483589004911,0.053170807618897926,37.2427570837313,0.05356836026825213,20.495345791387177,52.38007468402911,11.223658846208096,0.0,46.44733952281122,0.0,0.4193613639458276,4.083992388415618,0.04102206906664711,-1051.3597053171045,0.27371086304622366,0.08839779005524857,4.221406621890135,1.812496307130453,1.494131954500924,0.12621957877563605,0.09032067231569607,0.08901862189457536,1.5144555302183633,0.8414053096198562,0.8842581487364598,Restaurants,Consumer Cyclical,CMG
2011Q4,2011,Q4,2012-02-10,2011-12-31,57473000.0,596749000.0,93868000.0,1.81,155689000.0,0.2608952842820013,1425308000.0,1044226000.0,501192000.0,157453000.0,381082000.0,8913000.0,671459000.0,10564844940.0,10163734940.0,33.38211693999553,3.183121312391634,9.33131645931967e-05,0.0001273670642178992,0.054783216472718305,33.38211693999553,0.055038851742821956,17.704001079180696,45.95568762723366,10.117393112219002,0.0,49.4850218781555,0.0,0.4186807342693649,2.9509567934558247,0.04032321435086311,170.54651460119135,0.2608952842820013,-0.047368421052631504,4.517871893072663,1.8268396663121291,1.2931509890820778,-0.012946091763825754,-0.04897986199592937,-0.04226099377614529,2.4642986074387587,0.7678680546340582,0.715941291107594,Restaurants,Consumer Cyclical,CMG
2011Q3,2011,Q3,2011-10-21,2011-09-30,60433000.0,591854000.0,98010000.0,1.9,157731000.0,0.2665032254576298,1343373000.0,999441000.0,487729000.0,128443000.0,343932000.0,8768000.0,613986000.0,9491726450.0,9081981450.0,31.899428680859213,3.797240799420755,9.677133603250922e-05,0.0001300727106452507,0.060176012595671194,31.899428680859213,0.06046680094172643,16.037276845303065,39.26549422500952,9.497035292728635,0.0,49.512203467153284,0.0,0.4405730947398824,3.506606043147544,0.0449860165419433,117.229568219151,0.2665032254576298,0.19496855345911937,4.31146452127656,1.9059828900768387,1.2826445235866262,0.07067655903176101,0.19298418777266715,0.1686917949512896,2.254406692757133,0.8228979822035429,0.6568290052985379,Restaurants,Consumer Cyclical,CMG
2011Q2,2011,Q2,2011-07-21,2011-06-30,50657000.0,571561000.0,83863000.0,1.59,147319000.0,0.25774851678123595,1263581000.0,939062000.0,441712000.0,117416000.0,324519000.0,8447000.0,553553000.0,9605357730.0,9259280730.0,30.13000930471332,3.761940451045854,0.00010129940225438655,0.00013630622898168598,0.055040447050014554,30.13000930471332,0.053944255011916145,16.805481357195468,47.40390138579071,10.228672579659277,0.0,50.22398484669113,0.0,0.4523342785306205,3.380050419022961,0.04009002984375359,127.78519755747126,0.25774851678123595,0.08904109589041104,3.8889748399324593,1.9048559746752798,1.27644252931925,0.14655843347238653,0.09216937605105428,0.12084842490744577,1.1825323193271362,0.7682404193670707,0.6254375115397928,Restaurants,Consumer Cyclical,CMG
2011Q1,2011,Q1,2011-04-21,2011-03-31,46382000.0,509384000.0,74821000.0,1.46,128488000.0,0.2522419235782828,1158055000.0,862746000.0,377160000.0,99344000.0,295309000.0,8738000.0,502896000.0,8465804340.0,8186618340.0,27.75709413808635,3.7965050732807217,0.00010707608878680201,0.00014372712246709925,0.05331587871834538,27.75709413808635,0.05376089834087901,16.619690331851807,45.63087156655599,9.812626589981292,0.0,43.5907530327306,0.0,0.43986166460142223,3.456746255435658,0.040051638307334284,202.20709245945494,0.2522419235782828,-0.022936376359134442,4.7319220981269225,1.688795185380042,1.0880428543662437,0.026737626056799475,-0.0013564431047475508,0.0112039139366418,1.8325397559450403,0.7609656682311216,0.5666342861410179,Restaurants,Consumer Cyclical,CMG
2010Q4,2010,Q4,2011-02-17,2010-12-31,46445000.0,482521000.0,73992000.0,1.4942732127919696,125142000.0,0.25935037024295315,1121605000.0,810873000.0,406221000.0,123054000.0,310732000.0,7098000.0,456514000.0,6609898120.0,6388842120.0,26.088186088411298,3.301160466136818,0.00010788111679245367,0.00014922188801452262,0.05676480585608757,26.088186088411298,0.05727777346144217,13.698674503285867,35.57916955538809,8.151582454959039,0.0,50.349253310791774,0.0,0.4302058211224094,3.0782420725860193,0.041409408838227364,129.7101222551463,0.25935037024295315,-0.016925517900020035,19.465535770475704,4.228566982944296,3.9226017372015356,-0.05108470643544461,-0.03697022476569627,-0.04629820581563209,1.7953082201664352,0.762886877917364,0.5226578591176065,Restaurants,Consumer Cyclical,CMG
2010Q3,2010,Q3,2010-10-22,2010-09-30,48228000.0,476874000.0,77584000.0,1.52,131879000.0,0.2765489416491568,1032371000.0,761029000.0,345399000.0,103433000.0,271342000.0,7175000.0,410069000.0,5337332000.0,5130146000.0,24.5247977828623,3.33935011069968,0.00011333135084189696,0.0001537392136173523,0.06273866603431126,24.5247977828623,0.0633720922592963,11.192331727039008,27.667185037737415,7.013309611066069,0.0,48.082926829268295,0.0,0.4619211504391348,3.050602805680972,0.0467157640034445,141.5212387972636,0.2765489416491568,0.04109589041095894,7.140104138608754,4.922616419070742,3.807581680600486,0.05175892622159839,0.03803189772066895,0.03501914379860991,1.467058070154243,0.7547501429456448,0.4943318726492025,Restaurants,Consumer Cyclical,CMG
2010Q2,2010,Q2,2010-07-27,2010-06-30,46461000.0,466841000.0,74959000.0,1.46,125389000.0,0.26859037659502916,1009122000.0,750014000.0,339348000.0,100574000.0,259108000.0,6358000.0,361841000.0,4292140130.0,4093933130.0,23.90635259618143,3.3741125937120926,0.00010999661091523127,0.00014799723738490215,0.06134275653175027,23.90635259618143,0.061946843658918366,9.19400851681836,23.09539253352274,5.722746682061935,0.0,53.70430953129915,0.0,0.4626209714979953,3.0905502416131405,0.0460410138714645,91.05284647531768,0.26859037659502916,0.22689075630252103,3.4545705375694644,1.357056317554778,0.8062204103712569,0.1719145754474508,0.22760060242555552,0.22290198381623597,1.4193129171243264,0.7704801791497544,0.5282095318234777,Restaurants,Consumer Cyclical,CMG
2010Q1,2010,Q1,2010-04-23,2010-03-31,37847000.0,409686000.0,61296000.0,1.19,106995000.0,0.26116342760065026,992772000.0,734379000.0,327050000.0,100272000.0,258393000.0,6314000.0,315380000.0,3547189610.0,3358043610.0,23.326207794682844,3.261628370831339,0.00010374990430834069,0.0001402545552092312,0.051096335589528113,23.326207794682844,0.05153605971848323,8.658312976279394,23.431114817554892,4.830189330032586,0.0,47.939657903072536,0.0,0.41266876986861034,3.0069810116483167,0.03812254978988126,88.31763793446868,0.26116342760065026,0.18574408152930735,3.61758729715448,1.1349926899479637,0.7547269632349065,0.12612091104281564,0.19784149892391442,0.2165525454004168,2.146246093308357,0.7945102487668374,0.5621464358088865,Restaurants,Consumer Cyclical,CMG
2009Q4,2009,Q4,2010-02-19,2009-12-31,31596000.0,387544000.0,50385000.0,1.0035892386367247,95012000.0,0.24516442004004707,961505000.0,703461000.0,297454000.0,102153000.0,258044000.0,5614000.0,277533000.0,2775541280.0,2559853280.0,22.344153987866466,2.9118479144029052,9.984347455291445e-05,0.0001364681197678336,0.04445980815216164,22.344153987866466,0.044915069918588235,7.161873954957373,21.96117609824028,3.945551039787565,0.0,52.10758817242608,0.0,0.4030597864805695,2.6854717923115325,0.03286098356222797,62.142693892172666,0.24516442004004707,-0.07075070496599574,12.745137961623737,3.1459143053477323,3.216137176583145,-0.03925415090905414,-0.08321727019498608,-0.08071667061978872,2.0140077881684793,0.8240427522167835,0.5349092123060878,Restaurants,Consumer Cyclical,CMG
2009Q3,2009,Q3,2009-10-27,2009-09-30,34464000.0,387581000.0,54809000.0,1.08,98894000.0,0.25515698653958785,919819000.0,681682000.0,269142000.0,87136000.0,238137000.0,5858000.0,245937000.0,3069206250.0,2834659250.0,21.55516205533597,3.0887578038927654,9.675816655233258e-05,0.00013055941039957048,0.050210112804069985,21.55516205533597,0.0505572979776494,7.91887695733279,22.26385685062674,4.502401779715468,0.0,49.28081256401502,0.0,0.42136659494965856,2.829542324641939,0.03746824103437742,85.3553103620891,0.25515698653958785,-0.018181818181818195,4.707706429403284,3.723214594157726,3.225445736071363,-0.02305686173785909,-0.026248128160935778,-0.04384006140748753,2.0008862596478254,0.8853182308744932,0.5424342897450793,Restaurants,Consumer Cyclical,CMG
2009Q2,2009,Q2,2009-07-24,2009-06-30,35393000.0,388836000.0,57322000.0,1.1,101228000.0,0.26033597712145995,873339000.0,649060000.0,239297000.0,80942000.0,224279000.0,5715000.0,211473000.0,2548480000.0,2344101000.0,20.374811652435962,2.9564008796422128,9.732761275976453e-05,0.00013095861707700367,0.05409424302019546,20.374811652435962,0.05452962746125166,6.554125646802251,18.001299692029498,3.9264166640988507,0.0,50.32510936132984,0.0,0.4452291721771271,2.6850707914309013,0.0405260729224276,94.43711554139183,0.26033597712145995,0.4102564102564103,2.3419463230850917,0.9334468695321709,0.5393983886098229,1.4576464590060454,0.39386420919974796,0.3916822452596567,2.3419463230850917,0.9334468695321709,0.5393983886098229,Restaurants,Consumer Cyclical,CMG
2009Q1,2009,Q1,2009-04-23,2009-03-31,25392000.0,354456000.0,41189000.0,0.78,41189000.0,0.11620342158123999,854599000.0,632546000.0,230445000.0,88616000.0,222053000.0,5766000.0,176080000.0,2124359139.9999998,1923365139.9999998,19.765209511608287,2.600489753543378,9.829171342348867e-05,0.00013279666617131402,0.03976809108590886,19.765209511608287,0.04014253508835721,5.993294344008847,20.915634254883425,3.358426327887616,0.0,54.33003815469996,0.0,0.4147629473004298,2.3506928771327975,0.029712180800586005,59.228793598572494,0.11620342158123999,0.47070877275673123,2.0476562576890363,0.817159375554458,0.4868488855660416,-0.4349698890214961,0.496023095504625,0.817535963286559,2.0476562576890363,0.817159375554458,0.4868488855660416,Restaurants,Consumer Cyclical,CMG
2008Q4,2008,Q4,2009-02-19,2008-12-31,16973000.0,345344000.0,22662000.0,0.5303565290753992,72897000.0,0.21108517883617495,824985000.0,622590000.0,211072000.0,76788000.0,202395000.0,4789000.0,150688000.0,1983545940.0,1899461940.0,19.454113676842795,2.7487628275251343,9.939574658933192e-05,0.00013170786552948167,0.02186841650394613,19.454113676842795,0.02726192197112064,5.743681488602669,29.216195428032755,3.185958560208163,0.0,56.890164961369805,0.0,0.4186063989042225,2.4998958170547483,0.020573707400740618,344.72470281543275,0.21108517883617495,-0.101090628685764,6.26375232051289,2.634432743464461,2.670813043758625,0.0022272633532687152,-0.12856189351542846,-0.2703329254942366,6.26375232051289,2.634432743464461,2.670813043758625,Restaurants,Consumer Cyclical,CMG
2008Q3,2008,Q3,2008-10-23,2008-09-30,19477000.0,340543000.0,31058000.0,0.59,72735000.0,0.21358536220095553,831919000.0,632702000.0,239976000.0,80997000.0,199217000.0,5485000.0,133715000.0,1823512380.0,1615329380.0,19.253301685837744,2.9627763991258935,0.0,0.0,0.02996097406296879,19.253301685837744,0.030783844527123353,5.354719903213398,23.405970888740566,2.8821030753814596,0.0,48.825524156791246,0.0,0.40934634261268227,2.7156561354124227,0.023412135075650393,112.01624055531667,0.21358536220095553,-0.20270270270270274,2.104234726630791,2.993775967548659,2.774213402101498,-0.04894217945029943,-0.20398070949812,-0.18938247115936732,2.104234726630791,2.993775967548659,2.774213402101498,Restaurants,Consumer Cyclical,CMG
2008Q2,2008,Q2,2008-07-24,2008-06-30,24468000.0,340754000.0,38314000.0,0.74,76478000.0,0.22443757079887544,786756000.0,609037000.0,220338000.0,71295000.0,177719000.0,5151000.0,114238000.0,2714562720.0,2522945720.0,18.53655344533723,3.0905112560488113,0.0,0.0,0.039302958907670375,18.53655344533723,0.040174899061961755,7.966341466277726,27.73584600294262,4.45713925426534,0.0,51.30576587070472,0.0,0.43311268042442636,2.8191458026509575,0.031099858151701416,324.3592687298363,0.22443757079887544,0.423076923076923,1.2400469384296244,0.6427946917507138,0.40051063984782415,0.17990650600922597,0.41564452672992364,0.4300003732318143,1.2400469384296244,0.6427946917507138,0.40051063984782415,Restaurants,Consumer Cyclical,CMG
2008Q1,2008,Q1,2008-04-24,2008-03-31,17284000.0,305327000.0,26793000.0,0.52,64817000.0,0.21228715442787569,751932000.0,581281000.0,210676000.0,75934000.0,170651000.0,4583000.0,89770000.0,3721411440.0,3538249440.0,17.717660326749574,2.7744620328179734,0.0,0.0,0.028389703301983343,17.717660326749574,0.029734328147660083,12.18828154732467,53.82740453598705,6.402086839239542,0.0,52.47872572550731,0.0,0.40605666469840357,2.533489609397635,0.0229861210854173,232.53008247938016,0.21228715442787569,-0.02724598015737247,1.0235981105283871,0.5268867723474241,0.33282085859972826,0.014525192130100643,-0.014482837267647394,-0.040055891942244994,1.0235981105283871,0.5268867723474241,0.33282085859972826,Restaurants,Consumer Cyclical,CMG
2007Q4,2007,Q4,2008-02-26,2007-12-31,17538000.0,288910000.0,27911000.0,0.5345647403072421,63889000.0,0.22113807067945035,722115000.0,562110000.0,201844000.0,73301000.0,160005000.0,4332000.0,72486000.0,4825072560.0,4677896560.0,17.13332114118508,2.7536322833249205,0.0,0.0,0.030152402682352728,17.13332114118508,0.031200298873885896,16.700953791838288,68.78025658569962,8.583858248385546,0.0,51.94390581717452,0.0,0.4000886285425452,2.5386283952469952,0.024286990299329056,1035.6455376690276,0.22113807067945035,-0.13779880595606112,6.321387896629577,1.965911794136905,2.2329007516200825,-0.03163271492663999,-0.14880605707629588,-0.11100140145241431,6.321387896629577,1.965911794136905,2.2329007516200825,Restaurants,Consumer Cyclical,CMG
2007Q3,2007,Q3,2007-10-31,2007-09-30,20604000.0,286431000.0,31396000.0,0.62,65976000.0,0.23033819663374425,683367000.0,536767000.0,188649000.0,70256000.0,146600000.0,4404000.0,53397000.0,4006812060.0,3839230060.0,16.411881611936646,2.68516567979959,0.00010975069033184218,0.00013972543021459964,0.03660435360340036,16.411881611936646,0.03838537018855481,13.988751427045257,48.61691977285964,7.46471385163395,0.0,50.05790190735695,0.0,0.41914666643253184,2.4762013208836255,0.030150709647963687,1672.2921786310517,0.23033819663374425,0.03333333333333337,2.2995186603369357,2.375190731786253,2.2172114967188925,0.03443085606773283,0.03117962063960763,0.02327097320904765,2.2995186603369357,2.375190731786253,2.2172114967188925,Restaurants,Consumer Cyclical,CMG
2007Q2,2007,Q2,2007-08-01,2007-06-30,19981000.0,274346000.0,30682000.0,0.6,63780000.0,0.23248015279974923,645833000.0,510631000.0,176412000.0,60194000.0,135202000.0,4418000.0,32793000.0,2783709760.0,2627566760.0,15.643373567796091,2.930723992424494,0.00011458070429971835,0.00014491873779696101,0.03735183386036162,15.643373567796091,0.03913001756650106,10.146711670664052,34.82945998698764,5.451509524490287,0.0,47.660932548664555,0.0,0.4247940257001423,2.700186065056318,0.030938338548819895,4069.751111111111,0.23248015279974923,0.5789473684210525,0.841254393360703,0.3313090681911603,0.18191934597872408,0.30365464802550896,0.6061897106109325,0.645235669472894,0.841254393360703,0.3313090681911603,0.18191934597872408,Restaurants,Consumer Cyclical,CMG
2007Q1,2007,Q1,2007-05-02,2007-03-31,12440000.0,236095000.0,18649000.0,0.38,48924000.0,0.20722166924331306,626241000.0,486161000.0,177444000.0,66708000.0,140080000.0,4142000.0,12812000.0,2021851800.0,1867039800.0,14.932151852079366,2.660010793308149,0.00011497171216831859,0.00014809908651660663,0.023585219473732655,14.932151852079366,0.025588231059258146,8.563721383341452,40.63206993569132,4.158811175721623,0.0,45.188556253017865,0.0,0.3770034220052663,2.462703124063081,0.019864556935748377,-1485.5634092578987,0.20722166924331306,0.14122682409371828,0.4676497515485097,0.1897355790612515,0.12327943335625965,0.09550146666965226,0.14749561848537956,0.20347186370676304,0.4676497515485097,0.1897355790612515,0.12327943335625965,Restaurants,Consumer Cyclical,CMG
