Year,Date,FillingDate,NetIncome,Revenue,OperatingIncome,EPSDiluted,GrossProfit,GrossProfitRatio,TotalAssets,CommonStockEquity,CurrentAssets,CurrentLiability,TotalLiability,Inventory,RetainedEarnings,EnterpriseValue,bookValuePerShare,currentRatio,debtToAssets,debtToEquity,roic,shareholdersEquityPerShare,roe,priceToSalesRatio,peRatio,pbRatio,payoutRatio,inventoryTurnover,dividendYield,assetTurnover,quickRatio,returnOnAssets,priceToFreeCashFlowsRatio,grossProfitMargin,epsdilutedGrowth,fiveYNetIncomeGrowthPerShare,fiveYRevenueGrowthPerShare,fiveYShareholdersEquityGrowthPerShare,grossProfitGrowth,netIncomeGrowth,operatingIncomeGrowth,threeYNetIncomeGrowthPerShare,threeYRevenueGrowthPerShare,threeYShareholdersEquityGrowthPerShare,Industry,Sector,Price,MarketCap,AvgVolume,Symbol
2022,2022-12-31,2023-03-01,110174000.0,688369000.0,174748000.0,1.8,242448000.0,0.3522064474,1118896000.0,710445000.0,654642000.0,116649000.0,408451000.0,161283000.0,261764000.0,2722827980.0,11.77734860666744,5.612066970141193,0.031746471521928755,0.04999824053938025,0.1838023540455762,11.77734860666744,0.1550774514564815,4.4043732068120445,27.51859767277216,4.26751399474977,0.3304863216366838,2.764835723541849,0.01200956260804228,0.6152216113025697,4.138869600253753,0.09846670289285153,33.84007656848191,0.35220644741410495,1.0224719101123596,-0.4118868178102353,-0.28330559210228207,7.968322909399572,0.9963111784467427,0.6329331554765081,1.3167831147997402,-0.4743734574056312,-0.18315258994639097,0.025920995311189007,Oil & Gas Equipment & Services,Energy,45.365,2927721005,619549,WHD
2021,2021-12-31,2022-02-28,67470000.0,438589000.0,75427000.0,0.89,121448000.0,0.2769061696,982078000.0,595033000.0,518485000.0,92574000.0,387045000.0,119817000.0,178446000.0,1843864740.0000002,10.741055633777393,5.600762633136734,0.033814014772757355,0.055808669435140575,0.10238612150668709,10.741055633777393,0.1133886691998595,4.816184947638906,31.307629168519345,3.549930407221112,0.45798132503334815,2.6468781558543446,0.014628425632876111,0.4465928368215152,4.2222870352366755,0.06870126405438265,42.399151746286634,0.276906169557376,0.141025641025641,1.0054371160898021,-0.9981362384615913,1.003794470926848,0.08806823272232077,0.1394072447859495,0.07692856836905153,-0.39731610048743227,-0.5296195547562789,0.9545845815239917,Oil & Gas Equipment & Services,Energy,45.365,2927721005,619549,WHD
2020,2020-12-31,2021-03-01,59215000.0,348566000.0,70039000.0,0.78,111618000.0,0.3202205608,815594000.0,550770000.0,425142000.0,48915000.0,264824000.0,87480000.0,150086000.0,976676990.0,11.605664074846704,8.69144434222631,0.03449265198125538,0.05107758229387948,0.09734515690353143,11.605664074846704,0.10751311799843855,3.549410986728482,20.893422105885335,2.2463169562612344,0.5647893270286245,2.708596250571559,0.027031920580857485,0.42737685662229,6.802146580803434,0.07260352577385316,10.406554038709027,0.32022056081201267,-0.6231884057971014,3.4027773568003368,1.4845025210891447,10.32889903585884,-0.5246393846861465,-0.6211525050702802,-0.6175866775866776,-0.5982127219943337,-0.5387032599326147,7.866742044619983,Oil & Gas Equipment & Services,Energy,45.365,2927721005,619549,WHD
2019,2019-12-31,2020-02-28,156303000.0,628414000.0,183150000.0,2.07,234807000.0,0.3736501733,834964000.0,516395000.0,414883000.0,91126000.0,318569000.0,113371000.0,132990000.0,1378878560.0,11.479781250694707,4.55284990013827,0.045109729281741485,0.07293835145576545,0.2568922215826737,11.479781250694707,0.3026810871522768,2.4566870884480614,9.877075679929368,2.9896040046863352,0.08084297806184142,3.471849061929418,0.008184910259027147,0.7526240652291596,3.1875425235388364,0.1871972923383523,10.296984305904795,0.3736501732934021,0.31012658227848083,11.260669033367458,3.7255475302544556,10.22771153385213,0.07596114191449388,1.3924783027965284,0.03066386795797435,1.0155121101304938,-0.9967113009583336,1.0040554390264356,Oil & Gas Equipment & Services,Energy,45.365,2927721005,619549,WHD
2018,2018-12-31,2019-03-15,65331000.0,544135000.0,177701000.0,1.58,218230000.0,0.4010585608350869,584744000.0,177658000.0,274505000.0,74624000.0,222416000.0,99837000.0,51683000.0,831390890.0,5.49531380494293,3.678508254716981,0.02752315543212072,0.09058978486755452,0.749467852738342,5.49531380494293,0.36773463621114727,1.6285258070148032,13.56381947314445,4.987886219590449,0.4874867979978877,3.2643709246071095,0.035940230475868716,0.9305525152887417,2.185757933104631,0.11172581505752945,9.123496967887405,0.4010585608350869,-0.49122966890965686,6.130538120931965,4.693365826629944,5.417259307701531,0.8806446053085143,-0.018272799675417374,0.9997186680620731,6.130538120931965,4.693365826629944,5.417259307701531,Oil & Gas Equipment & Services,Energy,45.365,2927721005,619549,WHD
2017,2017-12-31,2018-03-19,66547000.0,341191000.0,88863000.0,3.105527,116040000.0,0.34010275769290516,266456000.0,-36217000.0,163929000.0,52874000.0,302673000.0,64450000.0,0.0,682972562.75,-1.6901267004692007,3.1003706925899306,0.9630783318821869,-7.085567551150012,0.37268836577990716,-1.6901267004692007,-1.83745202529199,1.2718054191054278,6.520632977444514,-11.98135027059116,0.0,3.4934212567882077,0.0,1.280477827483712,1.735200665733631,0.2497485513555709,165.30611914285714,0.34010275769290516,1.0181101411243294,9.957980995949418,4.385909557319251,-0.3585626160469987,2.8910871168935683,9.139310176125244,7.371455487517664,9.957980995949418,4.385909557319251,-0.3585626160469987,Oil & Gas Equipment & Services,Energy,45.365,2927721005,619549,WHD
2016,2016-12-31,2016-12-31,-8176000.0,155048000.0,10615000.0,-171.48,29822000.0,0.192340436509984,165328000.0,-103321000.0,82590000.0,24134000.0,268649000.0,37900000.0,0.0,240072125.0,-2830.7123287671234,3.4221430347227977,1.5001754088841575,-2.400489735871701,0.07965352022334077,-2830.7123287671234,0.07913202543529389,0.004767072132500903,-0.09040178571428571,-0.0071536764065388446,-0.2513454011741683,3.3041160949868074,2.780314561136479,0.9378205748572535,1.6978950857711113,-0.04945320816800542,0.3279170363797693,0.192340436509984,-1147.5172565957503,-791.3933720316624,1435.9048278312455,-2274.3915109315412,-0.5364936276033572,-1.3852242744063326,-0.7484895154602536,-791.3933720316624,1435.9048278312455,-2274.3915109315412,Oil & Gas Equipment & Services,Energy,45.365,2927721005,619549,WHD
2015,2015-12-31,2015-12-31,21224000.0,221395000.0,42205000.0,0.149566,64340000.0,0.29061180243456264,177559000.0,-93167000.0,93402000.0,19633000.0,270726000.0,43611000.0,0.0,1757195883.0,-1.2440550626859967,4.757398258034941,1.4260274049752477,-2.7177434070003326,0.2543256496617091,-1.2440550626859967,-0.22780598280507047,6.849828961810339,71.45297224839804,-16.27741456738974,0.576328684508104,3.601270321707826,0.008065846197476063,1.2468813183223604,2.290429379106606,0.11953209918956516,73.45335091543156,0.29061180243456264,0.0,0.0,0.0,0.0,0.0,0.0,0.0,0.0,0.0,0.0,Oil & Gas Equipment & Services,Energy,45.365,2927721005,619549,WHD
TTM,,,,,,,,,,,,,,,,3042108005.0,14.5251961091936,2.8271764415809955,0.12485241079363033,0.20501363092383532,0.27333988659700403,14.5251961091936,0.19638818738071118,3.797919254094373,21.831041433877935,3.1231936325655947,0.2800335215776281,2.1235006319916767,0.009699107241265293,0.5070655351987513,1.5268805677347426,0.08712416963599157,23.502617042626635,0.35927095832657696,,,,,,,,,,,Oil & Gas Equipment & Services,Energy,45.365,2927721005,619549,WHD
