Quarters,Year,Quarter,FillingDate,Date,NetIncome,Revenue,OperatingIncome,EPSDiluted,GrossProfit,GrossProfitRatio,TotalAssets,CommonStockEquity,CurrentAssets,CurrentLiability,TotalLiability,Inventory,RetainedEarnings,MarketCap,EnterpriseValue,bookValuePerShare,currentRatio,debtToAssets,debtToEquity,roic,shareholdersEquityPerShare,roe,priceToSalesRatio,peRatio,pbRatio,payoutRatio,inventoryTurnover,dividendYield,assetTurnover,quickRatio,returnOnAssets,priceToFreeCashFlowsRatio,grossProfitMargin,epsdilutedGrowth,fiveYNetIncomeGrowthPerShare,fiveYRevenueGrowthPerShare,fiveYShareholdersEquityGrowthPerShare,grossProfitGrowth,netIncomeGrowth,operatingIncomeGrowth,threeYNetIncomeGrowthPerShare,threeYRevenueGrowthPerShare,threeYShareholdersEquityGrowthPerShare,Industry,Sector,Symbol
2023Q1,2023,Q1,2023-03-31,2023-03-31,203000000.0,13758000000.0,966000000.0,2.72,1292000000.0,0.0939089984,90245000000.0,0.0,18660000000.0,20557000000.0,71428000000.0,7965000000.0,0.0,1389284805.8600001,45446284805.86,0.0,0.9077199980541908,0.5609618261399524,0.0,0.014378209421745926,0.0,0.0,0.10098014288850124,1.7109418791379312,0.0,0.12807881773399016,1.565097300690521,0.018714665193437702,0.15245165937171035,0.5756190105560149,0.0022494321015014682,-4.662029549865772,0.09390899840093037,1.3652173913043482,-0.168667779744934,0.4852230192668592,-1.0,-0.09014084507042254,1.3604651162790697,3.782178217821782,13.051205254906058,1.7369937748759328,-1.0,Conglomerates,Industrials,BBU
2022Q4,2022,Q4,2022-12-31,2022-12-31,86000000.0,14708000000.0,202000000.0,1.15,1420000000.0,0.0965460974,89498000000.0,64921000000.0,17860000000.0,16954000000.0,71033000000.0,7712000000.0,0.0,1272000000.0,49185000000.0,865.6133333333333,1.0534387165270733,0.5674205010167825,0.7822276305047673,0.00157538582080213,865.6133333333333,0.001324686927188429,0.08648354636932282,3.697674418604651,0.019593043853298624,0.26744186046511625,1.7230290456431536,0.018081761006289304,0.16433886790766275,0.6796626164916834,0.0009609153277168205,-2.7473002159827216,0.09654609736197987,2.949152542372881,25.653333333333336,2.019186060389068,17.414267810026388,0.18927973199329984,2.9545454545454546,-0.7592371871275327,0.984919540229885,1.6089809187279152,10.79420682167737,Conglomerates,Industrials,BBU
2022Q3,2022,Q3,2022-09-30,2022-09-30,-44000000.0,14739000000.0,839000000.0,-0.59,1194000000.0,0.0810095665,84956000000.0,0.0,17615000000.0,16024000000.0,68824000000.0,4931000000.0,0.0,1451716000.0,44522716000.0,0.0,1.099288567149276,0.5429516455577005,0.0,0.0107723804988281,0.0,0.0,0.09849487753578941,-8.248386363636365,0.0,-0.29545454545454547,2.746907321030217,0.008954919557268777,0.17348980648806442,0.6630054917623565,-0.0005179151560807948,4.954662116040955,0.08100956645634032,-1.1512820512820514,-2.4597855227882035,1.8162014162794942,-1.0,0.2542016806722689,-1.1496598639455782,0.4875886524822695,-1.261526677076275,0.3518907691964969,-1.0,Conglomerates,Industrials,BBU
2022Q2,2022,Q2,2022-06-30,2022-06-30,294000000.0,14626000000.0,564000000.0,3.9,952000000.0,0.0650895665,77295000000.0,0.0,18043000000.0,15765000000.0,63266000000.0,5474000000.0,0.0,1595607000.0,41179607000.0,0.0,1.1444973041547732,0.5431528559415227,0.0,-0.2934022709055488,0.0,0.0,0.10909387392315055,1.3568086734693878,0.0,0.047619047619047616,2.4979905005480454,0.008774090361849753,0.18922310628113073,0.6352045670789724,0.003803609547836212,15.342375,0.06508956652536578,14.6,3.6714195848186204,1.0739819639988981,-1.0,0.08551881413911061,14.473684210526315,-0.022530329289428077,8.158034528552458,0.19619311314971516,-1.0,Conglomerates,Industrials,BBU
2022Q1,2022,Q1,2022-03-31,2022-03-31,19000000.0,13472000000.0,577000000.0,0.25,877000000.0,0.065097981,66162000000.0,0.0,16867000000.0,14798000000.0,53139000000.0,5059000000.0,0.0,2356224000.0,32001224000.0,0.0,1.1398161913772131,0.4824823917052084,0.0,0.004814423156308243,0.0,0.0,0.1748978622327791,31.00294736842105,0.0,0.47368421052631576,2.4896224550306383,0.0038196707953063887,0.20362141410477314,0.6492769293147723,0.000287173906471993,-3.5115111773472427,0.0650979809976247,-0.8299319727891157,-0.9299926308032425,3.7226263299037736,-1.0,-0.13254203758654798,-0.8347826086956521,16.18421052631579,-0.8407700740106507,1.4664038699948576,-1.0,Conglomerates,Industrials,BBU
2021Q4,2021,Q4,2022-04-25,2021-12-31,115000000.0,13480000000.0,-38000000.0,1.47,1011000000.0,0.075,64219000000.0,0.0,14585000000.0,1619000000.0,51219000000.0,6359000000.0,0.0,3499800000.0,31606800000.0,0.0,9.008647313156269,0.4779738083744686,0.0,-0.001409313725490196,0.0,0.0,0.25962908011869434,7.608260869565218,0.0,0.08695652173913043,1.9608428998270169,0.002857306131778959,0.20990672542393995,5.945645460160593,0.001790747286628568,-31.816363636363636,0.075,-0.6161879895561359,1.587195600942655,3.132239200150915,-1.0,0.13851351351351351,-0.6166666666666667,-2.1176470588235294,-0.5034230563718942,1.2464234344309202,-1.0,Conglomerates,Industrials,BBU
2021Q3,2021,Q3,2021-11-08,2021-09-30,300000000.0,12043000000.0,34000000.0,3.83,888000000.0,0.0737357801,53760000000.0,0.0,14219000000.0,13336000000.0,42662000000.0,3971000000.0,0.0,3593187000.0,24574187000.0,0.0,1.0662117576484702,0.434375,0.0,0.0014388245649671612,0.0,0.0,0.2983631155027817,2.9943225,0.0,0.29333333333333333,2.8091160916645683,0.024490793270709264,0.2240141369047619,0.6764397120575885,0.005580357142857143,39.485571428571426,0.07373578012123225,11.351351351351353,2.227232537577365,2.297453410674333,-1.0,-0.28329297820823246,11.344827586206897,-0.9184652278177458,0.7382536801774552,0.990700662348172,-1.0,Conglomerates,Industrials,BBU
2021Q2,2021,Q2,2021-08-06,2021-06-30,-29000000.0,11235000000.0,417000000.0,-0.37,1239000000.0,0.1102803738,53525000000.0,11196000000.0,21774000000.0,2020000000.0,42329000000.0,3951000000.0,0.0,3634464000.0,25863464000.0,142.44274809160305,10.779207920792079,0.45408687529191966,2.170864594498035,-0.04106560717196414,142.44274809160305,-0.002590210789567703,0.32349479305740986,-31.331586206896553,0.32462165058949627,-0.3103448275862069,2.5299924069855733,0.002476293615784886,0.20990191499299393,7.95940594059406,-0.000541802895843064,7.683856236786469,0.1102803738317757,-1.0164810690423163,0.8224142269943796,2.117891031294669,0.7659191526782376,-0.11055276381909548,-1.0164119977362762,-0.05227272727272727,-1.1548899573708735,1.1062112611730932,2.7170226696759388,Conglomerates,Industrials,BBU
2021Q1,2021,Q1,2021-05-06,2021-03-31,1767000000.0,9829000000.0,440000000.0,22.45,1393000000.0,0.1417234714,54705000000.0,12801000000.0,15687000000.0,13136000000.0,41904000000.0,3578000000.0,0.0,3161840352.4500003,23424840352.45,162.63192086898118,1.1941991473812423,0.418608902294123,1.7889227404109054,0.010900440484461406,162.63192086898118,0.13803609093039607,0.3216848461135416,0.44734583367996605,0.24699948070072653,0.0050933786078098476,2.3577417551704865,0.0028464435255329107,0.17967279042135087,0.6967113276492083,0.032300520976144775,-14.985025367061613,0.14172347136026045,7.803921568627451,34.94090918682105,2.264834661945061,2.8669441620460407,-0.06635388739946381,3.65,1.8205128205128205,5.859439466383675,0.005817540327476814,1.0943818102151721,Conglomerates,Industrials,BBU
2020Q4,2020,Q4,2021-03-17,2020-12-31,380000000.0,10049000000.0,156000000.0,2.55,1492000000.0,0.1484724848,54746000000.0,11337000000.0,14493000000.0,12133000000.0,43409000000.0,3696000000.0,0.0,3015803576.79,24270803576.79,141.08266641585303,1.1945108382098408,0.43835166039528,2.1167857457881274,0.003289822544374728,141.08266641585303,0.033518567522272204,0.3001098195631406,1.9840813005197366,0.26601425216459385,0.02631578947368421,2.3152056277056277,0.00331586581996296,0.18355678953713514,0.7510096431220638,0.006941146385124028,3.8078327989772727,0.14847248482436062,1.4056603773584904,2.8350912073512147,1.9134496164852097,0.8168149216504103,0.10682492581602374,3.4705882352941178,-0.6687898089171974,102.67111093036249,0.9252887740765683,2.0012638469071637,Conglomerates,Industrials,BBU
2020Q3,2020,Q3,2020-11-05,2020-09-30,85000000.0,10070000000.0,471000000.0,1.06,1348000000.0,0.1338629593,52974000000.0,10333000000.0,14126000000.0,11588000000.0,42641000000.0,3471000000.0,0.0,2419439000.0,23747439000.0,128.6799501867995,1.2190196755264067,0.4557518782799109,2.3364947256363107,0.00572509668742345,128.6799501867995,0.008226071808768025,0.24026206554121152,7.115997058823529,0.23414681118745767,0.10588235294117647,2.5128205128205128,0.003719870598101461,0.1900932532940688,0.7770969968933379,0.001604560727904255,3.374391910739191,0.13386295928500497,-0.43010752688172044,1.7521793275217934,1.5863482590734241,1.8481941301277978,0.2423963133640553,-0.42953020134228187,5.572815533980583,1.6198630136986303,0.7875098615792872,1.3235361590685564,Conglomerates,Industrials,BBU
2020Q2,2020,Q2,2020-08-07,2020-06-30,149000000.0,7370000000.0,-103000000.0,1.86,1085000000.0,0.1472184532,50278000000.0,9757000000.0,12638000000.0,10331000000.0,40521000000.0,3719000000.0,0.0,2468000000.0,23003000000.0,121.9625,1.2233084890136483,0.4509527029714786,2.323767551501486,-0.004322142850102161,121.9625,0.015271087424413242,0.3348710990502035,4.140939597315437,0.25294660243927436,0.06040268456375839,1.6899704221564937,0.003646677471636953,0.14658498746966864,0.7454263866034265,0.002963522813158837,2.1257536606373817,0.14721845318860244,9.08695652173913,1.7447368421052631,0.5825153374233129,1.0387761194029852,-0.1285140562248996,5.382352941176471,-0.14444444444444443,2.274342105263158,-0.016324435318275224,0.1934606699284908,Conglomerates,Industrials,BBU
2020Q1,2020,Q1,2020-05-08,2020-03-31,-34000000.0,10146000000.0,-90000000.0,-0.23,1245000000.0,0.1227084565,49419000000.0,9054000000.0,12310000000.0,10333000000.0,40365000000.0,3484000000.0,0.0,3829758000.0,25075758000.0,60.1195219123506,1.1913287525404046,0.4713774054513446,2.5728959575878063,-0.0015955125427620826,60.1195219123506,-0.0037552462999779104,0.3774648137196925,-28.159985294117647,0.4229907223326706,-0.2647058823529412,2.554822043628014,0.002350017938470264,0.20530565167243367,0.7323139456111487,-0.0006879944960440316,29.459676923076923,0.12270845653459492,-1.396551724137931,-1.048261062032065,2.4714939369160915,0.0,-0.07846039970392302,-1.3908045977011494,-4.625,-1.0638027599745943,0.8114099960035763,-0.22252794343640114,Conglomerates,Industrials,BBU
2019Q4,2019,Q4,2020-03-06,2019-12-31,87000000.0,11320000000.0,-16000000.0,0.58,1351000000.0,0.1193462898,51751000000.0,11053000000.0,12795000000.0,11024000000.0,40698000000.0,3490000000.0,0.0,6216768000.0,26853768000.0,73.39309428950864,1.1606494920174166,0.4371509729280594,2.046774631321813,-0.00031063440829500984,73.39309428950864,0.007871166199221931,0.5491844522968198,17.864275862068965,0.5624507373563739,0.11494252873563218,2.8564469914040114,0.0016085528686288436,0.2187397344978841,0.7346698113207547,0.0016811269347452222,-19.306732919254657,0.11934628975265017,-0.743362831858407,1.2529880478087654,1.2124332857250246,0.9082204515272247,-0.038434163701067614,-0.521978021978022,-1.253968253968254,1.2241779152048522,0.7511792733486604,-0.05486852326536679,Conglomerates,Industrials,BBU
2019Q3,2019,Q3,2019-11-08,2019-09-30,182000000.0,11794000000.0,63000000.0,2.26,1405000000.0,0.1191283704,47848000000.0,9424000000.0,13537000000.0,11294000000.0,38424000000.0,3147000000.0,0.0,3170703000.0,22117703000.0,116.77819083023545,1.1986010270940322,0.4590578498578833,2.330751273344652,0.001574513803979211,116.77819083023545,0.01931239388794567,0.26884034254705785,4.355361263736263,0.3364498089983022,0.04945054945054945,3.3012392755004765,0.002838487237688298,0.24648888145795017,0.8066229856561006,0.0038037117538873098,7.5673102625298325,0.11912837035780906,5.109090909090908,0.6288035247143055,3.7977294631569727,0.0,0.49309245483528164,6.055555555555555,-0.411214953271028,0.8996282527881042,2.133237621618474,0.38352306149967885,Conglomerates,Industrials,BBU
2019Q2,2019,Q2,2019-08-09,2019-06-30,-36000000.0,10717000000.0,107000000.0,-0.55,941000000.0,0.0878044229,48329000000.0,9290000000.0,13718000000.0,11329000000.0,39039000000.0,3414000000.0,0.0,2521860000.0,22097860000.0,140.75757575757575,1.2108747462264984,0.4658900453144075,2.423681377825619,-0.0075693265421618566,140.75757575757575,-0.0038751345532831,0.2353139871232621,-17.51291666666667,0.27145963401507,-0.2222222222222222,2.863503222026948,0.003172261743316441,0.2217509155993296,0.7721775973166211,-0.0007448943698400546,2.786585635359116,0.08780442287953719,-1.3525641025641026,-1.3916083916083917,3.0164364492986397,0.0,-0.06646825396825397,-1.1791044776119404,0.32098765432098764,0.7374625374625375,2.54192774357117,0.7450274039574916,Conglomerates,Industrials,BBU
2019Q1,2019,Q1,2019-05-10,2019-03-31,201000000.0,9201000000.0,81000000.0,1.56,1008000000.0,0.1095533094,27972000000.0,6449000000.0,10073000000.0,8807000000.0,21523000000.0,1595000000.0,0.0,5129240000.0,13944240000.0,49.914860681114554,1.1437492903372317,0.3701916201916202,1.6056752984958909,0.0038755058319447757,49.914860681114554,0.031167622887269344,0.5574654928812086,6.379651741293533,0.7953543184989921,0.03980099502487562,5.136677115987461,0.0015596852555154368,0.32893607893607896,0.7370273645963438,0.007185757185757186,-116.57363636363637,0.10955330942288882,-0.4885245901639344,-0.6674350518239333,2.669602660645964,0.0,0.00398406374501992,-0.48984771573604063,0.6530612244897959,3.3521151110280774,0.8619262748882623,0.18683944750105788,Conglomerates,Industrials,BBU
2018Q4,2018,Q4,2019-03-05,2018-12-31,394000000.0,10209000000.0,49000000.0,3.05,1004000000.0,0.0983445979,27318000000.0,6494000000.0,9781000000.0,9016000000.0,20824000000.0,1562000000.0,0.0,3929427000.0,12846427000.0,50.22428460943542,1.084849157054126,0.3977597188666813,1.6732368340006158,0.002981492692207905,50.22428460943542,0.06067138897443794,0.38489832500734644,2.4932912436548222,0.6050857714813674,0.2614213197969543,5.893085787451985,0.026212473218105336,0.37370964199428947,0.781832298136646,0.014422724943260854,5.005639490445859,0.09834459790381037,0.3863636363636362,10.883990719257541,1.3239854660070922,0.30583139984532104,0.10329670329670329,0.3824561403508772,-0.26865671641791045,2.1824866387320934,0.8394747565468322,-0.3532286281102918,Conglomerates,Industrials,BBU
2018Q3,2018,Q3,2018-11-09,2018-09-30,285000000.0,9990000000.0,67000000.0,2.2,910000000.0,0.0910910911,27626000000.0,6476000000.0,10200000000.0,8867000000.0,21150000000.0,1769000000.0,0.0,5883150000.0,14978150000.0,50.08507347254447,1.1503326942596144,0.3932889307174401,1.6777331686226065,0.003119398213440024,50.08507347254447,0.04400864731315627,0.5889039039039039,5.160657894736842,0.9084542927733168,0.17192982456140352,5.132843414358395,0.008328871437920162,0.36161586910881055,0.8193301003721665,0.01031636863823934,-245.13125,0.09109109109109109,-0.07563025210084022,0.5919051301881928,1.5363847289601351,0.0,0.5826086956521739,-0.07467532467532467,-0.5073529411764706,4.730858468677494,0.5934558741431202,0.10857994632760176,Conglomerates,Industrials,BBU
2018Q2,2018,Q2,2018-08-14,2018-06-30,308000000.0,8775000000.0,136000000.0,2.38,575000000.0,0.0655270655,17041000000.0,4955000000.0,7828000000.0,6075000000.0,12086000000.0,1254000000.0,0.0,4947018000.0,8153018000.0,38.321732405259084,1.288559670781893,0.2980458893257438,1.0250252270433906,0.013005004169623902,38.321732405259084,0.062159434914228054,0.563762735042735,4.015436688311688,0.9983891019172554,0.4902597402597403,6.539074960127592,0.03052343856440385,0.5149345695675136,0.9835390946502057,0.018074056686814156,-183.2228888888889,0.06552706552706553,-0.27217125382263,0.71019493525294,0.6786501930755167,0.0,0.05504587155963303,0.42592592592592593,0.5280898876404494,2.510400130256034,0.16578651445489873,-0.35939790606134064,Conglomerates,Industrials,BBU
2018Q1,2018,Q1,2018-05-11,2018-03-31,216000000.0,8194000000.0,89000000.0,3.27,545000000.0,0.066512082,16394000000.0,5125000000.0,7263000000.0,5855000000.0,11269000000.0,1162000000.0,0.0,2376660000.0,5322660000.0,77.65151515151516,1.2404782237403928,0.26747590581920216,0.855609756097561,0.007958468913783254,77.65151515151516,0.04214634146341464,0.2900488162069807,2.750763888888889,0.4637385365853658,0.25925925925925924,6.582616179001721,0.023562478436124648,0.4998170062217885,0.9289496157130658,0.013175552031230938,38.333225806451615,0.06651208201122773,71.3225806451613,-0.300395256916996,5.397326981606459,0.0,0.5797101449275363,37.0,6.235294117647059,-0.300395256916996,5.397326981606459,0.0,Conglomerates,Industrials,BBU
2017Q4,2017,Q4,2018-03-09,2017-12-31,-6000000.0,8379000000.0,-17000000.0,-0.0465,345000000.0,0.0411743645,15804000000.0,6064000000.0,6433000000.0,5690000000.0,9740000000.0,1068000000.0,0.0,4464690000.0,6623690000.0,47.007751937984494,1.1305799648506152,0.2065932675272083,0.5384234828496042,-0.000993967978639433,47.007751937984494,-0.0009894459102902375,0.5328428213390619,-186.02875,0.7362615435356201,-17.5,7.522471910112359,0.023517870221672725,0.5301822323462415,0.8739894551845343,-0.00037965072133637056,-27.559814814814814,0.04117436448263516,-1.11625,-1.1813953488372093,0.9118385256691532,0.2222015503875969,0.0,-1.1363636363636365,-1.2394366197183098,-1.1813953488372093,0.9118385256691532,0.2222015503875969,Conglomerates,Industrials,BBU
2017Q3,2017,Q3,2017-10-23,2017-09-30,44000000.0,7640000000.0,71000000.0,0.4,345000000.0,0.0451570681,15930000000.0,6031000000.0,6555000000.0,5362000000.0,9899000000.0,997000000.0,0.0,3228885000.0,5317885000.0,55.38108356290174,1.222491607609101,0.22988072818581293,0.6071961532084231,0.005654288408527767,55.38108356290174,0.0072956391974796884,0.4226289267015707,18.345937499999998,0.53538136295805,0.1590909090909091,7.316950852557673,0.0021679310350167322,0.4795982423101067,0.9707198806415517,0.0027620841180163213,12.048078358208954,0.045157068062827224,1.273972602739726,-0.7081930415263749,1.3031045069612561,0.0,0.751269035532995,1.5789473684210527,0.5106382978723404,-0.7081930415263749,1.3031045069612561,0.0,Conglomerates,Industrials,BBU
2017Q2,2017,Q2,2017-08-11,2017-06-30,-76000000.0,4870000000.0,47000000.0,-1.46,197000000.0,0.0404517454,14392000000.0,5314000000.0,6000000000.0,5078000000.0,9078000000.0,956000000.0,0.0,1406600000.0,3570600000.0,102.1923076923077,1.1815675462780622,0.22297109505280713,0.6038765525028227,0.016119279054865116,102.1923076923077,-0.014301844185171246,0.288829568788501,-4.626973684210527,0.2646970267218668,-0.09210526315789473,4.888075313807532,0.0049765391724726285,0.33838243468593665,0.9076408034659315,-0.0052807115063924406,-21.978125,0.040451745379876794,-1.4124293785310735,-2.04930966469428,1.3165262299537919,0.0,2.283333333333333,-1.4130434782608696,-0.0784313725490196,-2.04930966469428,1.3165262299537919,0.0,Conglomerates,Industrials,BBU
2017Q1,2017,Q1,2017-05-10,2017-03-31,184000000.0,1934000000.0,51000000.0,3.54,60000000.0,0.0310237849,8119000000.0,4021000000.0,3972000000.0,2878000000.0,4098000000.0,236000000.0,0.0,1281280000.0,1493280000.0,77.32692307692308,1.380125086865879,0.1745288828673482,0.35239990052225817,0.008500662189264744,77.32692307692308,0.045759761253419545,0.6625025853154085,1.7408695652173913,0.31864710271076846,0.03804347826086957,7.940677966101695,0.005463286713286713,0.23820667569897772,1.2192494788047255,0.0226628895184136,160.16,0.031023784901758014,2.3720930232558137,-0.2435897435897436,0.9164595230097415,0.0,-0.6428571428571429,2.373134328358209,9.2,-0.2435897435897436,0.9164595230097415,0.0,Conglomerates,Industrials,BBU
2016Q4,2016,Q4,2017-03-10,2016-12-31,-134000000.0,2232000000.0,5000000.0,-2.58,168000000.0,0.0752688172,8193000000.0,4038000000.0,4076000000.0,2556000000.0,4155000000.0,229000000.0,0.0,1251120000.0,1752120000.0,77.65384615384616,1.594679186228482,0.18930794580739657,0.38410104011887075,0.0008383100170539783,77.65384615384616,-0.03318474492322932,0.5605376344086022,-2.3341791044776117,0.30983655274888555,-0.03731343283582089,9.013100436681222,0.0039964192083892834,0.27242768216770413,1.3305946791862284,-0.016355425363114854,41.704,0.07526881720430108,-3.1680672268907566,-11.05,0.26339622641509436,1.0190000000000003,0.09090909090909091,-3.576923076923077,-0.868421052631579,-11.05,0.26339622641509436,1.0190000000000003,Conglomerates,Industrials,BBU
2016Q3,2016,Q3,2016-11-10,2016-09-30,52000000.0,2043000000.0,38000000.0,1.19,154000000.0,0.0753793441,8114000000.0,3697000000.0,3684000000.0,2537000000.0,4417000000.0,265000000.0,0.0,1157634000.0,2270634000.0,84.40639269406392,1.4521087899093417,0.2268917919645058,0.497971328103868,0.006259780907668231,84.40639269406392,0.014065458479848527,0.5666343612334802,5.565548076923077,0.3131279415742494,0.0,7.128301886792453,0.0,0.2517870347547449,1.2211273157272369,0.006408676361843727,-192.939,0.07537934410181106,1.5721153846153846,-0.1425672247590056,0.5312370278123705,0.0,0.07692307692307693,1.5714285714285714,1.7142857142857142,-0.1425672247590056,0.5312370278123705,0.0,Conglomerates,Industrials,BBU
2016Q2,2016,Q2,2016-08-12,2016-06-30,-91000000.0,2008000000.0,14000000.0,-2.08,143000000.0,0.0712151394,8147000000.0,3533000000.0,3722000000.0,2527000000.0,4614000000.0,292000000.0,0.0,836142000.0,2185142000.0,80.662100456621,1.4728927582113178,0.2526083220817479,0.5825077837531842,0.002301678924823264,80.662100456621,-0.025757146900651003,0.4164053784860558,-2.2970934065934063,0.23666628927257288,0.0,6.386986301369863,0.0,0.2464710936541058,1.2461416699643846,-0.01116975573830858,14.171898305084746,0.07121513944223108,-2.1515151515151514,-2.4916286149162863,0.13396905303580353,0.0,0.32407407407407407,-2.1379310344827585,-0.06666666666666667,-2.4916286149162863,0.13396905303580353,0.0,Conglomerates,Industrials,BBU
2016Q1,2016,Q1,2016-04-12,2016-03-31,-29000000.0,1677000000.0,15000000.0,-0.66,108000000.0,0.0644007156,8055000000.0,1844000000.0,3285000000.0,2405000000.0,4755000000.0,386000000.0,0.0,703550990.756474,2630550990.756474,42.05696127324759,1.365904365904366,0.27846058348851643,1.2163774403470715,0.003225304179549347,42.05696127324759,-0.015726681127982648,0.41952951148269174,-6.0650947479006385,0.3815352444449426,0.0,4.064766839378239,0.0,0.20819366852886406,1.1118503118503118,-0.0036002482929857233,351.775495378237,0.06440071556350627,0.29787234042553185,-1.1413897417761614,0.9708635675524712,0.0,-0.3898305084745763,0.2926829268292683,-0.7222222222222222,-1.1413897417761614,0.9708635675524712,0.0,Conglomerates,Industrials,BBU
2015Q4,2015,Q4,2016-01-19,2015-11-30,-41000000.0,2086000000.0,54000000.0,-0.94,177000000.0,0.0848513902,7635000000.0,1787000000.0,3035000000.0,2495000000.0,4551000000.0,442000000.0,0.0,703550990.756474,2423550990.756474,40.756935897664555,1.216432865731463,0.2716437459070072,1.1606043648573028,0.05734265734265734,40.756935897664555,-0.02294348069390039,0.33727276642208726,-4.289945065588256,0.39370508716086966,0.0,4.319004524886878,0.0,0.273215455140799,0.9579158316633266,-0.005370006548788474,5.496492115284953,0.08485139022051774,-3.4736842105263155,-4.646913290451351,0.40036099841353273,0.05968033333927846,0.011428571428571429,-3.7333333333333334,0.125,-4.646913290451351,0.40036099841353273,0.05968033333927846,Conglomerates,Industrials,BBU
2015Q3,2015,Q3,2015-09-30,2015-09-30,15000000.0,1891000000.0,48000000.0,0.38,175000000.0,0.0925436277,7683000000.0,1762000000.0,2937000000.0,3057000000.0,4598000000.0,466000000.0,0.0,625802307.0000001,2592802307.0,45.17948717948718,0.9607458292443573,0.29571781856045815,1.2894438138479,0.006610477607007107,45.17948717948718,0.00851305334846765,0.3309372326811212,10.43003845,0.35516589500567536,0.0,3.6824034334763946,0.0,0.24612781465573344,0.7206411514556755,0.001952362358453729,-48.13863900000001,0.09254362771020624,-0.44117647058823534,-0.7222222222222222,0.5917508417508419,0.0,0.19863013698630136,-0.21052631578947367,0.92,-0.7222222222222222,0.5917508417508419,0.0,Conglomerates,Industrials,BBU
2015Q2,2015,Q2,2015-06-30,2015-06-30,19000000.0,1630000000.0,25000000.0,0.68,146000000.0,0.0895705521,6221000000.0,1675000000.0,2375000000.0,2092000000.0,3645000000.0,148000000.0,0.0,449293964.00000006,1868293964.0,59.82142857142857,1.1352772466539196,0.26892782510850344,0.9988059701492538,0.005456759489017554,59.82142857142857,0.011343283582089553,0.2756404687116565,5.911762684210527,0.26823520238805976,0.0,10.027027027027026,0.0,0.2620157530943578,0.9617590822179732,0.0030541713550876065,6.607264176470589,0.08957055214723926,-0.8547008547008547,-0.5128205128205128,0.4399293286219081,0.0,0.19672131147540983,-0.9311594202898551,-0.8697916666666666,-0.5128205128205128,0.4399293286219081,0.0,Conglomerates,Industrials,BBU
2015Q1,2015,Q1,2015-03-31,2015-03-31,276000000.0,1145000000.0,192000000.0,4.68,122000000.0,0.1065502183,,,,,,,,946726567.0000001,,,0.0,0.0,0.0,0.0,,0.0,0.8268354296943232,0.8575421802536233,0.0,0.0,0.0,0.0,0.0,0.0,0.0,94.67265670000002,0.10655021834061135,26.52941176470588,0.0,0.0,0.0,-0.1643835616438356,26.6,3.782608695652174,0.0,0.0,0.0,Conglomerates,Industrials,BBU
2014Q4,2014,Q4,2014-12-31,2014-12-31,10000000.0,1325000000.0,-69000000.0,0.17,146000000.0,0.1101886792,4405000000.0,1500000000.0,1631000000.0,1616000000.0,2270000000.0,102000000.0,0.0,625802307.0000001,1270802307.0,38.46153846153846,1.0092821782178218,0.18342792281498296,0.5386666666666666,-0.01660889659156557,38.46153846153846,0.006666666666666667,0.4723036279245284,15.645057675000002,0.41720153800000004,0.0,11.558823529411764,0.0,0.300794551645857,0.8706683168316832,0.0022701475595913734,6.3857378265306135,0.11018867924528301,-0.8768115942028986,0.0,0.0,0.0,0.03546099290780142,-0.8148148148148148,-2.189655172413793,0.0,0.0,0.0,Conglomerates,Industrials,BBU
2014Q3,2014,Q3,2014-09-30,2014-09-30,54000000.0,1188000000.0,58000000.0,1.38,141000000.0,0.1186868687,,,,,,,,625802307.0000001,,,0.0,0.0,0.0,0.0,,0.0,0.5267696186868688,2.897232902777778,0.0,0.0,0.0,0.0,0.0,0.0,0.0,78.22528837500002,0.11868686868686869,-0.007194244604316554,0.0,0.0,0.0,0.1652892561983471,0.38461538461538464,0.0,0.0,0.0,0.0,Conglomerates,Industrials,BBU
2014Q2,2014,Q2,2014-06-30,2014-06-30,39000000.0,1132000000.0,0.0,1.39,121000000.0,0.1068904594,,,,,,,,449293964.00000006,,,0.0,0.0,0.0,0.0,,0.0,0.3969027950530036,2.880089512820513,0.0,,0.0,,0.0,0.0,0.0,0.0,0.1068904593639576,0.0,0.0,0.0,0.0,0.0,0.0,0.0,0.0,0.0,0.0,Conglomerates,Industrials,BBU
