Quarters,Year,Quarter,FillingDate,Date,NetIncome,Revenue,OperatingIncome,EPSDiluted,GrossProfit,GrossProfitRatio,TotalAssets,CommonStockEquity,CurrentAssets,CurrentLiability,TotalLiability,Inventory,RetainedEarnings,MarketCap,EnterpriseValue,bookValuePerShare,currentRatio,debtToAssets,debtToEquity,roic,shareholdersEquityPerShare,roe,priceToSalesRatio,peRatio,pbRatio,payoutRatio,inventoryTurnover,dividendYield,assetTurnover,quickRatio,returnOnAssets,priceToFreeCashFlowsRatio,grossProfitMargin,epsdilutedGrowth,fiveYNetIncomeGrowthPerShare,fiveYRevenueGrowthPerShare,fiveYShareholdersEquityGrowthPerShare,grossProfitGrowth,netIncomeGrowth,operatingIncomeGrowth,threeYNetIncomeGrowthPerShare,threeYRevenueGrowthPerShare,threeYShareholdersEquityGrowthPerShare,Industry,Sector,Symbol
2023Q1,2023,Q1,2023-05-12,2023-03-31,51000.0,537000.0,-776000.0,0.0021,386000.0,0.7188081937,55380000.0,53062000.0,47135000.0,1233000.0,2318000.0,0.0,-14262000.0,51313665.15,41550665.15,2.2232537797974854,38.227899432278996,0.0028169014084507044,0.0029399570313972333,0.007269457039007756,2.2232537797974854,0.0009611397987260187,95.55617346368714,251.53757426470585,0.9670510940032414,23.352941176470587,0.0,0.02321019160331797,0.009696641386782232,37.98783454987834,0.0009209100758396533,-176.94367293103448,0.7188081936685289,1.04384133611691,-0.9940853155502722,-0.9724783254790313,-0.14101343988458478,1.7797979797979797,1.0446584938704029,0.41829085457271364,1.0384051231498665,2.358140039311483,0.05405464454152807,Specialty Business Services,Industrials,NTIP
2022Q4,2022,Q4,2023-03-30,2022-12-31,-1142000.0,314000.0,-1334000.0,-0.0479,-495000.0,-1.576433121,57969000.0,55109000.0,48964000.0,1605000.0,2860000.0,0.0,-12055000.0,52417017.400000006,39142017.400000006,2.3129854771172083,30.50716510903427,0.0029843537062912936,0.0031392331561088025,-0.040221709053269286,2.3129854771172083,-0.020722568001596834,166.93317643312105,-11.47482867775832,0.9511516703260811,-0.06304728546409807,0.0,0.0013735997119134061,0.005416688229915989,30.18006230529595,-0.019700184581414204,195.58588582089556,-1.5764331210191083,-1.5322222222222222,-2.489583976541278,-0.8527682408449263,0.01200613165342303,0.0,-1.513027852650494,-0.5918854415274463,-0.2344679095809954,-0.7586256275584478,0.03874099820956435,Specialty Business Services,Industrials,NTIP
2022Q3,2022,Q3,2022-11-14,2022-09-30,2226000.0,0.0,-838000.0,0.09,0.0,0.0,58893000.0,56994000.0,49367000.0,812000.0,1899000.0,0.0,-9996000.0,53471450.25,32490450.25,2.398223713784535,60.79679802955665,0.003107330242983037,0.0032108643015054217,-0.011417495868640343,2.398223713784535,0.039056742815033164,0.0,6.005329093665768,0.9381943757237604,0.5327942497753818,0.0,0.0221800604706808,0.0,60.25,0.037797361316285465,-93.48155638111888,0.0,2.8255578093306286,2.490879208324197,-1.0,0.0450934372453033,1.0,2.89124893797791,-0.004796163069544364,6.501088255356479,-1.0,0.05808305576685563,Specialty Business Services,Industrials,NTIP
2022Q2,2022,Q2,2022-08-15,2022-06-30,-1177000.0,0.0,-834000.0,-0.0493,-157000.0,0.0,57191000.0,55990000.0,52364000.0,1073000.0,1201000.0,0.0,-10825000.0,57250651.199999996,31912651.199999996,2.347152341212147,48.80149114631873,0.003392142120263678,0.0034649044472227185,-0.013613265156940344,2.347152341212147,-0.021021611001964636,0.0,-12.160291248937977,1.0225156492230754,-0.004248088360237893,0.0,8.733525113160634e-05,0.0,48.578751164958064,-0.020580161214177054,-14.835618346721947,0.0,-0.3396739130434782,-1.7760906395444647,-1.0,0.019102502407604947,0.0,-0.3390216154721274,0.07023411371237458,-4.673628104781883,-1.0,-0.004342372851053987,Specialty Business Services,Industrials,NTIP
2022Q1,2022,Q1,2022-05-16,2022-03-31,-879000.0,0.0,-897000.0,-0.0368,0.0,0.0,61710000.0,57597000.0,56646000.0,4011000.0,4113000.0,0.0,-9042000.0,62402790.15,19943790.15,2.408997572683054,14.1226626776365,0.0,0.0,-0.010284978763881118,2.408997572683054,-0.015261211521433409,0.0,-17.74823383105802,1.0834382025105473,-1.353811149032992,0.0,0.019069660140829458,0.0,14.094988780852654,-0.014244044725328147,-49.020259347996856,0.0,-0.4838709677419355,-1.3909659527173286,-1.0,0.052805927283182064,1.0,-0.4552980132450331,0.2443133951137321,-2.63749006602712,-1.0,0.003520695284472029,Specialty Business Services,Industrials,NTIP
2021Q4,2021,Q4,2022-03-30,2021-12-31,-604000.0,337000.0,-1187000.0,-0.0248,-1280000.0,-3.7982195846,64821000.0,60159000.0,59773000.0,4108000.0,4662000.0,0.0,-6428000.0,67494898.02,22997898.019999996,2.513499315899848,14.550389483933788,0.0,0.0,-0.014622762970561549,2.513499315899848,-0.010040060506324906,200.2815964985163,-27.936629975165562,1.1219418211738892,-7.9801324503311255,0.0,0.07141280513634889,0.0051989324447324166,14.513875365141187,-0.009317967942487774,-661.7146864705882,-3.798219584569733,-1.0918518518518519,-2.7849141688128305,-0.9337370435995916,0.14659395310921405,-1.1231953801732435,-1.0916679314008195,0.8686511010291026,-0.03854895194663402,-0.10602752967263233,0.02543033594127255,Specialty Business Services,Industrials,NTIP
2021Q3,2021,Q3,2021-11-12,2021-09-30,6589000.0,17000000.0,-9037000.0,0.27,10390000.0,0.6111764705882353,66341000.0,62046000.0,60866000.0,3615000.0,4295000.0,0.0,-4496000.0,71006068.7787,27833068.778699994,2.5923399417264577,16.83706777316736,0.0,0.0,-0.10886791272278441,2.5923399417264577,0.10619540341037295,4.176827575217647,2.694114007387312,1.1444100953921283,0.18272879040825618,0.0,0.016956297126551657,0.2562517899941213,16.8298755186722,0.0993201790747803,8.542597302538498,0.6111764705882353,10.000000000000002,-0.40731063106202686,-0.5174503506237719,0.1657513624210078,0.0,9.41507024265645,-9.029966703662597,25.32716543916265,8.293492142293495,0.038261958636975915,Specialty Business Services,Industrials,NTIP
2021Q2,2021,Q2,2021-08-12,2021-06-30,-783000.0,0.0,-901000.0,-0.03,0.0,0.0,59548000.0,56609000.0,53833000.0,2222000.0,2939000.0,0.0,-9872000.0,77716623.3,38666623.3,2.374592875550217,24.227272727272727,0.0,0.0,-0.01120630201947408,2.374592875550217,-0.013831722870921584,0.0,-24.813736685823756,1.3728669169213374,0.0,0.0,0.0,0.0,24.201170117011703,-0.013149056223550748,6.174846917209598,0.0,-1.0789473684210527,-1.0929893938731774,-1.0,0.35475451116707857,-1.0,-1.0828483758332452,-1.0734251487246353,-0.38098188776332903,-1.0,-0.06668404802880008,Specialty Business Services,Industrials,NTIP
2021Q1,2021,Q1,2021-05-17,2021-03-31,9451000.0,18692000.0,12271000.0,0.38,13272000.0,0.7100363791996576,66016000.0,57467000.0,60051000.0,7780000.0,8549000.0,0.0,-8958000.0,75216582.48,51094582.480000004,2.383743505598315,7.718637532133676,0.0,0.0,0.16805909152430598,2.383743505598315,0.16445960290253536,4.023998634710036,1.9896461348005503,1.3088656529834513,0.12760554438683738,0.0,0.01603369842442222,0.28314348036839554,7.7073264781491,0.14316226369365,-54.38653830802603,0.7100363791996576,7.186228162711865,1.386325808605117,2.473791534740632,0.702195565013811,456.6551724137931,7.407457627118644,5.972042139384117,0.08511243359701036,-0.05159919482345746,-0.07900589097036305,Specialty Business Services,Industrials,NTIP
2020Q4,2020,Q4,2021-03-31,2020-12-31,-1475000.0,37000.0,-2468000.0,-0.06142676765310559,29000.0,0.7837837837837838,51194000.0,49162000.0,44991000.0,2032000.0,2032000.0,0.0,-17193000.0,88605508.77,63100508.769999996,2.047364577194561,22.141240157480315,0.0,0.0,-0.02925119490855719,2.047364577194561,-0.03000284772791994,2394.74348027027,-15.017882842372883,1.8023170084618199,-0.010169491525423728,0.0,0.0001692897000223387,0.0007227409462046333,22.082185039370078,-0.028811970152752275,-145.01719929623567,0.7837837837837838,-1.8775252521872225,-1.5976323568922675,-0.9942051464984655,0.6593537371810876,-0.9886585842784513,-1.8743331357439241,-2.486746987951807,-3.47213430425759,-0.9827857207335737,-0.10421162331149393,Specialty Business Services,Industrials,NTIP
2020Q3,2020,Q3,2020-11-12,2020-09-30,1687000.0,4150000.0,1660000.0,0.07,2557000.0,0.616144578313253,50989000.0,50645000.0,45522000.0,344000.0,344000.0,0.0,-15664000.0,63632682.449999996,39411682.449999996,2.1091245069773104,132.33139534883722,0.0,0.0,0.032777174449600155,2.1091245069773104,0.033310297166551484,15.333176493975902,9.42985809869591,1.2564455020238918,0.7379964433906343,0.0,0.019565417519185536,0.08139010374786719,132.24418604651163,0.03308556747533782,29.33733630705394,0.616144578313253,4.5,3.017504188695968,0.33722944109462766,0.8631210339950107,72.05714285714286,3.8886986301369864,3.354609929078014,1.6183628578707738,0.2894222272128202,-0.08088967350889131,Specialty Business Services,Industrials,NTIP
2020Q2,2020,Q2,2020-08-12,2020-06-30,-584000.0,55000.0,-705000.0,-0.02,35000.0,0.6363636363636364,50587000.0,50262000.0,44914000.0,325000.0,325000.0,0.0,-16029000.0,51842908.14,30870908.14,2.0989800515461594,138.19692307692307,0.0,0.0,-0.014026501134057538,2.0989800515461594,-0.011619115833034897,942.5983298181818,-22.193025744863014,1.0314533472603558,0.0,0.0,0.0,0.0010872358511079922,138.04,-0.011544467946310318,-91.59524406360424,0.6363636363636364,0.6666666666666666,-1.5984027187084278,-0.9691833035728843,0.8911045414688867,-0.7286821705426356,0.5632011967090501,0.21666666666666667,-1.3836070359598531,-0.9885272178236763,-0.08865062336360947,Specialty Business Services,Industrials,NTIP
2020Q1,2020,Q1,2020-05-19,2020-03-31,-1337000.0,161000.0,-900000.0,-0.06,129000.0,0.8012422360248447,51151000.0,50684000.0,45222000.0,467000.0,467000.0,0.0,-15347000.0,52384338.34,25799338.340000004,2.109239583840089,96.83511777301928,0.0,0.0,-0.017753930522951888,2.109239583840089,-0.026379133454344568,325.36856111801245,-9.795126839940165,1.033547832452056,-0.9057591623036649,0.0,0.023117596563690793,0.0031475435475357277,96.6745182012848,-0.026138296416492346,-33.88378935316947,0.8012422360248447,-0.5453063022508039,-1.8760198380603097,-0.9713171087963677,0.9024784258164582,-0.8548931383577053,-0.4330117899249732,-0.2345679012345679,-1.591697865299904,-0.9740236982779118,-0.0781975203678135,Specialty Business Services,Industrials,NTIP
2019Q4,2019,Q4,2020-03-20,2019-12-31,-933000.0,1312000.0,-729000.0,-0.03882725380243869,889000.0,0.6775914634146342,55076000.0,53507000.0,48758000.0,1569000.0,1569000.0,0.0,-12636000.0,52384338.34,29838338.340000004,2.2267201170493967,31.075844486934354,0.0,0.0,-0.02184715448889648,2.2267201170493967,-0.01743697086362532,39.927087149390246,-14.036532245444803,0.9790184151606333,-0.012861736334405145,0.0,0.00022907610137431008,0.023821628295446293,31.01338432122371,-0.01694022804851478,72.45413325034579,0.6775914634146342,-0.9413626901219345,0.21731375205671144,0.023539652412330955,0.9909981418686747,1.3272251308900525,-1.27007299270073,-0.265625,-3.746242666276253,-0.7430482317307054,0.015772634320944147,Specialty Business Services,Industrials,NTIP
2019Q3,2019,Q3,2019-11-14,2019-09-30,-411000.0,520000.0,-576000.0,-0.02,382000.0,0.7346153846153847,55349000.0,54711000.0,48544000.0,638000.0,638000.0,0.0,-11310000.0,56297502.8693,39613502.8693,2.2665741604248635,76.08777429467085,0.0,0.0,-0.006554607438082142,2.2665741604248635,-0.0075122004715687885,108.2644285948077,-34.24422315650851,1.0289978773793205,-3.0097323600973236,0.0,0.021972555387968325,0.009394930351045185,76.03918495297806,-0.007425608412076099,-852.9924677166666,0.7346153846153847,-1.0,-10.797258467573926,-0.6069239325409614,0.9395798577992713,-0.09905660377358491,-0.9759615384615384,-0.11627906976744186,-1.0366578145177157,-0.9853642984643545,0.019257495135391704,Specialty Business Services,Industrials,NTIP
2019Q2,2019,Q2,2019-08-14,2019-06-30,-208000.0,599000.0,-516000.0,-0.01,424000.0,0.7078464106844741,57368000.0,56383000.0,51738000.0,985000.0,985000.0,0.0,-9464000.0,58598029.35,39739029.35,2.3573890032190987,52.525888324873094,0.0,0.0,-0.007341473330340322,2.3573890032190987,-0.0036890552116772787,97.82642629382305,-70.43032373798077,1.0392854113828638,0.0,0.0,0.0,0.010441361037512201,52.46700507614213,-0.0036257146841444706,945.1295056451613,0.7078464106844741,0.0,-1.1384329071857444,-0.8764508513894271,1.0360594734971587,-0.0782608695652174,0.13333333333333333,0.03189493433395872,-1.0246214930957713,-0.9714603849119439,0.3449393450010786,Specialty Business Services,Industrials,NTIP
2019Q1,2019,Q1,2019-05-15,2019-03-31,-240000.0,606000.0,-533000.0,-0.01,460000.0,0.759075907590759,58097000.0,57003000.0,53344000.0,1086000.0,1094000.0,0.0,-8558000.0,62926497.199999996,41372497.199999996,2.400545981764896,49.11970534069982,0.0,0.0,-0.006431539077055038,2.400545981764896,-0.004210304720804168,103.83910429042903,-65.54843458333333,1.1039155342701261,-4.9625,0.0,0.018926844064029676,0.01043083119610307,49.04327808471455,-0.004131022255882404,-43.72932397498263,0.759075907590759,0.5884601733102253,-1.1866149653496982,-0.8535294831081828,0.9341517362019865,0.5862068965517241,0.584055459272097,0.39500567536889897,-1.061522579525883,-0.8856616491682265,0.7141939617980428,Specialty Business Services,Industrials,NTIP
2018Q4,2018,Q4,2019-03-29,2018-12-31,-577000.0,374000.0,-881000.0,-0.02429898481620871,290000.0,0.7754010695187166,60266000.0,58205000.0,55547000.0,2061000.0,2061000.0,0.0,-7102000.0,52953241.04,34273241.04,2.4511653574132204,26.951479864143618,0.0,0.0,-0.013996093603730405,2.4511653574132204,-0.009913237694356154,141.5862059893048,-22.94334533795494,0.9097713433553818,-0.0017331022530329288,0.0,1.8884585350396525e-05,0.00620582086085023,26.897137311984473,-0.009574220953771613,66.77583989911727,0.7754010695187166,-3.429898481620871,0.3407155189936008,-0.5043120682288422,1.0510385535993882,-0.7587354409317804,-3.345528455284553,-6.21301775147929,-1.2364093068971056,-0.9407676431903078,0.9866273166871947,Specialty Business Services,Industrials,NTIP
2018Q3,2018,Q3,2018-11-14,2018-09-30,246000.0,1798000.0,169000.0,0.01,1202000.0,0.6685205784204672,60935000.0,58739000.0,58684000.0,2196000.0,2196000.0,0.0,-6452000.0,67518601.15,40325601.150000006,2.4968072076238506,26.72313296903461,0.0,0.0,0.001713741096318606,2.4968072076238506,0.004188018182127717,37.55205848164628,68.61646458333334,1.1494680050732904,5.109756097560975,0.0,0.018617091861951287,0.029506851563141052,26.714936247723134,0.004037088701074916,-59.435388336267614,0.6685205784204672,1.5,2.296647029313036,0.6065532384843941,0.9847937423233589,2.5562130177514795,1.4361702127659575,1.1683266932270917,-0.40204406482750815,-0.4086558040670176,1.205585308484772,Specialty Business Services,Industrials,NTIP
2018Q2,2018,Q2,2018-08-14,2018-06-30,-564000.0,471000.0,-1004000.0,-0.02,338000.0,0.7176220806794055,62718000.0,60334000.0,60448000.0,2384000.0,2384000.0,0.0,-4742000.0,73512863.7,40553863.7,2.5442540337331465,25.355704697986578,0.0,0.0,-0.011717047263367504,2.5442540337331465,-0.009347963005933636,156.0782668789809,-32.585489228723404,1.2184317913614215,0.0,0.0,0.0,0.007509805797378743,25.33724832214765,-0.008992633693676456,-8.578931462247636,0.7176220806794055,-1.0588235294117647,-1.765872314076606,-0.7377266077708073,1.0341863536450084,-0.9723041625696492,-1.0655737704918034,-1.0922539740880273,-1.533976169645284,-0.733514179628457,1.2922801740297898,Specialty Business Services,Industrials,NTIP
2018Q1,2018,Q1,2018-05-15,2018-03-31,8601000.0,19463000.0,10883000.0,0.34,12204000.0,0.6270359142989261,72266000.0,61618000.0,69953000.0,10648000.0,10648000.0,0.0,-3243000.0,63088587.1,6410587.1000000015,2.5882288303774676,6.569590533433509,0.0,0.0,0.1377754984269445,2.5882288303774676,0.1395858353078646,3.241462626522119,1.8337573276363213,1.0238661933201336,0.13812347401464947,0.0,0.01883066422326012,0.269324440262364,6.5638617580766345,0.1190186256330778,3.734157271382066,0.6270359142989261,25.75347021406728,5.492006883653757,4.031822846070873,1.1448655061285944,7.136,27.30275229357798,19.32154882154882,4.68815632488746,2.499829391585401,1.3345140820392514,Specialty Business Services,Industrials,NTIP
2017Q4,2017,Q4,2018-04-02,2017-12-31,-327000.0,2131000.0,-594000.0,-0.013735447881032035,1500000.0,0.7038948850305021,57294000.0,54412000.0,54938000.0,2882000.0,2882000.0,0.0,-10219000.0,57136833.6,4035833.6000000015,2.285544923861514,19.062456627342122,0.0,0.0,-0.007627700903081333,2.285544923861514,-0.006009703741821657,26.812216611919286,-43.68259449541284,1.0500778063662426,-0.0030581039755351682,0.0,1.7501844904475072e-05,0.037194121548504204,18.99028452463567,-0.0057074039166404855,32.7807421686747,0.7038948850305021,-1.6867723940516017,-0.5068921307238102,1.5185521503751807,0.9727205446615325,-0.34007919049714036,-1.5046296296296295,-1.5834970530451866,0.7231185542885258,0.6780091651955068,1.04359571808041,Specialty Business Services,Industrials,NTIP
2017Q3,2017,Q3,2017-11-14,2017-09-30,648000.0,3237000.0,1018000.0,0.02,2273000.0,0.7021933889403769,58535000.0,55419000.0,57217000.0,3116000.0,3116000.0,0.0,-8931000.0,92978993.8,40713993.8,2.2947457407309564,18.362323491655967,0.0,0.0,0.01109339244212694,2.2947457407309564,0.011692740756780166,28.72381643497065,35.87152538580247,1.6777457875457875,1.8626543209876543,0.0,0.012981426779002206,0.05530024771504228,18.260269576379976,0.011070299820620142,53.83844458598726,0.7021933889403769,-0.6666666666666666,2.5909188637073473,1.4541368975095468,0.9904682974058437,-0.3068008539188777,-0.5803108808290155,-0.5643988018827557,19.5906633052852,1.4456627293834097,0.9636871783000177,Specialty Business Services,Industrials,NTIP
2017Q2,2017,Q2,2017-08-14,2017-06-30,1544000.0,4862000.0,2337000.0,0.06,3279000.0,0.674413821472645,58728000.0,55934000.0,57402000.0,2794000.0,2794000.0,0.0,-8182000.0,103214662.75,51319662.75,2.303156292587896,20.54473872584109,0.0,0.0,0.027311794561795603,2.303156292587896,0.02760396181213573,21.228848776223778,16.712218709520723,1.8452937882146814,0.003238341968911917,0.0,4.844272961595275e-05,0.08278844844026699,20.528990694345026,0.026290696090450892,20.906352592667613,0.674413821472645,-0.3333333333333333,1.259494335073918,1.6672448772606994,1.0321494481995337,-0.25965229171370513,-0.31922398589065254,-0.2815862280971411,0.012016886708891094,-0.012374379012010554,0.9892190818166569,Specialty Business Services,Industrials,NTIP
2017Q1,2017,Q1,2017-05-15,2017-03-31,2268000.0,6221000.0,3253000.0,0.09,4429000.0,0.7119434174570005,57750000.0,55188000.0,56382000.0,2562000.0,2562000.0,0.0,-8688000.0,116976427.35,68976427.35,2.288168702563816,22.007025761124122,0.0,0.0,0.0409825050603462,2.288168702563816,0.0410958904109589,18.803476506992443,12.894227000661374,2.1195989590128286,0.533068783068783,0.0,0.010335415667830276,0.10772294372294372,21.89071038251366,0.03927272727272727,-42.123308372344255,0.7119434174570005,5.365679149560117,0.24935722653254508,0.48925749179804334,1.014721463319343,0.2603870233352305,5.651026392961877,5.172675521821632,0.7362383550628685,0.48036517620358876,0.8436078718779948,Specialty Business Services,Industrials,NTIP
2016Q4,2016,Q4,2017-03-20,2016-12-31,341000.0,5125000.0,527000.0,0.014138318612275519,3514000.0,0.6856585365853659,57597000.0,52872000.0,56140000.0,4725000.0,4725000.0,0.0,-9702000.0,82004093.39999999,31086093.39999999,2.192144227766074,11.881481481481481,0.0,0.0,0.006317670620383043,2.192144227766074,0.006449538508095022,16.00079871219512,60.12030307917888,1.5509928393100318,0.0,0.0,0.0,0.08898032883657135,11.611005291005291,0.00592044724551626,-11.276690511551154,0.6856585365853659,-0.967120189273778,5.152006202224507,5.8982988423198535,1.0442299400869453,-0.7978484726456884,-0.9685192023633677,-0.9672345187764237,1.383603435250491,5.687467462200264,0.834299882135861,Specialty Business Services,Industrials,NTIP
2016Q3,2016,Q3,2016-11-14,2016-09-30,10832000.0,34326000.0,16084000.0,0.43,17383000.0,0.5064091359319466,61973000.0,51859000.0,60293000.0,10114000.0,10114000.0,0.0,-9918000.0,63665003.22,5906003.219999999,2.223750299843305,5.96134071583943,0.0,0.0,0.20856285193821741,2.223750299843305,0.20887406236140305,1.8547166352036357,1.469373227935746,1.2276558209761084,0.0,0.0,0.0,0.5538863698707501,5.95936325884912,0.17478579381343487,2.843457044216168,0.5064091359319466,0.3030303030303029,47.72318134347987,30.33506927808312,0.9781810158595626,0.18308037841148847,0.3161603888213852,0.23098117250880146,58.59685029966453,29.940836693863332,0.7677318721853099,Specialty Business Services,Industrials,NTIP
2016Q2,2016,Q2,2016-08-15,2016-06-30,8230000.0,20447000.0,13066000.0,0.33,14693000.0,0.71858952413557,42672000.0,40841000.0,39485000.0,1831000.0,1831000.0,0.0,-20751000.0,61979697.080000006,26610697.080000006,1.7527846233223314,21.564718732932825,0.0,0.0,0.20126672365555173,1.7527846233223314,0.20151318527949855,3.031236713454297,1.8827368493317134,1.5175851982076836,0.0,0.0,0.0,0.4791666666666667,21.54396504642272,0.19286651668541432,4.236479636363637,0.71858952413557,1.0625,0.37630830952653166,11.565319048723914,0.5564560272130811,2.966792656587473,1.1544502617801047,5392487.650433347,10.373940080969373,10.587687054181288,0.4013893716459992,Specialty Business Services,Industrials,NTIP
2016Q1,2016,Q1,2016-05-16,2016-03-31,3820000.0,5190000.0,2.423,0.16,3704000.0,0.7136801541425819,35155000.0,32563000.0,27150000.0,2592000.0,2592000.0,0.0,-28981000.0,44412754.41,23673754.409999996,1.4003934416190154,10.474537037037036,0.0,0.0,1.1682889227255184e-07,1.4003934416190154,0.11731105856340018,8.557370791907514,2.906593875,1.363902417160581,0.0,0.0,0.0,0.1476319158014507,10.427469135802468,0.10866164130280188,382.86857249999997,0.7136801541425819,0.5566695230125523,1.5587781041498279,0.6196236419538967,0.6923733219525613,-0.017767170511800583,0.5983263598326359,-0.999998076984127,1.9520517957134442,0.37376834245629237,0.16050619353439477,Specialty Business Services,Industrials,NTIP
2015Q4,2015,Q4,2016-03-30,2015-12-31,2390000.0,6183000.0,1260000.0,0.10278353731134866,3771000.0,0.6098981077147017,30381000.0,28690000.0,23402000.0,1691000.0,1691000.0,0.0,-32756000.0,48598249.589999996,27990249.589999996,1.2338325043776541,13.839148432879952,0.0,0.0,0.08238885548052506,1.2338325043776541,0.08330428720808644,7.8599789082969425,5.083498911087866,1.693909013245033,0.0,0.0,0.0,0.20351535499160658,13.723240685984624,0.07866758829531616,18.318224496796077,0.6098981077147017,4.139176865567433,4.532606056800228,35.897921269869634,0.5470679083045527,0.8121095627102355,4.872235872235872,0.8421052631578947,12.276203359652733,6.481649027388719,0.0649568532412141,Specialty Business Services,Industrials,NTIP
2015Q3,2015,Q3,2015-11-16,2015-09-30,407000.0,3008000.0,684000.0,0.02,2081000.0,0.6918218085106383,27310000.0,26347000.0,20907000.0,963000.0,963000.0,0.0,-35086000.0,47013370.92,29001370.92,1.1320383745841809,21.710280373831775,0.0,0.0,0.015203183412961434,1.1320383745841809,0.015447679052643565,15.629445119680852,28.877991965601968,1.7843918062777546,0.0,0.0,0.0,0.11014280483339436,21.58982346832814,0.01490296594653973,33.131339619450316,0.6918218085106383,3.0,-0.9804237264019537,-0.903108619537196,0.18285483628922125,0.6398739164696612,2.85,3.029673590504451,1.3403407032689916,1.366399188520404,-0.018067031975881092,Specialty Business Services,Industrials,NTIP
2015Q2,2015,Q2,2015-08-14,2015-06-30,-220000.0,1747000.0,-337000.0,-0.01,1269000.0,0.7263880938752146,26902000.0,26016000.0,19825000.0,886000.0,886000.0,0.0,-35337000.0,40081490.28,23330490.28,1.1099228020021614,22.375846501128667,0.0,0.0,-0.008768568454915318,1.1099228020021614,-0.008456334563345633,22.94303965655409,-45.54714804545455,1.5406476891143912,0.0,0.0,0.0,0.06493940970931529,22.18848758465011,-0.008177830644561743,12.70814530120482,0.7263880938752146,-1.1666666666666665,0.8032701846040686,9.387822479981004,17.80969496564074,-0.6777552056881666,-1.1437908496732025,-1.1452586206896551,-1.3335733596663644,-0.007008439074560237,-0.020679136326266473,Specialty Business Services,Industrials,NTIP
2015Q1,2015,Q1,2015-05-14,2015-03-31,1530000.0,5627000.0,2320000.0,0.06,3938000.0,0.6998400568686689,28774000.0,26707000.0,20993000.0,2067000.0,2067000.0,0.0,-34605000.0,54200270.25,40088270.25,1.1086798962962736,10.15626511852927,0.0,0.0,0.056774444756534696,1.1086798962962736,0.05728835136855506,9.632178825306557,8.85625330882353,2.029440605459243,0.0,0.0,0.0,0.19555849030374645,10.069182389937106,0.05317300340585251,-32.494166816546766,0.6998400568686689,2.209489991631799,3.329721079504422,46.77858678661996,11.657808340498013,3.225321888412017,2.280334728033473,2.26775956284153,-0.1561355441754019,0.3487274234030944,-0.02381271952719172,Specialty Business Services,Industrials,NTIP
2014Q4,2014,Q4,2015-03-05,2014-12-31,-1195000.0,1285000.0,-1830000.0,-0.04960768622735788,932000.0,0.7252918287937743,29152000.0,26941000.0,20232000.0,2211000.0,2211000.0,0.0,-34262000.0,52995819.800000004,35333819.800000004,1.118393870001045,9.150610583446404,0.0,0.0,-0.04333786433675946,1.118393870001045,-0.044356185739207896,41.24188311284047,-11.08699158995816,1.96710663301288,0.0,0.0,0.0,0.044079308452250276,9.041157847127996,-0.040992041712403955,166.6535213836478,0.7252918287937743,-33.37816093371995,-0.3889897199286671,7.253096465365233,8.90570972398562,-0.09514563106796116,-32.19444444444444,-19.10989010989011,-13.568310882113208,0.7317649408174106,0.04293057222593092,Specialty Business Services,Industrials,NTIP
2014Q3,2014,Q3,2014-11-12,2014-09-30,-36000.0,1367000.0,-91000.0,-0.001443,1030000.0,0.7534747622531089,29798000.0,29148000.0,21182000.0,650000.0,650000.0,0.0,-31913000.0,53627179.1,34434179.1,1.1685902755231814,32.58769230769231,0.0,0.0,-0.0013541196486233117,1.1685902755231814,-0.0012350761630300535,39.229831089978056,-372.41096597222224,1.8398236276931523,0.0,0.0,0.0,0.04587556211826297,32.347692307692306,-0.0012081347741459158,17.462448420709865,0.7534747622531089,-1.02405,0.9237750525302789,8.381239747505264,7.09778271735155,-0.7185792349726776,-1.0224859462835727,-1.0363854458216712,-1.1513983396491285,0.16672257488836578,0.03954256848034789,Specialty Business Services,Industrials,NTIP
2014Q2,2014,Q2,2014-08-12,2014-06-30,1601000.0,5166000.0,2501000.0,0.06,3660000.0,0.7084785133565621,31298000.0,29507000.0,22442000.0,1791000.0,1791000.0,0.0,-31495000.0,51989355.12,35410355.12,1.1578193239954926,12.530429927414852,0.0,0.0,0.053999218973055985,1.1578193239954926,0.05425831158708103,10.0637543786295,8.118262823235478,1.7619329352357067,0.0,0.0,0.0,0.16505847018978848,12.415410385259632,0.051153428334078856,20.565409462025315,0.7084785133565621,0.1999999999999999,6.105143398408513,9.046123285966008,6.192950911195542,0.15203021718602455,0.14684813753581663,0.16705552963135792,-0.7552116311825188,1.9025644704322235,0.028132516270460328,Specialty Business Services,Industrials,NTIP
2014Q1,2014,Q1,2014-05-15,2014-03-31,1396000.0,4491000.0,2143000.0,0.05,3177000.0,0.7074148296593187,33629000.0,31991000.0,23620000.0,1638000.0,1638000.0,0.0,-29385000.0,41498672.53,23136672.53,1.241136327017832,14.42002442002442,0.0,0.0,0.04345477509415695,1.241136327017832,0.04363727298302648,9.240408044978848,7.431710696633239,1.29719835359945,0.0,0.0,0.0,0.13354545184216005,14.28937728937729,0.04151179041898362,-165.3333566932271,0.7074148296593187,2.356609105263158,2.3559927943119403,154.7500835254629,6.502007654773235,4.506065857885615,2.4694736842105263,4.406995230524642,-0.1564308408671765,0.26431653358564045,0.49991134371694085,Specialty Business Services,Industrials,NTIP
2013Q4,2013,Q4,2014-03-21,2013-12-31,-950000.0,819000.0,-629000.0,-0.0368566006272683,577000.0,0.7045177045177046,31568000.0,30804000.0,20558000.0,764000.0,764000.0,0.0,-30553000.0,40725405.34,21787405.340000004,1.195084974444603,26.908376963350786,0.0,0.0,-0.03128783023570462,1.195084974444603,-0.03084015062978834,49.72576964590965,-10.717211931578948,1.3220817212050384,0.0,0.0,0.0,0.025943993917891536,26.547120418848166,-0.030093765838824126,221.33372467391305,0.7045177045177046,-2.68566006272683,-0.7306509440966339,6.0356852277410304,5.5524855794073735,-0.3458049886621315,-3.5673076923076925,-0.8284883720930233,-0.26673837089842284,3.4091265857201547,0.49848346927185777,Specialty Business Services,Industrials,NTIP
2013Q3,2013,Q3,2013-11-14,2013-09-30,-208000.0,1227000.0,-344000.0,-0.01,882000.0,0.7188264058679706,33013000.0,32446000.0,21441000.0,567000.0,567000.0,0.0,-28832000.0,43331210.16,23747210.159999996,1.2579680973304255,37.81481481481482,0.0,0.0,-0.006582878003497889,1.2579680973304255,-0.00641065154410405,35.314759706601464,-52.080781442307696,1.3354869678851014,0.0,0.0,0.0,0.037167176566807014,37.46560846560847,-0.006300548268863781,69.7765058937198,0.7188264058679706,-1.3333333333333335,0.49180504380136525,9.83189613166467,5.266617279112493,-0.3514705882352941,-1.2659846547314577,-1.7661469933184855,-1.009027706632478,-0.964335974619387,0.31443746186732563,Specialty Business Services,Industrials,NTIP
2013Q2,2013,Q2,2013-08-14,2013-06-30,782000.0,1907000.0,449000.0,0.03,1360000.0,0.713162034609334,32307000.0,31496000.0,20735000.0,811000.0,811000.0,0.0,-28460000.0,42808951.199999996,24705951.199999996,1.2507477641732088,25.567200986436497,0.0,0.0,0.02418225335366072,1.2507477641732088,0.024828549657099314,22.44832260094389,13.685726086956521,1.359186918973838,0.0,0.0,0.0,0.059027455350233696,25.281134401972874,0.024205280589345964,-35.03187495908347,0.713162034609334,-0.4000000000000001,2.8644569469670618,27.119590752355048,4.852557959446498,-0.5209580838323353,-0.4382183908045977,-0.7808687164470474,1.6509031008296022,9.554663482724328,20.196234441365593,Specialty Business Services,Industrials,NTIP
2013Q1,2013,Q1,2013-05-15,2013-03-31,1392000.0,4064000.0,2049000.0,0.05,2839000.0,0.6985728346456693,31869000.0,30184000.0,24483000.0,1685000.0,1685000.0,0.0,-28758000.0,37019956.32,17208956.32,1.206709149353205,14.529970326409495,0.0,0.0,0.045982499550204003,1.206709149353205,0.046117148157964485,9.109241220472441,6.6486990517241376,1.22647615690432,0.0,0.0,0.0,0.12752204336502557,14.398813056379822,0.043678810128965455,-28.02419100681302,0.6985728346456693,6.485413157894738,5.210480802347174,55.83132058820291,4.307927365889519,3.520700636942675,7.105263157894737,9.130952380952381,3.0412513312291005,32.23187390327119,12.777009203706617,Specialty Business Services,Industrials,NTIP
2012Q4,2012,Q4,2013-03-22,2012-12-31,-228000.0,889000.0,-252000.0,-0.00911508368846179,628000.0,0.7064116985376828,29805000.0,28980000.0,23527000.0,825000.0,825000.0,0.0,-29306000.0,29265776.279999997,7282776.2799999975,1.1585751109281697,28.517575757575756,0.0,0.0,-0.008436632747456058,1.1585751109281697,-0.007867494824016562,32.9198833295838,-32.08966697368421,1.0098611552795032,0.0,0.0,0.0,0.029827210199630933,28.24848484848485,-0.007649723200805234,50.28483896907216,0.7064116985376828,-2.3398534966180637,0.5289130151549469,15.819563629964465,3.877525837883859,-0.3873170731707317,-2.1752577319587627,-1.7346938775510203,0.7447823411570305,4.498703494411459,9.26159839581217,Specialty Business Services,Industrials,NTIP
2012Q3,2012,Q3,2012-11-14,2012-09-30,194000.0,1418000.0,343000.0,0.00680304504296123,1025000.0,0.7228490832157969,30600000.0,29932000.0,24320000.0,668000.0,668000.0,0.0,-29825000.0,34790544.620000005,12577544.620000005,1.1528672643124607,36.40718562874252,0.0,0.0,0.006425161000773236,1.1528672643124607,0.006481357744220232,24.534939788434418,44.833176056701035,1.1623194113323534,0.0,0.0,0.0,0.046339869281045755,36.134730538922156,0.0063398692810457515,37.248977109207715,0.7228490832157969,-0.6598477478519386,2.293576489576667,5.999916157015483,4.421504259265058,-0.26994301994301995,-0.7367706919945726,-0.6119909502262444,1.3946266645550487,8.348846198908756,6.988829621374522,Specialty Business Services,Industrials,NTIP
2012Q2,2012,Q2,2012-08-14,2012-06-30,737000.0,1966000.0,884000.0,0.02,1404000.0,0.7141403865717192,30392000.0,29686000.0,23969000.0,706000.0,706000.0,0.0,-30019000.0,33788866.800000004,12509866.800000004,1.1333597017820083,33.95042492917847,0.0,0.0,0.024548816011765805,1.1333597017820083,0.02482651755036044,17.186605696846392,11.461623744911805,1.1382088122347234,0.0,0.0,0.0,0.06468807580942353,33.655807365439095,0.024249802579626216,23.66167142857143,0.7141403865717192,-0.7142857142857143,1.475398494297107,0.0,4.120394236411977,-0.5380059230009872,-0.6167446697867914,-0.6251060220525869,3.2865697196318986,2.7198717048484604,6.0409955428217925,Specialty Business Services,Industrials,NTIP
2012Q1,2012,Q1,2012-05-15,2012-03-31,1923000.0,4425000.0,2358000.0,0.07,3039000.0,0.6867796610169492,31599000.0,29017000.0,25025000.0,2582000.0,2582000.0,0.0,-30117000.0,35002579.36,15006579.36,1.135724587355096,9.692099147947328,0.0,0.0,0.06601951314497559,1.135724587355096,0.06627149601957473,7.910187425988701,4.5505173374935,1.2062783664748251,0.0,0.0,0.0,0.14003607709104718,9.601859024012393,0.06085635621380423,-129.16080944649445,0.6867796610169492,21.556930574712645,2.40483051880793,0.0,26.604419534194673,4.388297872340425,23.103448275862068,11.076923076923077,2.8844303684122785,153.82010405300852,5.864849865867869,Specialty Business Services,Industrials,NTIP
2011Q4,2011,Q4,2012-03-09,2011-12-31,-87000.0,787000.0,-234000.0,-0.003405177623458433,564000.0,0.7166454891994918,29129000.0,27398000.0,22133000.0,1731000.0,1731000.0,0.0,-30575000.0,30403700.32,9742700.32,1.0723569715806225,12.786250722125938,0.0,0.0,-0.003258977797073163,1.0723569715806225,-0.003175414263814877,38.632401931385004,-87.36695494252874,1.1097050996423095,0.0,0.0,0.0,0.027017748635380548,12.696129404968227,-0.0029867142710014076,-533.3982512280702,0.7166454891994918,-1.3405177623458433,0.9253098675708414,0.0,14.132872119970372,-0.3598183881952327,-1.3508064516129032,-1.5693430656934306,0.840105333412246,5.8206549339602525,4.879584918657767,Specialty Business Services,Industrials,NTIP
2011Q3,2011,Q3,2011-11-15,2011-09-30,248000.0,1222000.0,411000.0,0.01,881000.0,0.720949263502455,31199000.0,29244000.0,24244000.0,1955000.0,1955000.0,0.0,-28561000.0,34599388.74,11527388.740000002,1.1241389347157582,12.401023017902814,0.0,0.0,0.008278938026875845,1.1241389347157582,0.008480372042128299,28.31373873977087,34.87841606854839,1.1831277780057448,0.0,0.0,0.0,0.03916792204878362,12.384143222506394,0.007948972723484727,22.10823561661342,0.720949263502455,-0.9523809523809523,1.4161741326868205,0.0,9.900047198321726,-0.3223076923076923,-0.9627962796279628,2.1742857142857144,1.6007495407344599,9.695617945518348,4.599942071156133,Specialty Business Services,Industrials,NTIP
2011Q2,2011,Q2,2011-08-15,2011-06-30,6666000.0,1814000.0,-350000.0,0.21,1300000.0,0.7166482910694597,31860000.0,29251000.0,24763000.0,2609000.0,2609000.0,0.0,-28498000.0,38961913.5,17139913.5,1.1261382221383969,9.491376006132619,0.0,0.0,0.23880651401037112,1.1261382221383969,0.22788964479846843,21.478452866593166,1.4612178780378038,1.3319856927968274,0.0,0.0,0.0,0.05693659761456372,9.470295132234572,0.20922787193973635,17.432623489932887,0.7166482910694597,3.1999999999999993,17.29610159983544,0.0,11.386040599068794,-0.4897959183673469,3.0012004801920766,-1.205158264947245,16.40804589463365,24.93177431201252,4.269479110178351,Specialty Business Services,Industrials,NTIP
2011Q1,2011,Q1,2011-05-18,2011-03-31,1666000.0,3576000.0,1706000.0,0.05,2548000.0,0.7125279642058165,24472000.0,21472000.0,24385000.0,2000000.0,3000000.0,0.0,-35164000.0,41777695.190000005,22190695.190000005,0.8274731251396255,12.1925,0.0,0.0,0.07686849502623193,0.8274731251396255,0.07758941877794337,11.68280066834452,6.269161943277311,1.9456825256147543,0.0,0.0,0.0,0.14612618502778685,12.1575,0.06807780320366133,-23.5234770213964,0.7125279642058165,2.71846880794702,4.623168532319726,0.0,6.460137506996605,21.350877192982455,3.2066225165562914,3.271637816245007,5.857614418861758,47.20445136863473,2.63978946196019,Specialty Business Services,Industrials,NTIP
2010Q4,2010,Q4,2011-03-31,2010-12-31,-755000.0,187000.0,-751000.0,-0.029095669219468018,114000.0,0.6096256684491979,22865000.0,20695000.0,22776000.0,2170000.0,2170000.0,0.0,-36830000.0,41518206.400000006,20170206.400000006,0.7975296350952193,10.495852534562212,0.0,0.0,-0.037583215099702354,0.7975296350952193,-0.03648224208746074,222.02249411764708,-13.747750463576159,2.006195042280744,0.0,0.0,0.0,0.008178438661710037,10.45483870967742,-0.03301989940957796,-40.70412392156863,0.6096256684491979,-1.0382837752887737,-8.978016765639028,0.0,17.91246822984145,-0.9950548735522492,-1.034625085989452,-1.0343958963085096,-0.5037263017122396,2.41043797434692,2.357547874939799,Specialty Business Services,Industrials,NTIP
2010Q3,2010,Q3,2010-11-15,2010-09-30,21805000.0,32560000.0,21834000.0,0.76,23053000.0,0.7080159705159705,26151000.0,23361000.0,26060000.0,2790000.0,2790000.0,0.0,-33482000.0,34905813.8,10583813.799999997,0.9570391394226712,9.340501792114695,0.0,0.0,0.9325817273832648,0.9570391394226712,0.9333932622747314,1.0720458783783784,0.40020423985324466,1.4941917640511964,0.0,0.0,0.0,1.2450766701082177,9.332258064516129,0.8338113265267103,1.5659151137230272,0.7080159705159705,16.2,50.40354011741663,0.0,20.686644144367172,138.71515151515152,19.846153846153847,19.871218668971476,155.646883952941,169.96046969865745,3.500597710836828,Specialty Business Services,Industrials,NTIP
2010Q2,2010,Q2,2010-08-16,2010-06-30,-1157000.0,174000.0,-1157000.0,-0.05,165000.0,0.9482758620689655,2217000.0,1431000.0,2123000.0,786000.0,786000.0,0.0,-55288000.0,22795885.48,20845885.48,0.05900801709063508,2.7010178117048347,0.0,0.0,-0.8085255066387141,0.05900801709063508,-0.8085255066387141,131.01083609195402,-4.925645090751944,15.930038770090844,0.0,0.0,0.0,0.07848443843031123,2.6552162849872776,-0.5218764095624718,-43.50359824427481,0.9482758620689655,-0.6666666666666669,-2.6870833176537854,0.0,-0.010143477688393495,0.4732142857142857,-0.7583586626139818,-0.7583586626139818,0.1939184581459403,0.0,-0.7334082814679941,Specialty Business Services,Industrials,NTIP
2010Q1,2010,Q1,2010-05-14,2010-03-31,-658000.0,118000.0,-658000.0,-0.03,112000.0,0.9491525423728814,2538000.0,2114000.0,2442000.0,424000.0,424000.0,0.0,-54131000.0,22446068.01,20177068.01,0.08758861459049816,5.759433962264151,0.0,0.0,-0.31125827814569534,0.08758861459049816,-0.31125827814569534,190.22091533898308,-8.52814134118541,10.61781835856197,0.0,0.0,0.0,0.046493301812450746,5.606132075471698,-0.25925925925925924,-29.808855258964147,0.9491525423728814,0.16001541763341073,0.3429517758977311,0.0,0.5400186865552413,-0.2483221476510067,0.23665893271461716,0.23754345307068367,0.49114657900085706,0.0,1.1288901292572224,Specialty Business Services,Industrials,NTIP
2009Q4,2009,Q4,2010-04-09,2009-12-31,-862000.0,156000.0,-863000.0,-0.03571494123794201,149000.0,0.9551282051282052,3310000.0,2725000.0,3212000.0,585000.0,585000.0,0.0,-53473000.0,25342334.85,22320334.85,0.1129039615700603,5.490598290598291,0.0,0.0,,0.1129039615700603,-0.3163302752293578,162.45086442307692,-7.349865095707656,9.299939394495414,0.0,0.0,0.0,0.047129909365558914,5.3709401709401705,-0.26042296072507554,-59.211062733644866,0.9551282051282052,-0.7857470618971006,0.4237998637955929,0.0,0.7555990044534601,0.08759124087591241,-0.8862144420131292,-0.8925438596491229,0.21661834249567516,0.0,0.593276546483773,Specialty Business Services,Industrials,NTIP
2009Q3,2009,Q3,2009-11-12,2009-09-30,-457000.0,141000.0,-456000.0,-0.02,137000.0,0.9716312056737588,3681000.0,3483000.0,3582000.0,198000.0,198000.0,0.0,-52611000.0,27514534.979999997,24064534.979999997,0.14430990757743856,18.09090909090909,0.0,0.0,,0.14430990757743856,-0.13120872810795292,195.13854595744678,-15.05171497811816,7.899665512489232,0.0,0.0,0.0,0.03830480847595762,18.035353535353536,-0.12415104591143711,-65.66714792362768,0.9716312056737588,-1.0,-0.01521013818503791,0.0,8.39407125535714,-0.6761229314420804,-0.5387205387205387,-0.5353535353535354,0.17339303226506692,0.0,0.3992797110770477,Specialty Business Services,Industrials,NTIP
2009Q2,2009,Q2,2009-08-13,2009-06-30,-297000.0,487000.0,-297000.0,-0.01,423000.0,0.8685831622176592,4075000.0,3885000.0,3974000.0,190000.0,190000.0,0.0,-52158000.0,18584378.89,14715378.89,0.16096583144942542,20.91578947368421,0.0,0.0,,0.16096583144942542,-0.07644787644787644,38.16094227926078,-15.643416574074076,4.7836239099099105,0.0,0.0,0.0,0.11950920245398773,20.736842105263158,-0.07288343558282209,-129.0581867361111,0.8685831622176592,0.75,0.20243971098268998,0.0,175.94890846346294,15.26923076923077,0.691908713692946,0.6922279792746114,0.21861232537537884,0.0,0.7704126227148235,Specialty Business Services,Industrials,NTIP
2009Q1,2009,Q1,2009-05-14,2009-03-31,-964000.0,27000.0,-965000.0,-0.04,26000.0,0.9629629629629629,4183000.0,3993000.0,4079000.0,191000.0,190000.0,0.0,-51849000.0,14481334.2,10468334.2,0.1654405572657801,21.356020942408378,0.0,0.0,-0.24167292762334083,0.1654405572657801,-0.24142248935637364,536.3457111111111,-3.7555327282157673,3.626680240420736,0.0,0.0,0.0,0.006454697585464977,21.089005235602095,-0.23045661008845325,-30.74593248407643,0.9629629629629629,-0.8782534630350194,0.08515603646109458,0.0,7.932133538200802,-0.7475728155339806,-0.8754863813229572,-0.8139097744360902,-1.2539892874256282,0.0,0.4915400499908792,Specialty Business Services,Industrials,NTIP
2008Q4,2008,Q4,2009-03-31,2008-12-31,-514000.0,109000.0,-532000.0,-0.021296380274132477,103000.0,0.944954128440367,4739000.0,4402000.0,4633000.0,337000.0,337000.0,0.0,-50895000.0,12067778.5,7583778.5,0.1823865096629011,13.747774480712167,0.0,0.0,,0.1823865096629011,-0.11676510676965016,110.71356422018349,-5.869542071984435,2.741430826896865,0.0,0.0,0.0,0.023000633044946192,13.537091988130564,-0.10846170078075543,-39.69663980263158,0.944954128440367,-0.06481901370662384,0.5606256592027222,0.0,1.9331624262258904,0.019801980198019802,-0.34203655352480417,-0.30392156862745096,-6.303342563453963,0.0,3.3250794926754748,Specialty Business Services,Industrials,NTIP
2008Q3,2008,Q3,2008-11-12,2008-09-30,-383000.0,106000.0,-408000.0,-0.02,101000.0,0.9528301886792453,4969000.0,4845000.0,4864000.0,124000.0,124000.0,0.0,-50381000.0,19308445.6,14520445.600000001,0.20074117203924483,39.225806451612904,0.0,0.0,,0.20074117203924483,-0.07905056759545924,182.15514716981133,-12.60342402088773,3.9852312899896805,0.0,0.0,0.0,0.021332260012074864,39.13709677419355,-0.07707788287381767,-54.85353863636364,0.9528301886792453,0.0,0.38632711856194885,2.0429949886799794,0.8988100611957628,0.6557377049180327,0.0472636815920398,0.05116279069767442,0.12238273649537068,0.0,3.548823745875701,Specialty Business Services,Industrials,NTIP
2008Q2,2008,Q2,2008-08-14,2008-06-30,-402000.0,65000.0,-430000.0,-0.02,61000.0,0.9384615384615385,5284000.0,5158000.0,5209000.0,126000.0,126000.0,0.0,-49998000.0,22928779.15,17788779.15,0.21370959037738388,41.34126984126984,0.0,0.0,,0.21370959037738388,-0.07793718495540908,352.75044846153844,-14.259191013681592,4.445284829391237,0.0,0.0,0.0,0.012301286903860712,41.01587301587302,-0.07607872823618471,-61.802639218328835,0.9384615384615385,-1.0,-1.4945892124458298,-0.863464329776209,0.6242042169926529,-0.07575757575757576,-0.2601880877742947,-0.1977715877437326,-0.28720267227513785,0.0,2.584967642459013,Specialty Business Services,Industrials,NTIP
2008Q1,2008,Q1,2008-05-12,2008-03-31,-319000.0,69000.0,-359000.0,-0.01,66000.0,0.9565217391304348,5684000.0,5487000.0,5607000.0,197000.0,197000.0,0.0,-49596000.0,27997246.119999997,22486246.119999997,0.22734093105868658,28.461928934010153,0.0,0.0,-0.06542737379260069,0.22734093105868658,-0.05813741570985967,405.7571901449275,-21.941415454545453,5.102468766174594,0.0,0.0,0.0,0.012139338494018296,28.15228426395939,-0.05612244897959184,-67.13967894484412,0.9565217391304348,0.48317865096359736,0.6018394580029067,-0.43405214496248357,1.336485318873109,0.375,0.3169164882226981,0.3096153846153846,0.6814614232695687,0.0,2.9972008198337794,Specialty Business Services,Industrials,NTIP
2007Q4,2007,Q4,2007-12-31,2007-12-31,-467000.0,51000.0,-520000.0,-0.019349045891089232,48000.0,0.9411764705882353,6100000.0,5733000.0,6022000.0,367000.0,367000.0,0.0,-49277000.0,33789779.8,27861779.799999997,0.23753336208482778,16.408719346049047,0.0,0.0,,0.23753336208482778,-0.08145822431536717,662.5447019607842,-18.08874721627409,5.8939089133089135,0.0,0.0,0.0,0.008360655737704918,16.152588555858312,-0.07655737704918032,-165.63617549019605,0.9411764705882353,-2.3497035035604763,0.7111726581660072,-0.7525494375402407,0.8202407029060766,-0.7209302325581395,-2.485074626865672,-1.6666666666666667,0.6878358890864755,0.0,2.6935226027639216,Specialty Business Services,Industrials,NTIP
2007Q3,2007,Q3,2008-04-10,2007-09-30,-134000.0,181000.0,-195000.0,-0.005776345837929444,172000.0,0.9502762430939227,5114000.0,4933000.0,5026000.0,181000.0,181000.0,0.0,-48846000.0,35956988.35,30983988.35,0.21264711954108914,27.76795580110497,0.0,0.0,,0.21264711954108914,-0.027163997567403203,198.65739419889505,-67.08393348880597,7.2890712244070555,0.0,0.0,0.0,0.03539303871724677,27.696132596685082,-0.026202581149784906,-209.05225784883723,0.9502762430939227,0.9037275693678426,0.9750941812827412,-0.6236363709792592,-0.0010986333667683677,0.0,0.8997756170531039,0.8592057761732852,0.6902935436113711,0.0,11.895495538236203,Specialty Business Services,Industrials,NTIP
2007Q2,2007,Q2,2007-06-30,2007-06-30,-1337000.0,0.0,-1385000.0,-0.06,0.0,0.0,5270000.0,5000000.0,5179000.0,270000.0,270000.0,0.0,-48676000.0,36594907.38,31449907.380000003,0.22134227355434832,19.18148148148148,0.0,0.0,,0.22134227355434832,-0.2674,0.0,-6.842727632759911,7.318981476,0.0,0.0,0.0,0.0,19.055555555555557,-0.2537001897533207,-52.50345391678623,0.0,-0.1999999999999999,0.7764078638508544,-1.0,-0.5047257146871703,0.0,-0.26132075471698113,-0.28837209302325584,-2.8361021928439554,0.0,241.5702428053571,Specialty Business Services,Industrials,NTIP
2007Q1,2007,Q1,2007-05-15,2007-03-31,-1060000.0,0.0,-1075000.0,-0.05,0.0,0.0,1235000.0,814000.0,1142000.0,421000.0,421000.0,0.0,-47339000.0,33634030.8,32548030.799999997,0.04114285344592121,2.7125890736342044,0.0,0.0,,0.04114285344592121,-1.3022113022113022,0.0,-7.932554433962264,41.319448157248154,0.0,0.0,0.0,0.0,2.5795724465558196,-0.8582995951417004,-46.58453019390581,0.0,-0.09671419068736141,0.7500680163665346,-1.0,-0.9465070145255544,0.0,-0.17516629711751663,-0.16594360086767895,-0.22716564323662067,0.0,1.221302123222514,Specialty Business Services,Industrials,NTIP
