Quarters,Year,Quarter,FillingDate,Date,NetIncome,Revenue,OperatingIncome,EPSDiluted,GrossProfit,GrossProfitRatio,TotalAssets,CommonStockEquity,CurrentAssets,CurrentLiability,TotalLiability,Inventory,RetainedEarnings,MarketCap,EnterpriseValue,bookValuePerShare,currentRatio,debtToAssets,debtToEquity,roic,shareholdersEquityPerShare,roe,priceToSalesRatio,peRatio,pbRatio,payoutRatio,inventoryTurnover,dividendYield,assetTurnover,quickRatio,returnOnAssets,priceToFreeCashFlowsRatio,grossProfitMargin,epsdilutedGrowth,fiveYNetIncomeGrowthPerShare,fiveYRevenueGrowthPerShare,fiveYShareholdersEquityGrowthPerShare,grossProfitGrowth,netIncomeGrowth,operatingIncomeGrowth,threeYNetIncomeGrowthPerShare,threeYRevenueGrowthPerShare,threeYShareholdersEquityGrowthPerShare,Industry,Sector,Symbol
2023Q1,2023,Q1,2023-05-15,2023-03-31,-10691000.0,130000.0,-4152000.0,-0.17,130000.0,1.0,127547000.0,60822000.0,29457000.0,5429000.0,66725000.0,1265000.0,-615254000.0,1063593240.0,1095845240.0,0.9710080143044159,5.425861116227666,0.4588818239550911,0.9622998257209562,-0.02942539714319009,0.9710080143044159,-0.17577521291637893,8181.486461538461,-24.871229071181368,17.486982341915756,-0.12047516602749976,0.0,0.0012109892687922688,0.0010192321261966177,4.881561981948794,-0.08382008200898493,-169.49693067729083,1.0,0.0,0.0,0.0,0.0,1.393939393939394,-0.5136627495398556,0.15985430999595304,0.0,0.0,0.0,Utilities—Regulated Water,Utilities,CDZIP
2022Q4,2022,Q4,2023-03-30,2022-12-31,-7063000.0,574000.0,-4942000.0,0.0,-330000.0,-0.574912892,110787000.0,34223000.0,12435000.0,5639000.0,76564000.0,1288000.0,-603298000.0,0.0,60391000.0,0.0,2.2051782230892,0.6353453022466535,2.0567454635771263,-0.0392616874228832,0.0,-0.2063816731437922,0.0,0.0,0.0,-0.17910236443437633,0.7018633540372671,,0.00518111330751803,1.8533427912750489,-0.06375296740592308,0.0,-0.5749128919860628,1.0,0.0,0.0,0.0,0.4148936170212766,-0.07947424728717714,-0.11206120612061206,0.0,0.0,0.0,Utilities—Regulated Water,Utilities,CDZIP
2022Q3,2022,Q3,2022-11-14,2022-09-30,-6543000.0,599000.0,-4444000.0,-0.13,-564000.0,-0.9415692821,104122000.0,31939000.0,9917000.0,2782000.0,72183000.0,335000.0,-595158000.0,764434650.0,826241650.0,0.6288071190912133,3.5647016534867,0.6604175870613319,2.152979116440715,-0.03674882870919976,0.6288071190912133,-0.20485926297003662,1276.1847245409015,-29.20810981201284,23.934207395347382,-0.19685159712670028,3.4716417910447763,0.0016849053087795013,0.005752866829296402,2.696980589503954,-0.06283974568294885,-117.46076367547634,-0.9415692821368948,-0.18181818181818185,0.0,0.0,0.0,0.8241347053320861,-0.20099118942731278,-0.31014150943396224,0.0,0.0,0.0,Utilities—Regulated Water,Utilities,CDZIP
2022Q2,2022,Q2,2022-08-12,2022-06-30,-5448000.0,185000.0,-3392000.0,-0.11,-3207000.0,-17.3351351351,114097000.0,39258000.0,15591000.0,3586000.0,74839000.0,0.0,-587348000.0,913860000.0,971173000.0,0.7732519204254481,4.347741215839376,0.6183510521749038,1.7971368892964492,-0.02556630214325063,0.7732519204254481,-0.13877426257068623,4939.783783783784,-41.93557268722467,23.278312700596057,-0.23219530102790015,0.0,0.0013842382859518964,0.0016214273819644689,3.7348020078081428,-0.04774884528076987,-164.7782185358817,-17.335135135135136,0.0,0.0,0.0,0.0,-23.58450704225352,0.05711318795430945,0.10383091149273448,0.0,0.0,0.0,Utilities—Regulated Water,Utilities,CDZIP
2022Q1,2022,Q1,2022-05-12,2022-03-31,-5778000.0,142000.0,-3785000.0,0.0,142000.0,1.0,119737000.0,45606000.0,21001000.0,4006000.0,74131000.0,0.0,-580577000.0,0.0,50630000.0,0.0,5.242386420369446,0.5800128615215013,1.522804017015305,-0.027558249660229177,0.0,-0.12669385607156952,0.0,0.0,0.0,-0.22291450328833506,0.0,,0.0011859325020670303,4.728657014478283,-0.04825576054185423,0.0,1.0,0.0,0.0,0.0,0.0,0.0,0.004136504653567736,0.006822356336919444,0.0,0.0,0.0,Utilities—Regulated Water,Utilities,CDZIP
2021Q4,2021,Q4,2022-03-29,2021-12-31,-5802000.0,142000.0,-3811000.0,0.0,142000.0,1.0,112493000.0,40609000.0,13214000.0,2513000.0,71884000.0,0.0,-573400000.0,0.0,57755000.0,0.0,5.258257063270991,0.6108824549083054,1.6922357112955255,-0.02901370741279647,0.0,-0.1428747322022212,0.0,0.0,0.0,0.0,0.0,,0.001262300765380957,4.47075208913649,-0.051576542540424736,0.0,1.0,0.0,0.0,0.0,0.0,0.0,0.2333509513742072,0.08543316534677226,0.0,0.0,0.0,Utilities—Regulated Water,Utilities,CDZIP
2021Q3,2021,Q3,2021-11-12,2021-09-30,-7568000.0,142000.0,-4167000.0,0.0,142000.0,1.0,120107000.0,47119000.0,20844000.0,4667000.0,72988000.0,0.0,-566208000.0,0.0,49123000.0,0.0,4.466252410542104,0.5636474143888366,1.4367452619962224,-0.030546283724245022,0.0,-0.16061461406226787,0.0,0.0,0.0,0.0,0.0,,0.0011822791344384591,3.997857295907435,-0.0630104823199314,0.0,1.0,0.0,0.0,0.0,0.0,0.0070921985815602835,0.32404430153626296,0.34243332807322074,0.0,0.0,0.0,Utilities—Regulated Water,Utilities,CDZIP
2021Q2,2021,Q2,2021-08-13,2021-06-30,-11196000.0,141000.0,-6337000.0,0.0,141000.0,1.0,101643000.0,-5065000.0,12487000.0,2341000.0,106708000.0,0.0,-556920000.0,0.0,92468000.0,0.0,5.334045279794959,1.0197849335419065,-20.464758144126357,-0.05293480051013266,0.0,2.2104639684106613,0.0,0.0,0.0,0.0,0.0,,0.001387208169770668,4.80649295173003,-0.11015023169327942,0.0,1.0,0.0,0.0,0.0,0.0,0.014388489208633094,-0.9501828949660338,-0.9821707851110416,0.0,0.0,0.0,Utilities—Regulated Water,Utilities,CDZIP
2021Q1,2021,Q1,2021-03-31,2021-03-31,-5741000.0,139000.0,-3197000.0,0.0,139000.0,1.0,89549000.0,-13052000.0,19507000.0,2316000.0,102601000.0,0.0,-545358000.0,0.0,80937000.0,0.0,8.422711571675302,1.112329562585847,-7.63162733680662,-0.02983426742958482,0.0,0.43985596077229544,0.0,0.0,0.0,0.0,0.0,,0.0015522228053914617,8.069516407599309,-0.06411015198383008,0.0,1.0,0.0,0.0,0.0,0.0,-0.007142857142857143,0.13330314009661837,-0.40713028169014087,0.0,0.0,0.0,Utilities—Regulated Water,Utilities,CDZIP
2020Q4,2020,Q4,2020-12-31,2020-12-31,-6624000.0,140000.0,-2272000.0,0.0,140000.0,1.0,74363000.0,-25301000.0,8036000.0,3135000.0,99664000.0,0.0,-539414000.0,0.0,88540000.0,0.0,2.563317384370016,1.2886785094737974,-3.787597328168847,-0.02591077842853209,0.0,0.26180783368246313,0.0,0.0,0.0,0.0,0.0,,0.0018826566975512016,2.342902711323764,-0.08907655688985114,0.0,1.0,0.0,0.0,0.0,0.0,0.007194244604316547,-0.5,0.08901363271852446,0.0,0.0,0.0,Utilities—Regulated Water,Utilities,CDZIP
2020Q3,2020,Q3,2020-09-30,2020-09-30,-4416000.0,139000.0,-2494000.0,0.0,139000.0,1.0,73374000.0,-22516000.0,8233000.0,3108000.0,95890000.0,0.0,-531397000.0,0.0,84584000.0,0.0,2.6489703989703988,1.2550222149535257,-4.089802806892876,-0.028886509612273386,0.0,0.19612719843666726,0.0,0.0,0.0,0.0,0.0,,0.0018944040123204404,2.444658944658945,-0.060184806607245074,0.0,1.0,0.0,0.0,0.0,0.0,-0.060810810810810814,0.06440677966101695,0.18122127380170716,0.0,0.0,0.0,Utilities—Regulated Water,Utilities,CDZIP
2020Q2,2020,Q2,2020-06-30,2020-06-30,-4720000.0,148000.0,-3046000.0,0.0,148000.0,1.0,70932000.0,-24180000.0,6335000.0,4190000.0,95112000.0,0.0,-526904000.0,0.0,84619000.0,0.0,1.5119331742243436,1.271457170247561,-3.7298180314309346,-0.03695680967195207,0.0,0.19520264681555005,0.0,0.0,0.0,0.0,0.0,,0.002086505385439576,1.3618138424821002,-0.06654260418428917,0.0,1.0,0.0,0.0,0.0,0.0,0.2982456140350877,0.7626709573612228,0.22729578893962454,0.0,0.0,0.0,Utilities—Regulated Water,Utilities,CDZIP
2020Q1,2020,Q1,2020-03-31,2020-03-31,-19888000.0,114000.0,-3942000.0,0.0,114000.0,1.0,74071000.0,-19687000.0,11226000.0,4548000.0,93758000.0,0.0,-522111000.0,0.0,77959000.0,0.0,2.4683377308707124,1.1944890712964589,-4.494183979275664,-0.04646312857773694,0.0,1.0102097831056027,0.0,0.0,0.0,0.0,0.0,,0.0015390638711506527,2.3293755496921724,-0.26849914271442266,0.0,1.0,0.0,0.0,0.0,0.0,0.02702702702702703,-1.8237966775521794,-0.35370879120879123,0.0,0.0,0.0,Utilities—Regulated Water,Utilities,CDZIP
2019Q4,2019,Q4,2019-12-31,2019-12-31,-7043000.0,111000.0,-2912000.0,0.0,111000.0,1.0,76724000.0,-82118000.0,16117000.0,4805000.0,158842000.0,0.0,-501597000.0,0.0,137680000.0,0.0,3.3542143600416234,1.9988790991084928,-1.8675807983633308,-0.033476923976940944,0.0,0.0857668233517621,0.0,0.0,0.0,0.0,0.0,,0.0014467441739221105,3.273881373569199,-0.09179656952192274,0.0,1.0,0.0,0.0,0.0,0.0,0.00909090909090909,0.029756164760986362,0.014884979702300407,0.0,0.0,0.0,Utilities—Regulated Water,Utilities,CDZIP
2019Q3,2019,Q3,2019-09-30,2019-09-30,-7259000.0,110000.0,-2956000.0,0.0,110000.0,1.0,73519000.0,-86643000.0,15888000.0,2601000.0,160162000.0,0.0,-494243000.0,0.0,141581000.0,0.0,6.108419838523645,2.133502904011208,-1.8103366688595732,-0.034532627140252896,0.0,0.08378057084819317,0.0,0.0,0.0,0.0,0.0,,0.0014962118635998857,5.907343329488659,-0.09873638107155973,0.0,1.0,0.0,0.0,0.0,0.0,-0.009009009009009009,0.02902621722846442,0.08765432098765433,0.0,0.0,0.0,Utilities—Regulated Water,Utilities,CDZIP
2019Q2,2019,Q2,2019-06-30,2019-06-30,-7476000.0,111000.0,-3240000.0,0.0,111000.0,1.0,77526000.0,-79768000.0,20161000.0,3474000.0,157294000.0,0.0,-486799000.0,0.0,133605000.0,0.0,5.803396660909614,1.9746407656786111,-1.9191405074716679,-0.03667674259157657,0.0,0.09372179320028082,0.0,0.0,0.0,0.0,0.0,,0.001431777726182184,5.6387449625791595,-0.0964321646931352,0.0,1.0,0.0,0.0,0.0,0.0,0.01834862385321101,-0.02975206611570248,-0.12460951058660187,0.0,0.0,0.0,Utilities—Regulated Water,Utilities,CDZIP
2019Q1,2019,Q1,2019-03-31,2019-03-31,-7260000.0,109000.0,-2881000.0,0.0,109000.0,1.0,73929000.0,-81418000.0,16946000.0,3116000.0,155347000.0,0.0,-479299000.0,0.0,135258000.0,0.0,5.438382541720154,2.049168797089099,-1.8606819130904715,-0.03398194271421245,0.0,0.0891694711243214,0.0,0.0,0.0,0.0,0.0,,0.0014743875880912768,5.229139922978177,-0.09820232926185934,0.0,1.0,0.0,0.0,0.0,0.0,-0.018018018018018018,0.0958904109589041,0.2781257830117765,0.0,0.0,0.0,Utilities—Regulated Water,Utilities,CDZIP
2018Q4,2018,Q4,2018-12-31,2018-12-31,-8030000.0,111000.0,-3991000.0,0.0,111000.0,1.0,69309000.0,-86240000.0,13004000.0,4142000.0,155549000.0,0.0,-470008000.0,0.0,138158000.0,0.0,3.1395461129888944,2.1745516455294407,-1.747634508348794,-0.05060395591231519,0.0,0.09311224489795919,0.0,0.0,0.0,0.0,0.0,,0.0016015236116521663,3.0410429744084984,-0.11585796938348555,0.0,1.0,0.0,0.0,0.0,0.0,-0.008928571428571428,-0.37712227748242155,-0.6040996784565916,0.0,0.0,0.0,Utilities—Regulated Water,Utilities,CDZIP
2018Q3,2018,Q3,2018-09-30,2018-09-30,-5831000.0,112000.0,-2488000.0,0.0,112000.0,1.0,72324000.0,-79909000.0,18308000.0,3152000.0,152233000.0,0.0,-461978000.0,0.0,129799000.0,0.0,5.808375634517766,2.038963552900835,-1.8454241699933676,-0.028464511361374654,0.0,0.07297050394824113,0.0,0.0,0.0,0.0,0.0,,0.001548586914440573,5.6386421319796955,-0.08062330623306233,0.0,1.0,0.0,0.0,0.0,0.0,0.027522935779816515,0.03332228116710875,-0.1033259423503326,0.0,0.0,0.0,Utilities—Regulated Water,Utilities,CDZIP
2018Q2,2018,Q2,2018-06-30,2018-06-30,-6032000.0,109000.0,-2255000.0,0.0,109000.0,1.0,74709000.0,-73938000.0,20947000.0,3206000.0,148647000.0,0.0,-455738000.0,0.0,123588000.0,0.0,6.533686837180287,1.925136195103669,-1.9452108523357408,-0.02694906802156792,0.0,0.0815818658876356,0.0,0.0,0.0,0.0,0.0,,0.001458994230949417,6.345290081097941,-0.08073993762465032,0.0,1.0,0.0,0.0,0.0,0.0,0.009259259259259259,-0.010216044213699548,0.09292035398230089,0.0,0.0,0.0,Utilities—Regulated Water,Utilities,CDZIP
2018Q1,2018,Q1,2018-03-31,2018-03-31,-5971000.0,108000.0,-2486000.0,0.0,108000.0,1.0,62869000.0,-82894000.0,9317000.0,3764000.0,145763000.0,0.0,-449706000.0,0.0,131806000.0,0.0,2.4752922422954304,2.232944694523533,-1.6935242598981832,-0.035003680196674575,0.0,0.07203175139334572,0.0,0.0,0.0,0.0,0.0,,0.0017178577677392673,2.288788522848034,-0.09497526602936264,0.0,1.0,0.0,0.0,0.0,0.0,-0.01818181818181818,0.15604240282685514,0.37974051896207583,0.0,0.0,0.0,Utilities—Regulated Water,Utilities,CDZIP
2017Q4,2017,Q4,2017-12-31,2017-12-31,-7075000.0,110000.0,-4008000.0,0.0,110000.0,1.0,66505000.0,-78699000.0,13477000.0,6487000.0,145204000.0,0.0,-443735000.0,0.0,125422000.0,0.0,2.077539694774164,2.0818284339523343,-1.7592599651838017,-0.054890065341837144,0.0,0.08989949046366535,0.0,0.0,0.0,0.0,0.0,,0.0016540109766182993,2.014182210574996,-0.10638297872340426,0.0,1.0,0.0,0.0,0.0,0.0,-0.009009009009009009,-0.18074098798397864,-0.6603148301574151,0.0,0.0,0.0,Utilities—Regulated Water,Utilities,CDZIP
2017Q3,2017,Q3,2017-09-30,2017-09-30,-5992000.0,111000.0,-2414000.0,0.0,111000.0,1.0,68889000.0,-76291000.0,16636000.0,9035000.0,145180000.0,0.0,-436660000.0,0.0,119275000.0,0.0,1.841283895960155,1.9644645734442363,-1.7738658557365876,-0.033504523018233506,0.0,0.0785413744740533,0.0,0.0,0.0,0.0,0.0,,0.001611287723729478,1.7831765356945213,-0.08698050487015344,0.0,1.0,0.0,0.0,0.0,0.0,0.027777777777777776,0.5584377302873986,-0.1467933491686461,0.0,0.0,0.0,Utilities—Regulated Water,Utilities,CDZIP
2017Q2,2017,Q2,2017-06-30,2017-06-30,-13570000.0,108000.0,-2105000.0,0.0,108000.0,1.0,72217000.0,-70667000.0,20000000.0,7839000.0,142884000.0,0.0,-430668000.0,0.0,112576000.0,0.0,2.5513458349279245,1.827962945012947,-1.8680572261451598,-0.02840466764297497,0.0,0.19202739609718822,0.0,0.0,0.0,0.0,0.0,,0.001495492751014304,2.485521112386784,-0.1879058947339269,0.0,1.0,0.0,0.0,0.0,0.0,0.0,-0.8776809187768092,0.4882081205932409,0.0,0.0,0.0,Utilities—Regulated Water,Utilities,CDZIP
2017Q1,2017,Q1,2017-03-31,2017-03-31,-7227000.0,108000.0,-4113000.0,0.0,108000.0,1.0,61979000.0,-57675000.0,10154000.0,3095000.0,119654000.0,0.0,-417098000.0,0.0,106462000.0,0.0,3.2807754442649433,1.8694880524048467,-2.008998699609883,-0.058172743266091745,0.0,0.12530559167750324,0.0,0.0,0.0,0.0,0.0,,0.0017425256941867406,3.0665589660743136,-0.11660401103599606,0.0,1.0,0.0,0.0,0.0,0.0,-0.009174311926605505,-0.07480666270077335,-0.7720809995691512,0.0,0.0,0.0,Utilities—Regulated Water,Utilities,CDZIP
2016Q4,2016,Q4,2016-12-31,2016-12-31,-6724000.0,109000.0,-2321000.0,0.0,109000.0,1.0,67099000.0,-54317000.0,15602000.0,4562000.0,121416000.0,0.0,-409871000.0,0.0,102659000.0,0.0,3.4199912319158265,1.711366786390259,-2.1140895115709633,-0.031886172343552746,0.0,0.12379181471730766,0.0,0.0,0.0,0.0,0.0,,0.0016244653422554732,2.6766768960982024,-0.10021013725986974,0.0,1.0,0.0,0.0,0.0,0.0,-0.09166666666666666,-0.29932367149758454,-0.20259067357512953,0.0,0.0,0.0,Utilities—Regulated Water,Utilities,CDZIP
2016Q3,2016,Q3,2016-09-30,2016-09-30,-5175000.0,120000.0,-1930000.0,0.0,120000.0,1.0,59013000.0,-70228000.0,7414000.0,47134000.0,129241000.0,0.0,-403147000.0,0.0,118585000.0,0.0,0.15729621928968474,2.0754410045244267,-1.7440052400751838,-0.03001295156784816,0.0,0.07368855727060432,0.0,0.0,0.0,0.0,0.0,,0.002033450256723095,0.08399456867653923,-0.08769254232118347,0.0,1.0,0.0,0.0,0.0,0.0,0.1111111111111111,0.08325952170062002,0.25940138142747504,0.0,0.0,0.0,Utilities—Regulated Water,Utilities,CDZIP
2016Q2,2016,Q2,2016-06-30,2016-06-30,-5645000.0,108000.0,-2606000.0,0.0,108000.0,1.0,58122000.0,-66708000.0,6307000.0,1577000.0,124830000.0,0.0,-397972000.0,0.0,115383000.0,0.0,3.9993658845909956,2.087006641202987,-1.8183875996881933,-0.03922912810074984,0.0,0.08462253402890207,0.0,0.0,0.0,0.0,0.0,,0.0018581604211830288,3.789473684210526,-0.09712329238498331,0.0,1.0,0.0,0.0,0.0,0.0,0.44,0.3581580443433769,-0.10752231194220145,0.0,0.0,0.0,Utilities—Regulated Water,Utilities,CDZIP
2016Q1,2016,Q1,2016-03-31,2016-03-31,-8795000.0,75000.0,-2353000.0,0.0,75000.0,1.0,54505000.0,-64966000.0,2703000.0,2932000.0,119471000.0,0.0,-392327000.0,0.0,110562000.0,0.0,0.9218963165075034,2.06705806806715,-1.7342148200597236,-0.03966270425397605,0.0,0.1353785056798941,0.0,0.0,0.0,0.0,0.0,,0.0013760205485735253,0.730218281036835,-0.1613613429960554,0.0,1.0,0.0,0.0,0.0,0.0,4.409090909090909,-0.21881929046563192,0.39496014399588586,0.0,0.0,0.0,Utilities—Regulated Water,Utilities,CDZIP
2015Q4,2015,Q4,2015-12-31,2015-12-31,-7216000.0,21000.0,-3889000.0,0.0,-22000.0,-1.0476190476,55416000.0,-56498000.0,3186000.0,2023000.0,111914000.0,0.0,-383532000.0,0.0,105577000.0,0.0,1.5748887790410282,1.9537137288869642,-1.916297922050338,-0.07513258930902694,0.0,0.12772133526850507,0.0,0.0,0.0,0.0,0.0,,0.00037895192724122996,1.4221453287197232,-0.13021510033203407,0.0,-1.0476190476190477,0.0,0.0,0.0,0.0,0.65625,-0.20972338642078792,-0.06518761983018351,0.0,0.0,0.0,Utilities—Regulated Water,Utilities,CDZIP
2015Q3,2015,Q3,2015-09-30,2015-09-30,-5965000.0,227000.0,-3651000.0,0.0,-64000.0,-0.281938326,59526000.0,-54605000.0,7171000.0,39272000.0,114131000.0,0.0,-376316000.0,0.0,103724000.0,0.0,0.18259828885720106,1.8499311225346908,-2.0166468272136253,-0.0657782212241638,0.0,0.10923908067026829,0.0,0.0,0.0,0.0,0.0,,0.0038134596646843396,0.17004481564473417,-0.10020831233410611,0.0,-0.28193832599118945,0.0,0.0,0.0,0.0,-2.6842105263157894,0.004173622704507512,0.026659557451346308,0.0,0.0,0.0,Utilities—Regulated Water,Utilities,CDZIP
2015Q2,2015,Q2,2015-06-30,2015-06-30,-5990000.0,38000.0,-3751000.0,0.0,38000.0,1.0,63284000.0,-49747000.0,11426000.0,38773000.0,113031000.0,184000.0,-370351000.0,0.0,98173000.0,0.0,0.29468960359012714,1.7189020921559952,-2.186644420769092,-0.06355241758555817,0.0,0.12040927091080869,0.0,0.0,0.0,0.0,0.0,,0.0006004677327602554,0.27599102468212416,-0.09465267682194552,0.0,1.0,0.0,0.0,0.0,0.0,1.1111111111111112,-0.23709211069805866,-0.3800588668138337,0.0,0.0,0.0,Utilities—Regulated Water,Utilities,CDZIP
2015Q1,2015,Q1,2015-03-31,2015-03-31,-4842000.0,18000.0,-2718000.0,0.0,18000.0,1.0,66032000.0,-44116000.0,14441000.0,37389000.0,110148000.0,105000.0,-364361000.0,0.0,92979000.0,0.0,0.3862365936505389,1.6132632662951296,-2.4147021488802247,-0.043559011300011066,0.0,0.10975609756097561,0.0,0.0,0.0,0.0,0.0,,0.00027259510540344074,0.36419802615742597,-0.07332808335352556,0.0,1.0,0.0,0.0,0.0,0.0,1.305084745762712,0.05170387779083431,0.05723204994797086,0.0,0.0,0.0,Utilities—Regulated Water,Utilities,CDZIP
2014Q4,2014,Q4,2014-12-31,2014-12-31,-5106000.0,16000.0,-2883000.0,0.0,-59000.0,-3.6875,68212000.0,-39738000.0,16791000.0,1893000.0,107950000.0,0.0,-359519000.0,0.0,88189000.0,0.0,8.870047543581617,1.530449187826189,-2.627082389652222,-0.044597874019062726,0.0,0.12849162011173185,0.0,0.0,0.0,0.0,0.0,,0.0002345628335190289,8.687268885367143,-0.0748548642467601,0.0,-3.6875,0.0,0.0,0.0,0.0,-3.5652173913043477,-0.11826544021024968,-0.21389473684210528,0.0,0.0,0.0,Utilities—Regulated Water,Utilities,CDZIP
2014Q3,2014,Q3,2014-09-30,2014-09-30,-4566000.0,305000.0,-2375000.0,0.0,23000.0,0.0754098361,55973000.0,-49728000.0,4446000.0,1491000.0,105701000.0,68000.0,-354413000.0,0.0,99183000.0,0.0,2.9818913480885314,1.8320976184946314,-2.0621782496782495,-0.04497387850945968,0.0,0.09181949806949807,0.0,0.0,0.0,0.0,4.147058823529412,,0.005449055794758187,2.6123407109322603,-0.08157504511103568,0.0,0.07540983606557378,0.0,0.0,0.0,0.0,1.0909090909090908,-0.011295681063122924,0.031797798613942115,0.0,0.0,0.0,Utilities—Regulated Water,Utilities,CDZIP
2014Q2,2014,Q2,2014-06-30,2014-06-30,-4515000.0,11000.0,-2453000.0,0.0,11000.0,1.0,57857000.0,-45646000.0,6162000.0,1421000.0,103503000.0,205000.0,-349847000.0,0.0,95109000.0,0.0,4.336382828993666,1.7356586065644606,-2.1999737107304034,-0.04479394275513291,0.0,0.09891337685667967,0.0,0.0,0.0,0.0,0.0,,0.00019012392623191663,3.908515130190007,-0.07803722972155487,0.0,1.0,0.0,0.0,0.0,0.0,1.75,0.038133787814230935,0.0736404833836858,0.0,0.0,0.0,Utilities—Regulated Water,Utilities,CDZIP
2014Q1,2014,Q1,2014-03-31,2014-03-31,-4694000.0,4000.0,-2648000.0,0.0,4000.0,1.0,60197000.0,-41162000.0,8399000.0,1282000.0,101359000.0,111000.0,-345332000.0,0.0,90965000.0,0.0,6.551482059282371,1.6348821369835707,-2.3909188086098827,-0.04626070676854744,0.0,0.11403721879403333,0.0,0.0,0.0,0.0,0.0,,6.644849411100221e-05,6.046021840873635,-0.07797730783926109,0.0,1.0,0.0,0.0,0.0,0.0,1.0263157894736843,0.21505016722408027,0.34617283950617284,0.0,0.0,0.0,Utilities—Regulated Water,Utilities,CDZIP
2013Q4,2013,Q4,2013-12-31,2013-12-31,-5980000.0,111000.0,-4050000.0,0.0,-152000.0,-1.3693693694,64174000.0,-36498000.0,12528000.0,2582000.0,100672000.0,0.0,-340638000.0,0.0,84541000.0,0.0,4.852052672347018,1.5026022999968836,-2.6420077812482874,-0.06759014468209232,0.0,0.16384459422434106,0.0,0.0,0.0,0.0,0.0,,0.0017296724530183564,4.716498838109993,-0.09318415557702496,0.0,-1.3693693693693694,0.0,0.0,0.0,0.0,-0.38181818181818183,-0.24661246612466126,-0.30350820727389766,0.0,0.0,0.0,Utilities—Regulated Water,Utilities,CDZIP
2013Q3,2013,Q3,2013-09-30,2013-09-30,-4797000.0,182000.0,-3107000.0,0.0,-110000.0,-0.6043956044,57978000.0,-32983000.0,6185000.0,2198000.0,90961000.0,217000.0,-334658000.0,0.0,81960000.0,0.0,2.813921747042766,1.5023112214978096,-2.640784646636146,-0.057423552820249676,0.0,0.14543855925779947,0.0,0.0,0.0,0.0,1.3456221198156681,,0.0031391217358308324,2.50090991810737,-0.08273828003725552,0.0,-0.6043956043956044,0.0,0.0,0.0,0.0,-28.5,-0.07531943510423672,-0.08220132358063392,0.0,0.0,0.0,Utilities—Regulated Water,Utilities,CDZIP
2013Q2,2013,Q2,2013-06-30,2013-06-30,-4461000.0,4000.0,-2871000.0,0.0,4000.0,1.0,60148000.0,-28216000.0,8093000.0,1231000.0,88364000.0,298000.0,-329861000.0,0.0,78252000.0,0.0,6.574329813160032,1.4210115049544456,-3.029167848029487,-0.05015533528902444,0.0,0.15810178622058407,0.0,0.0,0.0,0.0,0.0,,6.650262685376072e-05,5.93663688058489,-0.07416705459865665,0.0,1.0,0.0,0.0,0.0,0.0,0.0,0.4003226240086033,0.27205882352941174,0.0,0.0,0.0,Utilities—Regulated Water,Utilities,CDZIP
2013Q1,2013,Q1,2013-03-31,2013-03-31,-7439000.0,4000.0,-3944000.0,0.0,4000.0,1.0,64116000.0,-23770000.0,11912000.0,2288000.0,87886000.0,147000.0,-325400000.0,0.0,72885000.0,0.0,5.206293706293707,1.309127206937426,-3.5311737484223813,-0.06557841934070266,0.0,0.3129575094657131,0.0,0.0,0.0,0.0,0.0,,6.238692370079231e-05,4.849213286713287,-0.1160240813525485,0.0,1.0,0.0,0.0,0.0,0.0,1.0212765957446808,-0.28126076472614536,0.044805037539355774,0.0,0.0,0.0,Utilities—Regulated Water,Utilities,CDZIP
2012Q4,2012,Q4,2012-12-31,2012-12-31,-5806000.0,38000.0,-4129000.0,0.0,-188000.0,-4.9473684211,50518000.0,-16768000.0,2349000.0,2363000.0,67286000.0,0.0,-317961000.0,0.0,61576000.0,0.0,0.9940753279729158,1.2522467239399817,-3.772721851145038,-0.08418374677425655,0.0,0.3462547709923664,0.0,0.0,0.0,0.0,0.0,,0.0007522071340908191,0.8231062209056285,-0.11492933211924462,0.0,-4.947368421052632,0.0,0.0,0.0,0.0,-30.333333333333332,-0.22592905405405406,-0.3458279009126467,0.0,0.0,0.0,Utilities—Regulated Water,Utilities,CDZIP
2012Q3,2012,Q3,2012-09-30,2012-09-30,-4736000.0,287000.0,-3068000.0,0.0,-6000.0,-0.0209059233,51493000.0,-11561000.0,3271000.0,5473000.0,63054000.0,316000.0,-312155000.0,0.0,55469000.0,0.0,0.5976612461173031,1.1038781970364904,-4.9167027073782545,-0.06779763353258571,0.0,0.4096531441916789,0.0,0.0,0.0,0.0,0.9272151898734177,,0.005573573107024256,0.318837931664535,-0.09197366632357797,0.0,-0.020905923344947737,0.0,0.0,0.0,0.0,-2.5,-0.03315881326352531,-0.027461486939048894,0.0,0.0,0.0,Utilities—Regulated Water,Utilities,CDZIP
2012Q2,2012,Q2,2012-06-30,2012-06-30,-4584000.0,6000.0,-2986000.0,0.0,4000.0,0.6666666667,53715000.0,-6891000.0,5696000.0,4407000.0,60606000.0,0.0,-307419000.0,0.0,51130000.0,0.0,1.2924892216927615,1.0266406031834683,-8.002612102742708,-0.061906607832923816,0.0,0.6652154984762734,0.0,0.0,0.0,0.0,0.0,,0.0001117006422786931,0.9489448604492853,-0.08533929070092153,0.0,0.6666666666666666,0.0,0.0,0.0,0.0,-0.8709677419354839,-0.030575539568345324,-0.03500866551126516,0.0,0.0,0.0,Utilities—Regulated Water,Utilities,CDZIP
2012Q1,2012,Q1,2012-03-31,2012-03-31,-4448000.0,31000.0,-2885000.0,0.0,31000.0,1.0,55433000.0,-2372000.0,8778000.0,2582000.0,57805000.0,0.0,-302835000.0,0.0,47634000.0,0.0,3.399690162664601,0.9830786715494381,-22.974283305227654,-0.055387202033815176,0.0,1.8752107925801011,0.0,0.0,0.0,0.0,0.0,,0.0005592336694748615,2.710302091402014,-0.08024101167174788,0.0,1.0,0.0,0.0,0.0,0.0,1.095679012345679,0.06357894736842105,0.10208527855586678,0.0,0.0,0.0,Utilities—Regulated Water,Utilities,CDZIP
2011Q4,2011,Q4,2011-12-31,2011-12-31,-4750000.0,401000.0,-3213000.0,0.0,-324000.0,-0.8079800499,57998000.0,1930000.0,12113000.0,2443000.0,56068000.0,0.0,-298387000.0,0.0,40666000.0,0.0,4.958248055669259,0.8972033518397187,26.96165803108808,-0.059562565540579836,0.0,-2.461139896373057,0.0,0.0,0.0,0.0,0.0,,0.006914031518328218,4.711011051985264,-0.08189937584054623,0.0,-0.8079800498753117,0.0,0.0,0.0,0.0,-1.2344827586206897,-0.15712545676004872,-0.1882396449704142,0.0,0.0,0.0,Utilities—Regulated Water,Utilities,CDZIP
2011Q3,2011,Q3,2011-09-30,2011-09-30,-4105000.0,121000.0,-2704000.0,0.0,-145000.0,-1.1983471074,49321000.0,-4729000.0,4334000.0,1789000.0,54050000.0,0.0,-293637000.0,0.0,47073000.0,0.0,2.422582448295137,1.024411508282476,-10.68407697187566,-0.05907323914656585,0.0,0.8680482131528865,0.0,0.0,0.0,0.0,0.0,,0.0024533160317106303,2.0100614868641697,-0.08323026702621601,0.0,-1.1983471074380165,0.0,0.0,0.0,0.0,-7.590909090909091,-0.10112660944206009,-0.18181818181818182,0.0,0.0,0.0,Utilities—Regulated Water,Utilities,CDZIP
2011Q2,2011,Q2,2011-06-30,2011-06-30,-3728000.0,40000.0,-2288000.0,0.0,22000.0,0.55,47908000.0,-4907000.0,3740000.0,1932000.0,52815000.0,0.0,-289532000.0,0.0,46112000.0,0.0,1.9358178053830228,1.0247140352341988,-10.004483391073975,-0.051796172877174265,0.0,0.7597309965355614,0.0,0.0,0.0,0.0,0.0,,0.0008349336227769892,1.554865424430642,-0.0778158136428154,0.0,0.55,0.0,0.0,0.0,0.0,-0.12,0.12344227604044204,0.2446351931330472,0.0,0.0,0.0,Utilities—Regulated Water,Utilities,CDZIP
2011Q1,2011,Q1,2011-03-31,2011-03-31,-4253000.0,457000.0,-3029000.0,0.0,25000.0,0.0547045952,46739000.0,-2081000.0,3630000.0,1521000.0,48820000.0,0.0,-285803000.0,0.0,42930000.0,0.0,2.386587771203156,0.9786473822717645,-21.980297933685726,-0.06940964444463123,0.0,2.043728976453628,0.0,0.0,0.0,0.0,0.0,,0.00977770170521406,1.9671268902038133,-0.09099467254327222,0.0,0.05470459518599562,0.0,0.0,0.0,0.0,-0.647887323943662,0.026550698100251773,-0.12351632047477745,0.0,0.0,0.0,Utilities—Regulated Water,Utilities,CDZIP
2010Q4,2010,Q4,2010-12-31,2010-12-31,-4369000.0,742000.0,-2696000.0,0.0,71000.0,0.0956873315,48936000.0,946000.0,6487000.0,1892000.0,47990000.0,0.0,-281550000.0,0.0,38508000.0,0.0,3.428646934460888,0.9076957658983161,46.95454545454545,-0.05946991064839327,0.0,-4.618393234672304,0.0,0.0,0.0,0.0,0.0,,0.015162661435344123,3.27061310782241,-0.08927987575608959,0.0,0.09568733153638814,0.0,0.0,0.0,0.0,2.9444444444444446,-0.37433155080213903,-0.29242569511025884,0.0,0.0,0.0,Utilities—Regulated Water,Utilities,CDZIP
2010Q3,2010,Q3,2010-09-30,2010-09-30,-3179000.0,274000.0,-2086000.0,0.0,18000.0,0.0656934307,45022000.0,2854000.0,3779000.0,1123000.0,42168000.0,235000.0,-277181000.0,0.0,36825000.0,0.0,3.365093499554764,0.8843898538492293,13.951296426068675,-0.048901042573766686,0.0,-1.113875262789068,0.0,0.0,0.0,0.0,1.0893617021276596,,0.006085913553373906,2.9162956366874444,-0.0706099240371374,0.0,0.06569343065693431,0.0,0.0,0.0,0.0,3.5,-0.0111323155216285,0.0038204393505253103,0.0,0.0,0.0,Utilities—Regulated Water,Utilities,CDZIP
2010Q2,2010,Q2,2010-06-30,2010-06-30,-3144000.0,4000.0,-2094000.0,0.0,4000.0,1.0,46267000.0,5555000.0,5263000.0,746000.0,40712000.0,270000.0,-274002000.0,0.0,34117000.0,0.0,7.054959785522788,0.837270624851406,6.973537353735374,-0.04729113499748325,0.0,-0.5659765976597659,0.0,0.0,0.0,0.0,0.0,,8.645470853956384e-05,6.254691689008043,-0.06795340091209717,0.0,1.0,0.0,0.0,0.0,0.0,0.3333333333333333,0.39619742654119455,0.4982027318475917,0.0,0.0,0.0,Utilities—Regulated Water,Utilities,CDZIP
2010Q1,2010,Q1,2010-03-31,2010-03-31,-5207000.0,3000.0,-4173000.0,0.0,3000.0,1.0,47871000.0,8136000.0,6803000.0,789000.0,39735000.0,88000.0,-270858000.0,0.0,31528000.0,0.0,8.622306717363752,0.7875958304610307,4.634095378564405,-0.09105350411452359,0.0,-0.6399950835791544,0.0,0.0,0.0,0.0,0.0,,6.266842138246537e-05,7.9505703422053235,-0.10877149004616574,0.0,1.0,0.0,0.0,0.0,0.0,1.0227272727272727,-0.4945464982778416,-0.6901579586877278,0.0,0.0,0.0,Utilities—Regulated Water,Utilities,CDZIP
2009Q4,2009,Q4,2009-12-31,2009-12-31,-3484000.0,622000.0,-2469000.0,0.0,-132000.0,-0.2122186495,50319000.0,11233000.0,9415000.0,1348000.0,39086000.0,0.0,-265651000.0,0.0,27807000.0,0.0,6.984421364985163,0.7290486694886623,3.265823911688774,-0.051540316199807173,0.0,-0.3101575714412891,0.0,0.0,0.0,0.0,0.0,,0.01236113595262227,6.715875370919881,-0.06923825990182635,0.0,-0.21221864951768488,0.0,0.0,0.0,0.0,-0.21100917431192662,-0.11167836630504148,-0.14464534075104313,0.0,0.0,0.0,Utilities—Regulated Water,Utilities,CDZIP
2009Q3,2009,Q3,2009-09-30,2009-09-30,-3134000.0,138000.0,-2157000.0,0.0,-109000.0,-0.7898550725,42190000.0,5442000.0,2238000.0,1087000.0,36748000.0,266000.0,-262167000.0,0.0,34258000.0,0.0,2.058877644894204,0.8457691396065419,6.556964351341419,-0.05246658911848282,0.0,-0.5758912164645351,0.0,0.0,0.0,0.0,0.9285714285714286,,0.0032709172789760605,1.5142594296228151,-0.0742830054515288,0.0,-0.7898550724637681,0.0,0.0,0.0,0.0,-6.7368421052631575,0.28545371637026906,0.3352850539291217,0.0,0.0,0.0,Utilities—Regulated Water,Utilities,CDZIP
2009Q2,2009,Q2,2009-06-30,2009-06-30,-4386000.0,19000.0,-3245000.0,0.0,19000.0,1.0,43583000.0,7635000.0,3498000.0,1253000.0,35948000.0,0.0,-259033000.0,0.0,33552000.0,0.0,2.7916999201915402,0.7966179473647982,4.547347740667976,-0.07663361247591768,0.0,-0.574459724950884,0.0,0.0,0.0,0.0,0.0,,0.00043594979693917354,2.184357541899441,-0.10063556891448501,0.0,1.0,0.0,0.0,0.0,0.0,1.2638888888888888,-0.291899852724595,-0.4683257918552036,0.0,0.0,0.0,Utilities—Regulated Water,Utilities,CDZIP
2009Q1,2009,Q1,2009-03-31,2009-03-31,-3395000.0,29000.0,-2210000.0,0.0,-72000.0,-2.4827586207,45443000.0,9414000.0,5169000.0,845000.0,36029000.0,0.0,-254647000.0,0.0,33753000.0,0.0,6.11715976331361,0.7747947978786612,3.7400679838538347,-0.04954062140794262,0.0,-0.3606330996388358,0.0,0.0,0.0,0.0,0.0,,0.0006381620931716656,5.319526627218935,-0.0747089760799243,0.0,-2.4827586206896552,0.0,0.0,0.0,0.0,0.5932203389830508,-0.59689557855127,0.14041229093737845,0.0,0.0,0.0,Utilities—Regulated Water,Utilities,CDZIP
2008Q4,2008,Q4,2008-12-31,2008-12-31,-2126000.0,712000.0,-2571000.0,0.0,-177000.0,-0.2485955056,47412000.0,12406000.0,7087000.0,1031000.0,35006000.0,0.0,-251252000.0,0.0,31970000.0,0.0,6.873908826382153,0.7167805618830676,2.7393196840238594,-0.03145380509059487,0.0,-0.1713686925681122,0.0,0.0,0.0,0.0,0.0,,0.015017295199527545,6.382153249272551,-0.044840968531173545,0.0,-0.24859550561797752,0.0,0.0,0.0,0.0,-4.218181818181818,0.39013195639701664,-0.07979840403191936,0.0,0.0,0.0,Utilities—Regulated Water,Utilities,CDZIP
2008Q3,2008,Q3,2008-09-30,2008-09-30,-3486000.0,247000.0,-2381000.0,0.0,55000.0,0.2226720648,44177000.0,10048000.0,3974000.0,1315000.0,34129000.0,459000.0,-247506000.0,0.0,30091000.0,0.0,3.0220532319391635,0.7429884328949453,3.2666202229299364,-0.05557059130291845,0.0,-0.3469347133757962,0.0,0.0,0.0,0.0,0.41830065359477125,,0.005591144713312357,2.2311787072243345,-0.07890983996197116,0.0,0.22267206477732793,0.0,0.0,0.0,0.0,3.5833333333333335,0.057328285559762035,0.09844755774327905,0.0,0.0,0.0,Utilities—Regulated Water,Utilities,CDZIP
2008Q2,2008,Q2,2008-06-30,2008-06-30,-3698000.0,16000.0,-2641000.0,0.0,12000.0,0.75,45449000.0,12627000.0,5155000.0,1106000.0,32822000.0,0.0,-244020000.0,0.0,27467000.0,0.0,4.660940325497288,0.6980351602895554,2.512473271560941,-0.05959470258353885,0.0,-0.29286449671339193,0.0,0.0,0.0,0.0,0.0,,0.00035204294923980726,3.868896925858951,-0.08136592664305045,0.0,0.75,0.0,0.0,0.0,0.0,2.0,0.2572805784294035,0.3410678642714571,0.0,0.0,0.0,Utilities—Regulated Water,Utilities,CDZIP
2008Q1,2008,Q1,2008-03-31,2008-03-31,-4979000.0,17000.0,-4008000.0,0.0,4000.0,0.2352941176,47851000.0,15486000.0,7477000.0,1710000.0,32365000.0,0.0,-240322000.0,0.0,23967000.0,0.0,4.372514619883041,0.6408225533426679,1.9801110680614749,-0.08686468348055387,0.0,-0.32151620818804083,0.0,0.0,0.0,0.0,0.0,,0.000355269482351466,3.9345029239766083,-0.10405216191929113,0.0,0.23529411764705882,0.0,0.0,0.0,0.0,1.0258064516129033,-0.06366161076693014,-0.056962025316455694,0.0,0.0,0.0,Utilities—Regulated Water,Utilities,CDZIP
2007Q4,2007,Q4,2007-12-31,2007-12-31,-4681000.0,63000.0,-3792000.0,0.0,-155000.0,-2.4603174603,49572000.0,18759000.0,9157000.0,1161000.0,30813000.0,0.0,-235343000.0,0.0,20740000.0,0.0,7.887166236003445,0.5983418058581458,1.5811610426995042,-0.07823118350371086,0.0,-0.24953355722586493,0.0,0.0,0.0,0.0,0.0,,0.001270878721859114,7.7011197243755385,-0.09442830630194464,0.0,-2.4603174603174605,0.0,0.0,0.0,0.0,-26.833333333333332,-0.10976766239924135,-0.11562224183583407,0.0,0.0,0.0,Utilities—Regulated Water,Utilities,CDZIP
2007Q3,2007,Q3,2007-09-30,2007-09-30,-4218000.0,6000.0,-3399000.0,0.0,6000.0,1.0,51834000.0,21380000.0,11452000.0,1815000.0,30454000.0,0.0,-230662000.0,0.0,26308000.0,0.0,6.309641873278237,0.5526874252421191,1.3399438727782975,-0.06795806394897397,0.0,-0.19728718428437791,0.0,0.0,0.0,0.0,0.0,,0.00011575413821044102,6.139944903581267,-0.08137515916194003,0.0,1.0,0.0,0.0,0.0,0.0,0.2,-0.9545875810936052,-1.4453237410071942,0.0,0.0,0.0,Utilities—Regulated Water,Utilities,CDZIP
2007Q2,2007,Q2,2007-06-30,2007-06-30,-2158000.0,5000.0,-1390000.0,0.0,5000.0,1.0,52995000.0,24151000.0,13289000.0,1163000.0,28844000.0,0.0,-226444000.0,0.0,23592000.0,0.0,11.426483233018057,0.5225021228417775,1.1465363753053703,-0.026850080723805177,0.0,-0.08935447807544201,0.0,0.0,0.0,0.0,0.0,,9.434852344560808e-05,10.981083404987102,-0.040720822719124444,0.0,1.0,0.0,0.0,0.0,0.0,0.25,0.1622670807453416,0.23119469026548672,0.0,0.0,0.0,Utilities—Regulated Water,Utilities,CDZIP
2007Q1,2007,Q1,2007-03-31,2007-03-31,-2576000.0,352000.0,-1808000.0,0.0,4000.0,0.0113636364,53942000.0,26272000.0,14607000.0,914000.0,27670000.0,0.0,-224286000.0,0.0,21133000.0,0.0,15.981400437636761,0.49618108338585887,1.0187652253349573,-0.034155705292138544,0.0,-0.09805115712545676,0.0,0.0,0.0,0.0,0.0,,0.006525527418338215,15.554704595185996,-0.04775499610692967,0.0,0.011363636363636364,0.0,0.0,0.0,0.0,1.0188679245283019,0.06835443037974684,0.09825436408977556,0.0,0.0,0.0,Utilities—Regulated Water,Utilities,CDZIP
