Year,Date,FillingDate,NetIncome,Revenue,OperatingIncome,EPSDiluted,GrossProfit,GrossProfitRatio,TotalAssets,CommonStockEquity,CurrentAssets,CurrentLiability,TotalLiability,Inventory,RetainedEarnings,EnterpriseValue,bookValuePerShare,currentRatio,debtToAssets,debtToEquity,roic,shareholdersEquityPerShare,roe,priceToSalesRatio,peRatio,pbRatio,payoutRatio,inventoryTurnover,dividendYield,assetTurnover,quickRatio,returnOnAssets,priceToFreeCashFlowsRatio,grossProfitMargin,epsdilutedGrowth,fiveYNetIncomeGrowthPerShare,fiveYRevenueGrowthPerShare,fiveYShareholdersEquityGrowthPerShare,grossProfitGrowth,netIncomeGrowth,operatingIncomeGrowth,threeYNetIncomeGrowthPerShare,threeYRevenueGrowthPerShare,threeYShareholdersEquityGrowthPerShare,Industry,Sector,Price,MarketCap,AvgVolume,Symbol
2022,2022-12-31,2023-03-30,-24832000.0,1501000.0,-16562000.0,0.0,-566000.0,-0.3770819454,110787000.0,34223000.0,12435000.0,5639000.0,76564000.0,1288000.0,-603298000.0,60391000.0,0.0,2.2051782230892,0.6353453022466535,2.0567454635771263,-0.1315765358342332,0.0,-0.7255938988399614,0.0,0.0,0.0,-0.20562177835051546,1.6048136645962734,,0.013548521035861608,1.8533427912750489,-0.22414182169388105,0.0,-0.3770819453697535,0.0,0.0,0.0,0.0,-2.00354609929078,0.18065133467515757,0.05424851530379168,0.0,0.0,0.0,Utilities—Regulated Water,Utilities,16.14,981894638,2308,CDZIP
2021,2021-12-31,2022-03-29,-30307000.0,564000.0,-17512000.0,0.0,564000.0,1.0,112493000.0,40609000.0,13214000.0,2513000.0,71884000.0,1288000.0,-573400000.0,57755000.0,0.0,5.258257063270991,0.6108824549083054,1.6922357112955255,-0.13325052379144212,0.0,-0.7463123938043291,0.0,0.0,0.0,-0.04781073679348005,0.0,,0.005013645293484928,4.47075208913649,-0.2694123189887371,0.0,1.0,0.0,0.0,0.0,0.0,0.04251386321626617,0.14982607719928187,-0.4898757869661392,0.0,0.0,0.0,Utilities—Regulated Water,Utilities,16.14,981894638,2308,CDZIP
2020,2020-12-31,2020-12-31,-35648000.0,541000.0,-11754000.0,0.0,541000.0,1.0,74363000.0,-25301000.0,8036000.0,3135000.0,99664000.0,0.0,-539414000.0,88540000.0,0.0,2.563317384370016,1.2886785094737974,-3.787597328168847,-0.13403306869168718,0.0,1.4089561677404054,0.0,0.0,0.0,0.0,0.0,,0.0072751233812514285,2.342902711323764,-0.4793781853878945,0.0,1.0,0.0,0.0,0.0,0.0,0.22675736961451248,-0.22763275707693367,0.01960130119276003,0.0,0.0,0.0,Utilities—Regulated Water,Utilities,16.14,981894638,2308,CDZIP
2019,2019-12-31,2019-12-31,-29038000.0,441000.0,-11989000.0,0.0,441000.0,1.0,76724000.0,-82118000.0,16117000.0,4805000.0,158842000.0,0.0,-501597000.0,137680000.0,0.0,3.3542143600416234,1.9988790991084928,-1.8675807983633308,-0.13781723650949432,0.0,0.35361309335346697,0.0,0.0,0.0,0.0,0.0,,0.005747875501798655,3.273881373569199,-0.3784734893905427,0.0,1.0,0.0,0.0,0.0,0.0,0.0022727272727272726,-0.10524112206447683,-0.06853832442067737,0.0,0.0,0.0,Utilities—Regulated Water,Utilities,16.14,981894638,2308,CDZIP
2018,2018-12-31,2018-12-31,-26273000.0,440000.0,-11220000.0,0.0,440000.0,1.0,69309000.0,-86240000.0,13004000.0,4142000.0,155549000.0,0.0,-470008000.0,138158000.0,0.0,3.1395461129888944,2.1745516455294407,-1.747634508348794,-0.1422612459801764,0.0,0.30464981447124306,0.0,0.0,0.0,0.0,0.0,,0.0063483818840266056,3.0410429744084984,-0.3790705391796159,0.0,1.0,0.0,0.0,0.0,0.0,0.006864988558352402,0.22416135128750295,0.11234177215189874,0.0,0.0,0.0,Utilities—Regulated Water,Utilities,16.14,981894638,2308,CDZIP
2017,2017-12-31,2017-12-31,-33864000.0,437000.0,-12640000.0,0.0,437000.0,1.0,66505000.0,-78699000.0,13477000.0,6487000.0,145204000.0,0.0,-443735000.0,125422000.0,0.0,2.077539694774164,2.0818284339523343,-1.7592599651838017,-0.17310237313018495,0.0,0.4302977166164754,0.0,0.0,0.0,0.0,0.0,,0.006570934516201789,2.014182210574996,-0.5091947973836554,0.0,1.0,0.0,0.0,0.0,0.0,0.06067961165048544,-0.2856980143513421,-0.3724212812160695,0.0,0.0,0.0,Utilities—Regulated Water,Utilities,16.14,981894638,2308,CDZIP
2016,2016-12-31,2016-12-31,-26339000.0,412000.0,-9210000.0,0.0,412000.0,1.0,67099000.0,-54317000.0,15602000.0,4562000.0,121416000.0,0.0,-409871000.0,102659000.0,0.0,3.4199912319158265,1.711366786390259,-2.1140895115709633,-0.12652846662551165,0.0,0.48491264245079807,0.0,0.0,0.0,0.0,0.0,,0.006140180926690413,2.6766768960982024,-0.3925393821070359,0.0,1.0,0.0,0.0,0.0,0.0,14.733333333333333,-0.09686419855911381,0.34256549361124994,0.0,0.0,0.0,Utilities—Regulated Water,Utilities,16.14,981894638,2308,CDZIP
2015,2015-12-31,2015-12-31,-24013000.0,304000.0,-14009000.0,0.0,-30000.0,-0.0986842105,55416000.0,-56498000.0,3186000.0,2023000.0,111914000.0,0.0,-383532000.0,105577000.0,0.0,1.5748887790410282,1.9537137288869642,-1.916297922050338,-0.2706510451833925,0.0,0.4250238946511381,0.0,0.0,0.0,0.0,0.0,,0.005485780280063519,1.4221453287197232,-0.4333225061354122,0.0,-0.09868421052631579,0.0,0.0,0.0,0.0,-0.42857142857142855,-0.27180763730734603,-0.3523506129935322,0.0,0.0,0.0,Utilities—Regulated Water,Utilities,16.14,981894638,2308,CDZIP
2014,2014-12-31,2014-12-31,-18881000.0,336000.0,-10359000.0,0.0,-21000.0,-0.0625,68212000.0,-39738000.0,16791000.0,1893000.0,107950000.0,0.0,-359519000.0,88189000.0,0.0,8.870047543581617,1.530449187826189,-2.627082389652222,-0.16024862044604452,0.0,0.4751371483215059,0.0,0.0,0.0,0.0,0.0,,0.0049258195038996075,8.687268885367143,-0.27679880372954907,0.0,-0.0625,0.0,0.0,0.0,0.0,0.9173228346456693,0.16739427613881908,0.2585886057829946,0.0,0.0,0.0,Utilities—Regulated Water,Utilities,16.14,981894638,2308,CDZIP
2013,2013-12-31,2013-12-31,-22677000.0,301000.0,-13972000.0,0.0,-254000.0,-0.8438538206,64174000.0,-36498000.0,12528000.0,2582000.0,100672000.0,0.0,-340638000.0,84541000.0,0.0,4.852052672347018,1.5026022999968836,-2.6420077812482874,-0.23320036315139042,0.0,0.6213217162584251,0.0,0.0,0.0,0.0,0.0,,0.004690373048275002,4.716498838109993,-0.3533674073612366,0.0,-0.8438538205980066,0.0,0.0,0.0,0.0,-0.5974842767295597,-0.1585266169408399,-0.06917661463116008,0.0,0.0,0.0,Utilities—Regulated Water,Utilities,16.14,981894638,2308,CDZIP
2012,2012-12-31,2012-12-31,-19574000.0,362000.0,-13068000.0,0.0,-159000.0,-0.4392265193,50518000.0,-16768000.0,2349000.0,2363000.0,67286000.0,0.0,-317961000.0,61576000.0,0.0,0.9940753279729158,1.2522467239399817,-3.772721851145038,-0.27667858387392275,0.0,1.1673425572519085,0.0,0.0,0.0,0.0,0.0,,0.0071657626984441185,0.8231062209056285,-0.3874658537550972,0.0,-0.43922651933701656,0.0,0.0,0.0,0.0,0.6232227488151659,-0.1625586505909604,-0.1632544062666904,0.0,0.0,0.0,Utilities—Regulated Water,Utilities,16.14,981894638,2308,CDZIP
2011,2011-12-31,2011-12-31,-16837000.0,1019000.0,-11234000.0,0.0,-422000.0,-0.4141315015,57998000.0,1930000.0,12113000.0,2443000.0,56068000.0,0.0,-298387000.0,40666000.0,0.0,4.958248055669259,0.8972033518397187,26.96165803108808,-0.2082546879442964,0.0,-8.723834196891191,0.0,0.0,0.0,0.0,0.0,,0.01756957136452981,4.711011051985264,-0.2903031139004793,0.0,-0.4141315014720314,0.0,0.0,0.0,0.0,-5.395833333333333,-0.05899742122146047,-0.016743596705584216,0.0,0.0,0.0,Utilities—Regulated Water,Utilities,16.14,981894638,2308,CDZIP
2010,2010-12-31,2010-12-31,-15899000.0,1023000.0,-11049000.0,0.0,96000.0,0.0938416422,48936000.0,946000.0,6487000.0,1892000.0,47990000.0,0.0,-281550000.0,38508000.0,0.0,3.428646934460888,0.9076957658983161,46.95454545454545,-0.24364975797135688,0.0,-16.806553911205075,0.0,0.0,0.0,0.0,0.0,,0.0209048553212359,3.27061310782241,-0.3248937387608305,0.0,0.093841642228739,0.0,0.0,0.0,0.0,1.3265306122448979,-0.10417390096534482,-0.09602222001785538,0.0,0.0,0.0,Utilities—Regulated Water,Utilities,16.14,981894638,2308,CDZIP
2009,2009-12-31,2009-12-31,-14399000.0,808000.0,-10081000.0,0.0,-294000.0,-0.3638613861,50319000.0,11233000.0,9415000.0,1348000.0,39086000.0,0.0,-265651000.0,27807000.0,0.0,6.984421364985163,0.7290486694886623,3.265823911688774,-0.2104386921498013,0.0,-1.281848126057153,0.0,0.0,0.0,0.0,0.0,,0.016057552813052725,6.715875370919881,-0.2861543353405274,0.0,-0.36386138613861385,0.0,0.0,0.0,0.0,-1.7735849056603774,0.09491482808473191,0.13102318765623652,0.0,0.0,0.0,Utilities—Regulated Water,Utilities,16.14,981894638,2308,CDZIP
2008,2008-12-31,2008-12-31,-15909000.0,992000.0,-11601000.0,0.0,-106000.0,-0.1068548387,47412000.0,12406000.0,7087000.0,1031000.0,35006000.0,0.0,-251252000.0,31970000.0,0.0,6.873908826382153,0.7167805618830676,2.7393196840238594,-0.25016979758605257,0.0,-1.2823633725616637,0.0,0.0,0.0,0.0,0.0,,0.0209229730869822,6.382153249272551,-0.33554796254112884,0.0,-0.10685483870967742,0.0,0.0,0.0,0.0,0.24285714285714285,-0.1669478471356268,-0.11666185388391569,0.0,0.0,0.0,Utilities—Regulated Water,Utilities,16.14,981894638,2308,CDZIP
TTM,,,,,,,,,,,,,,,,1014146638.0,0.9710080143044159,5.425861116227666,0.4588818239550911,0.9622998257209562,-0.1199894078244863,0.9710080143044159,-0.7157036128054283,659.8754287634408,-33.98814321734745,16.621901943375754,-0.17165910237014625,4.315415019762846,0.137546468401487,0.011666287721388979,4.881561981948794,-0.23320815072091072,-40.080604049310146,-2.6686827956989245,,,,,,,,,,,Utilities—Regulated Water,Utilities,16.14,981894638,2308,CDZIP
