Quarters,Year,Quarter,FillingDate,Date,NetIncome,Revenue,OperatingIncome,EPSDiluted,GrossProfit,GrossProfitRatio,TotalAssets,CommonStockEquity,CurrentAssets,CurrentLiability,TotalLiability,Inventory,RetainedEarnings,MarketCap,EnterpriseValue,bookValuePerShare,currentRatio,debtToAssets,debtToEquity,roic,shareholdersEquityPerShare,roe,priceToSalesRatio,peRatio,pbRatio,payoutRatio,inventoryTurnover,dividendYield,assetTurnover,quickRatio,returnOnAssets,priceToFreeCashFlowsRatio,grossProfitMargin,epsdilutedGrowth,fiveYNetIncomeGrowthPerShare,fiveYRevenueGrowthPerShare,fiveYShareholdersEquityGrowthPerShare,grossProfitGrowth,netIncomeGrowth,operatingIncomeGrowth,threeYNetIncomeGrowthPerShare,threeYRevenueGrowthPerShare,threeYShareholdersEquityGrowthPerShare,Industry,Sector,Symbol
2023Q1,2023,Q1,2023-05-03,2023-03-31,880515000.0,2580252000.0,1101763000.0,7.47,1276540000.0,0.4947346228,17564358000.0,9212735000.0,6657575000.0,3505369000.0,8105288000.0,3180825000.0,6792938000.0,25912961280.0,27561787280.0,78.58549713388835,1.8992508349334978,0.18421168596085322,0.351205152433018,0.06732902500334777,78.58549713388835,0.09557585233918049,10.042802516963459,7.357331016507385,2.8127327313767303,0.05256242085597633,0.4098659938852342,0.0017860560010839485,0.14690272197822432,0.9274940812222622,0.050130781893650764,84.85703103100481,0.4947346228197866,0.05063291139240498,5.309283941827368,1.9649219404589338,1.2887399733905647,0.27485846168903216,0.04949778721243595,0.32263036773912407,6.442425758832543,2.16444481996637,1.1526284150407164,Specialty Chemicals,Basic Materials,ALB
2022Q4,2022,Q4,2023-02-15,2022-12-31,838987000.0,2620978000.0,833009000.0,7.11,1001319000.0,0.3820402155,15456522000.0,7982627000.0,5186917000.0,2741015000.0,7265675000.0,2076031000.0,5601277000.0,25407317600.0,27125275600.0,68.13440594059406,1.8923344089689402,0.20813867440553574,0.40301269243821614,0.07166539331043645,68.13440594059406,0.10510161629749204,9.69383092876018,7.570831729216306,3.182826605827881,0.055142689934408996,0.7801709126694159,0.0018208927336744905,0.1695710069833304,1.049221182664086,0.05428045196713724,50.159056333718304,0.38204021552260264,0.2473684210526316,4.3490599011306115,1.8820739418592285,1.0491040398413656,-0.04071127614689973,0.24789461002317342,-0.06506116319500953,7.400557516351923,1.3899175878696395,0.837311463595339,Specialty Chemicals,Basic Materials,ALB
2022Q3,2022,Q3,2022-11-02,2022-09-30,672322000.0,2091805000.0,890977000.0,5.7,1043814000.0,0.49900158,13828502000.0,6732636000.0,4296971000.0,2487951000.0,6863875000.0,1614299000.0,4515115000.0,30975443840.0,32962609840.0,57.47708646359787,1.7271123908790809,0.24369732889361406,0.5005422838840538,0.06821199434148105,57.47708646359787,0.09986014393173788,14.807997800942248,11.518083537352638,4.60078991943126,0.06882267722906583,0.6491926216890427,0.0014937961902663087,0.15126764995948225,1.026398429872614,0.04861857054364963,53.22570440783279,0.4990015799751889,1.1509433962264153,4.343353812707239,1.6135383906951533,0.6286569353828526,0.7983646437776521,1.1518711032019358,1.0524883896649588,2.9233848829254305,1.1516656210376186,0.5880151166852667,Specialty Chemicals,Basic Materials,ALB
2022Q2,2022,Q2,2022-08-03,2022-06-30,312436000.0,1479593000.0,434096000.0,2.65,580424000.0,0.3922862571,12520405000.0,6085291000.0,3350104000.0,1781762000.0,6219430000.0,1216213000.0,3664172000.0,24474901680.0,27001339680.0,51.959518767717476,1.8802196926413293,0.2761119947797216,0.5680967434425075,0.03540436908757751,51.959518767717476,0.051342819924306005,16.541644682017285,19.583932133300898,4.021977203719592,0.1480527211973012,0.7393186884205316,0.0018899769488267052,0.11817453189413601,1.1321489626560675,0.024954144853940426,-58.7246365656207,0.3922862570990806,0.4247311827956988,1.8575806274345248,0.8967025858094578,0.5292345823458057,0.29261741977150746,0.4259256723761016,0.39142698707284784,0.8332096956946031,0.5125275624335744,0.4485584928403543,Specialty Chemicals,Basic Materials,ALB
2022Q1,2022,Q1,2022-05-04,2022-03-31,219111000.0,1127728000.0,311979000.0,1.86,449030000.0,0.3981722543,11416058000.0,5826600000.0,2336483000.0,2103338000.0,5381006000.0,1013793000.0,3303661000.0,25889145900.0,27915311900.0,49.77192353031623,1.1108452374273654,0.21806923195379702,0.4272630693715031,0.027432732699550558,49.77192353031623,0.03760529296673875,22.956906186598186,29.538847775784877,4.443268098033158,0.2082825599810142,0.6694640819181036,0.0017627850751152049,0.09878436146697923,0.5673282182892145,0.01919322764477896,-1014.3854674398558,0.3981722543024559,10.299999999999999,3.0927660193574216,0.49404000086197214,0.532233589275438,0.897892592373433,10.491076843108377,114.1999274310595,0.48254979779648666,0.2248937389950644,0.4339397707207924,Specialty Chemicals,Basic Materials,ALB
2021Q4,2021,Q4,2022-02-22,2021-12-31,-23086000.0,894204000.0,-2756000.0,-0.2,236594000.0,0.2645861571,10974118000.0,5625266000.0,2007981000.0,1874335000.0,5168511000.0,812920000.0,3096539000.0,27350856230.0,29432820230.0,48.07960751801298,1.0713031555191574,0.22974383909485938,0.44819853852244496,-0.000953884719978135,48.07960751801298,-0.004103983704948353,30.586819372313254,-296.18444327731095,4.8621445154771346,-1.9759594559473275,0.8089479899621119,0.0016678454091672871,0.08148299480650746,0.6078582537273219,-0.002103677033543835,-61.15243859794257,0.26458615707377736,0.941860465116279,-1.625989269222337,0.23406783916244572,0.4250968260541531,-0.0508639122568429,0.9425919893370203,0.0,-1.1614555039281502,-0.12068748931020674,0.422036615529023,Specialty Chemicals,Basic Materials,ALB
2021Q3,2021,Q3,2021-11-04,2021-09-30,-402139000.0,830566000.0,,-3.44,249273000.0,0.3001242526,10832325000.0,5694116000.0,2078106000.0,1591042000.0,4937093000.0,745598000.0,3145999000.0,25611826050.0,27038875050.0,48.68222117727525,1.3061289393994628,0.18667257490889536,0.3551206192497659,0.0,48.68222117727525,-0.07062360513905934,30.836593419427235,-15.922247065069541,4.497945958600071,-0.11339114087417534,0.7796332608188327,0.001780388478001552,0.07667476742065993,0.7366826268571163,-0.03712397846261075,-169.5125854617416,0.30012425261809417,-1.9502762430939227,-4.8825592367491755,0.2207091016876662,0.6590654578053372,0.0034458189254358597,-1.9471008007536506,0.0,-3.843741186410561,-0.02019477598056651,0.4804657178496113,Specialty Chemicals,Basic Materials,ALB
2021Q2,2021,Q2,2021-08-04,2021-06-30,424600000.0,773896000.0,542333000.0,3.62,248417000.0,0.3209953275,10796926000.0,6165549000.0,2151354000.0,984928000.0,4431155000.0,732563000.0,3584400000.0,19677644140.0,20898489140.0,52.78316739292349,2.1842753988108776,0.18935176549325244,0.33158717901682394,0.05285297408156406,52.78316739292349,0.06886653564832589,25.426729353814984,11.585989248704664,3.191547766468161,0.1071761658031088,0.7173157803492669,0.002312624401388326,0.07167743855982713,1.357510396699048,0.039326008161952766,1843.8572095202398,0.3209953275375503,3.3095238095238098,3.9957374279585696,0.11198391521046903,0.8784705267362766,-0.05790956702454046,3.4378481766777806,2.479527023559,0.3180324527540348,-0.1490494766377647,0.567256975665131,Specialty Chemicals,Basic Materials,ALB
2021Q1,2021,Q1,2021-05-05,2021-03-31,95677000.0,829291000.0,155864000.0,0.84,263687000.0,0.3179667933,10290302000.0,5746384000.0,2009394000.0,953256000.0,4347749000.0,685779000.0,3205408000.0,16450817120.000002,17911606120.0,51.03723177490408,2.1079269367305318,0.1973360937317486,0.3533784028355919,0.016448061045012584,51.03723177490408,0.0166499489069996,19.83720686707079,42.98529719786365,2.862812008386492,0.42988388013838225,0.8247613298161652,0.002500179760067748,0.08058956870264837,1.2204287200919794,0.009297783485849103,-756.9162197478606,0.3179667933210417,0.5272727272727271,-0.5819424624826548,-0.04454867026245746,0.6183463399483186,-0.0065292743576218825,0.6347218425369054,1.3063969576347683,-0.28617869848959077,-0.007805687547906268,0.4864187000739831,Specialty Chemicals,Basic Materials,ALB
2020Q4,2020,Q4,2021-02-19,2020-12-31,58528000.0,879147000.0,67579000.0,0.55,265420000.0,0.3019062796,10450946000.0,4268227000.0,2206184000.0,1801849000.0,5982352000.0,750237000.0,3155252000.0,15735220800.000002,18677319800.0,40.015253363333805,1.224400046840773,0.3529654636049215,0.8642518310296055,0.010116006158268714,40.015253363333805,0.013712485301273808,17.89828185730032,67.21236331328595,3.686594175989234,0.7002118644067796,0.8180441647106181,0.002604475686798116,0.08412128433158109,0.7684056766133012,0.005600258579462568,145.56978925749812,0.3019062796096671,-0.4021739130434782,-0.6466672238210577,-0.0059419435033154664,0.3796713899676488,0.04473029568284158,-0.40460422579627875,-0.5321050736678853,1.256618990945142,0.06184387674294744,0.2034362990347983,Specialty Chemicals,Basic Materials,ALB
2020Q3,2020,Q3,2020-11-04,2020-09-30,98301000.0,746868000.0,144432000.0,0.92,254056000.0,0.3401618492,10231983000.0,4124881000.0,2227012000.0,1612739000.0,5906602000.0,828080000.0,3111749000.0,9498142080.0,12340389080.0,38.772780253040814,1.3808880420204386,0.3463961971007966,0.8592538790816026,0.014083177781045139,38.772780253040814,0.02383123294950812,12.717296871736371,24.155761589403973,2.3026463260394663,0.4163436791080457,0.595126074775384,0.004308947966379546,0.07299347545827627,0.7935326174911129,0.009607228628116369,184.72765972343777,0.3401618492156579,0.15,0.5854386219833118,-0.12970444725185298,0.38349458050312324,0.08869167248745495,0.14805428384565075,0.2872727272727273,-0.13979798670692556,0.02744231647879828,0.09865620107907977,Specialty Chemicals,Basic Materials,ALB
2020Q2,2020,Q2,2020-08-05,2020-06-30,85624000.0,764049000.0,112200000.0,0.8,233359000.0,0.3054241286,10170253000.0,4024472000.0,2292409000.0,1420803000.0,5964092000.0,851256000.0,3054434000.0,8209662089.999999,11033166090.0,37.84924150513971,1.6134601348673954,0.3500601214148753,0.8846377860250985,0.012166235733517715,37.84924150513971,0.021275834444866307,10.744941868911548,23.970096263897968,2.0399351989528065,0.4779851443520508,0.6234199817681167,0.004985223453941209,0.07512585970083537,0.9369905609715069,0.008419062927933062,-54.153801080482054,0.30542412855719986,-0.20792079207920788,0.7324660438626364,-0.13454619147125194,0.33569226389298495,-0.03577833053739805,-0.20129845901272342,-0.09548224823449744,-0.13742386582673646,0.07880433142292663,0.11395121428990243,Specialty Chemicals,Basic Materials,ALB
2020Q1,2020,Q1,2020-05-11,2020-03-31,107204000.0,738845000.0,124044000.0,1.01,242018000.0,0.3275626146,9847638000.0,3878004000.0,2155181000.0,1192926000.0,5806113000.0,853500000.0,3009749000.0,5988015990.0,8599453990.0,36.50676381710864,1.8066342757220482,0.32136295018155625,0.8160553728154999,0.014750328862117013,36.50676381710864,0.02764411795346266,8.104563189843608,13.964068481586507,1.5440974248608306,0.3636244916234469,0.5821054481546573,0.006510002656155232,0.07502763606866947,0.9604082734385871,0.010886265315601568,-100.68122723833544,0.32756261462147,0.1882352941176471,1.531010145737399,-0.14961825842896115,0.2695368732459004,-0.2850512981852879,0.18600303127523757,0.23185397777490888,1.206782792741234,0.07871585770662956,0.12386433532647641,Specialty Chemicals,Basic Materials,ALB
2019Q4,2019,Q4,2020-02-26,2019-12-31,90391000.0,992564000.0,100697000.0,0.85,338511000.0,0.3410470257,9860863000.0,3932250000.0,2225109000.0,1408996000.0,5767283000.0,768984000.0,2943478000.0,7744942480.000001,10319912480.0,37.08375378405651,1.5792159807408963,0.3233063880919956,0.810752113929684,0.014778207373805585,37.08375378405651,0.022987093902981752,7.802965330195334,21.420668208118066,1.9695956462585034,0.43016450752840435,0.8505417537946173,0.0050204375436497745,0.10065691004935369,0.969170955772763,0.00916664190548028,59.39555262431364,0.3410470256829786,-0.4178082191780822,4.24438318005591,0.22203791610928303,1.1316274090920415,0.09243965959589114,-0.417095505255691,-0.4590458078830172,1.7043824311640605,0.5114217346446989,0.09917577417896342,Specialty Chemicals,Basic Materials,ALB
2019Q3,2019,Q3,2019-11-06,2019-09-30,155070000.0,879747000.0,186147000.0,1.46,309867000.0,0.352222855,8141603000.0,3836559000.0,1969752000.0,1421243000.0,4133266000.0,802434000.0,2892057000.0,7369050480.0,8997777480.0,36.19429428579515,1.3859361136695132,0.23908682356533473,0.507368712432156,0.0270907266579166,36.19429428579515,0.040419031741724815,8.37632919464346,11.880200038692202,1.9207447298477618,0.25155091249113304,0.7101892492092807,0.005293490675069986,0.10805574774402535,0.7327501349171113,0.01904661772380697,-158.54239414802066,0.35222285497989764,0.006896551724137937,0.5724667783300955,0.010856178285089306,0.9440561926229548,-0.049236915259853825,0.005655066862086409,0.002207422322962038,0.6520524860572351,0.42675691267037447,0.23348322995653348,Specialty Chemicals,Basic Materials,ALB
2019Q2,2019,Q2,2019-08-07,2019-06-30,154198000.0,885052000.0,185737000.0,1.45,325914000.0,0.3682427699,8094414000.0,3800801000.0,2036637000.0,1399981000.0,4120011000.0,814022000.0,2775940000.0,7452237130.0,8962605130.0,35.86981059068903,1.4547604574633513,0.23578618538661353,0.5021444164006482,0.0265201295256492,35.86981059068903,0.0405698693512236,8.420112185498706,12.082253223128705,1.9607017389229269,0.2524416659100637,0.686883155492112,0.005223397930172949,0.10934108386351378,0.8058666510474071,0.01904992751791544,-135.19533271651972,0.3682427699163439,0.15079365079365076,0.45351507692418963,0.08650736179061963,0.8773298136734796,0.14966523920052488,0.15444451931211584,0.19711383528623175,0.9999936316367299,0.40189326337795606,0.27655056189855737,Specialty Chemicals,Basic Materials,ALB
2019Q1,2019,Q1,2019-05-08,2019-03-31,133569000.0,832064000.0,155154000.0,1.26,283486000.0,0.3407021575,7871062000.0,3672274000.0,1987176000.0,1278191000.0,4007023000.0,756193000.0,2660684000.0,8908275800.0,10283888800.0,34.70991219198669,1.5546784479001965,0.23388038361278313,0.5012934764671699,0.021198861726335623,34.70991219198669,0.03637228594598333,10.706238702792094,16.673546631329124,2.4258200232335607,0.2649342287506832,0.725447075019208,0.003972373643842504,0.10571178323839908,0.8808034167037634,0.01696962874895408,-55.25677228066693,0.34070215752634414,0.04132231404958681,0.7790458479919802,-0.04507109381468046,0.7246257198955219,-0.11516804834198961,0.030656810395382574,-0.11242684789510718,-0.378901966558246,0.02019765318082404,0.100621201470615,Specialty Chemicals,Basic Materials,ALB
2018Q4,2018,Q4,2019-02-27,2018-12-31,129596000.0,921699000.0,174807000.0,1.21,320384000.0,0.3476015489,7581674000.0,3585321000.0,1998421000.0,1183173000.0,3822566000.0,700540000.0,2566050000.0,8172656939.999999,9322546940.0,33.81038645065163,1.689035331266011,0.22491207086983692,0.47560873907803514,0.03018944440682371,33.81038645065163,0.03614627532653283,8.866947821360334,15.765642728170622,2.2794770510088216,0.2752708416926448,0.85835926570931,0.004365043126354451,0.12156932624641999,1.059191682027903,0.017093322661987313,-138.30394875786908,0.34760154887875544,0.008333333333333342,-0.36339401181042846,0.02029978112191384,0.6875680625507364,0.14203830510770415,-0.0011484064896527804,0.06745847581827064,-0.21303418641424632,0.04829471158480442,0.16573603685980895,Specialty Chemicals,Basic Materials,ALB
2018Q3,2018,Q3,2018-11-07,2018-09-30,129745000.0,777748000.0,163760000.0,1.2,280537000.0,0.3607042384,7487195000.0,3528844000.0,2059577000.0,1127009000.0,3800918000.0,727381000.0,2478711000.0,10821644600.0,11878211600.0,32.883045240646695,1.8274716528439436,0.22675955414544433,0.4811187459689349,0.02460854093899741,32.883045240646695,0.0367669979177317,13.91407576747224,20.851756522409342,3.0666259545618906,0.28084319241589273,0.6835633595048537,0.0033671407024399966,0.10387708614507836,1.0949113982230843,0.01732891957535499,-287.4580194442969,0.36070423839084126,-0.5604395604395604,0.087097274468938,-0.09067223261865906,0.8241399751959018,-0.0989831575431339,-0.5710356045903439,-0.5804790572563084,1.0744653176648813,-0.10156664864482812,0.17333641239992906,Specialty Chemicals,Basic Materials,ALB
2018Q2,2018,Q2,2018-08-07,2018-06-30,302461000.0,853874000.0,390350000.0,2.73,311356000.0,0.3646392793,7538363000.0,3693576000.0,2283070000.0,1041661000.0,3701083000.0,665522000.0,2384645000.0,10345265430.0,11052526430.0,33.67869354706349,2.19175912316963,0.2142912194597156,0.4373552892914617,0.05768636489658329,33.67869354706349,0.08188839217062273,12.115681505702247,8.550908571683623,2.8008806181326715,0.1226670545954685,0.8151766583223394,0.0035863748737087744,0.1132704806069965,1.462689877032931,0.04012290201466817,-220.92522326862706,0.364639279331611,1.3135593220338984,1.8008596005730844,0.0315774255477684,1.0916229202588117,0.020909636401194837,1.2955449301760777,1.1374635177387296,4.933330340299729,-0.06227305039961754,0.18851444943029247,Specialty Chemicals,Basic Materials,ALB
2018Q1,2018,Q1,2018-05-10,2018-03-31,131760000.0,821629000.0,182623000.0,1.18,304979000.0,0.3711882127,7556340000.0,3800310000.0,2158725000.0,868860000.0,3612910000.0,666567000.0,2118621000.0,10264555940.0,11048435940.0,34.33570350828055,2.484548719011118,0.1953416601158762,0.3884072615128766,0.02952717823546812,34.33570350828055,0.034670855798605904,12.492932868727857,19.475857506071645,2.700978588588826,0.2685336976320583,0.7750908760859748,0.0034470073724397277,0.10873372558672585,1.54520406049306,0.017437013157163388,-1000.3465490692915,0.37118821268480057,1.5592417061611374,0.2575205219951755,0.02645058367756318,0.6942349067051514,-0.006612184007634955,1.5576080746524472,0.029035893390432187,1.9855773298810797,-0.09239226153389979,0.19403740882045614,Specialty Chemicals,Basic Materials,ALB
2017Q4,2017,Q4,2018-02-28,2017-12-31,-236295000.0,857789000.0,177470000.0,-2.11,307009000.0,0.3579073642,7750772000.0,3674549000.0,2477563000.0,1200925000.0,3933076000.0,592781000.0,2035163000.0,14133123900.0,14833192900.0,33.25082797936838,2.0630455690405314,0.237056644163962,0.5000265338685101,-0.053606139730238096,33.25082797936838,-0.06430585086768471,16.476224222973247,-14.952838506951059,3.846220012306272,-0.1496095981717768,0.9291458396945921,0.0025013578208282743,0.11067142731072466,1.462785769302829,-0.030486640556579396,142.8295206718477,0.3579073641653134,-2.990566037735849,-1.110132876944377,0.004901246220414673,0.6142699790616126,0.11320248450808408,-2.9911940675823714,0.19553501657190592,-7.1379934410679,0.01335703651970718,0.9113053308615984,Specialty Chemicals,Basic Materials,ALB
2017Q3,2017,Q3,2017-11-09,2017-09-30,118670000.0,754866000.0,148444000.0,1.06,275789000.0,0.365348287,7523300000.0,3898819000.0,2327324000.0,1103017000.0,3483728000.0,610212000.0,2288904000.0,15058983560.0,15803173560.0,35.29109489843948,2.1099620404762574,0.23786489971156274,0.4589925821126859,0.02237327847926374,35.29109489843948,0.03043742220400588,19.949214244647393,31.724495575966966,3.8624474642192927,0.2986685767253729,0.7850992769725932,0.0023536117068448407,0.10033708611912326,1.4646066198435745,0.015773663153137586,380.80626020988745,0.3653482869807357,0.15217391304347827,-0.3581050714003506,-0.07692975894322739,0.7432690911142971,0.01357986578167839,0.14842305942922396,0.06739722875365821,0.15459177947959896,-0.1677855223504164,0.8955438401428248,Specialty Chemicals,Basic Materials,ALB
2017Q2,2017,Q2,2017-08-08,2017-06-30,103333000.0,737258000.0,139071000.0,0.92,272094000.0,0.3690621194,7291989000.0,3760830000.0,2204448000.0,983662000.0,3392198000.0,565894000.0,2205592000.0,11681800440.0,12403432440.0,33.97746779177132,2.2410624787782796,0.23705150954012685,0.45962646543449187,0.020522238929265368,33.97746779177132,0.02747611564468482,15.84492869524644,28.26251158874706,3.1061761472866363,0.342891428682028,0.8219984661438361,0.0030330941006898415,0.10110519914388241,1.5718529332229974,0.014170756428732957,-64.66108224197673,0.3690621193666261,1.0444444444444445,1.9262470642742937,-0.13042116070091472,0.7811333273534116,0.06666718936210249,1.0177103469822115,0.1328321006158157,-0.06753359598188108,-0.13356350975081527,0.7782896599732899,Specialty Chemicals,Basic Materials,ALB
2017Q1,2017,Q1,2017-05-04,2017-03-31,51213000.0,722063000.0,122764000.0,0.45,255088000.0,0.3532766531,7366468000.0,3637669000.0,2390254000.0,1207947000.0,3582496000.0,518936000.0,2137703000.0,11830201040.0,12288551040.0,32.48324790598825,1.9787739031596585,0.23252473234119797,0.47087461778408096,0.017806115180942633,32.48324790598825,0.01407852116286556,16.38389038075625,57.749990432116846,3.2521378498153624,0.6703376095913147,0.8998701188585876,0.0029018948945942853,0.0980202452518629,1.504604092729234,0.006952178438839346,415.94125026369454,0.35327665314522416,0.4516129032258065,-0.623300349526453,-0.19371734076506222,0.6778974587516758,0.058605778408572166,0.4443692359759709,0.0,-0.35556441542551465,-0.2170983121623493,0.6139898163540469,Specialty Chemicals,Basic Materials,ALB
2016Q4,2016,Q4,2017-02-28,2016-12-31,35457000.0,696655000.0,,0.31,240966000.0,0.3458900029,8161207000.0,3795062000.0,3306618000.0,1140103000.0,4218603000.0,450263000.0,2121931000.0,9682880960.0,9782386960.0,33.737783032706,2.9002800624154133,0.2903077939329317,0.624301263062369,0.0,33.737783032706,0.009342930365828015,13.899104951518327,68.27199819499675,2.551442100287163,0.9671433003356178,1.0120507347927767,0.003541507960457256,0.08536176082777952,2.467199016229235,0.00434457795274645,42.91771805952619,0.345890002942633,-0.6477272727272728,-0.9214948317700035,-0.22083062360851197,0.8868880003680915,0.008344073782702577,-0.6438594200423869,0.0,-0.8358062259525428,-0.2730040166969628,0.6839442291013348,Specialty Chemicals,Basic Materials,ALB
2016Q3,2016,Q3,2016-11-08,2016-09-30,99559000.0,654010000.0,124909000.0,0.88,238972000.0,0.3653950245,9396944000.0,3299022000.0,1557703000.0,1076834000.0,5945511000.0,504984000.0,1554160000.0,9611555210.0,12827288210.0,29.34315879354971,1.446558151024206,0.36706954941947084,1.0455619877648588,0.016460410624973575,29.34315879354971,0.030178337701294505,14.696342884665372,24.135324807400636,2.9134559302726686,0.34421800138611275,0.8218834656147521,0.0035654999894652846,0.06959815872053723,0.6733767693070613,0.010594827424745747,60.77800464139824,0.36539502454090916,0.22222222222222227,-0.31402833233641764,-0.276380438335282,0.6622733635836716,-0.036807145390642636,0.21799608514803034,0.0,-0.20376661255260056,-0.27012578541899784,0.6277698297745158,Specialty Chemicals,Basic Materials,ALB
2016Q2,2016,Q2,2016-08-05,2016-06-30,81740000.0,669327000.0,,0.72,248104000.0,0.3706768142,9312381000.0,3156615000.0,1527760000.0,1159058000.0,6006035000.0,517052000.0,1460242000.0,8909606090.0,12229128090.0,28.099012809442847,1.3181048748207596,0.37725937115330654,1.1129589766252774,0.0,28.099012809442847,0.02589482721206102,13.311290430536943,27.24983511744556,2.8225190876936215,0.4190114998776609,0.8146627418518834,0.003844165460742608,0.07187495872430477,0.5905226485646102,0.008777561828709543,231.99682559108427,0.3706768141730425,-0.6435643564356436,-0.4154457482602162,-0.2636715563675104,0.4930492215609666,-0.2646547993764041,-0.6417834573549648,0.0,-0.2610452606049887,-0.21058089226731974,0.7450955793978861,Specialty Chemicals,Basic Materials,ALB
2016Q1,2016,Q1,2016-05-10,2016-03-31,228186000.0,865398000.0,274808000.0,2.02,337398000.0,0.3898761032,9438968000.0,3540305000.0,1615391000.0,1225098000.0,5744097000.0,531230000.0,1809342000.0,7176781800.0,10514504800.0,31.536655977195796,1.3185810441287147,0.3803493136114033,1.0140665846586665,0.03376296734768418,31.536655977195796,0.0644537688137039,8.293041814286605,7.862863847913545,2.0271648346681994,0.14260734663826877,0.9939197710972648,0.00453420501094237,0.09168353998021818,0.7389980230153016,0.024174888610704052,62.63118127552623,0.3898761032496031,0.3032258064516129,0.12692641462160248,0.014151711880324064,0.8105269735076879,0.03613917636581396,0.3095172508780387,0.45331083975440395,1.1471803642564442,0.06592392457894196,0.5561208287004002,Specialty Chemicals,Basic Materials,ALB
2015Q4,2015,Q4,2016-02-29,2015-12-31,174252000.0,930353000.0,189091000.0,1.55,325630000.0,0.3500069329,9615014000.0,3254392000.0,1831003000.0,1616685000.0,6213701000.0,508728000.0,1615407000.0,6284714070.0,9922999070.0,29.003466806883704,1.1325663317220114,0.40062541770610005,1.1836370664627986,0.029881459390438018,29.003466806883704,0.053543641946022486,6.755192996636761,9.016702921630742,1.931148451077805,0.18669513118931202,1.1886961205201994,0.005176369145462174,0.09676044153445851,0.5382489476923458,0.018122906529309264,-325.71723607152114,0.35000693285236895,1.6724137931034486,0.6746879107132485,0.25586306602129655,0.8767908131320641,0.04298388904903751,1.6647296305358454,0.6688524879529769,2.5325500665338705,0.07342647449692813,0.40806796703267223,Specialty Chemicals,Basic Materials,ALB
2015Q3,2015,Q3,2015-11-06,2015-09-30,65392000.0,905093000.0,113306000.0,0.58,312210000.0,0.3449479777,9675064000.0,3144489000.0,1720915000.0,1322548000.0,6400550000.0,629393000.0,1473698000.0,4948108200.0,8556950200.0,28.02524910429404,1.301211751860802,0.39724098982704403,1.2222437413519336,0.012862846671137821,28.02524910429404,0.0207957477351646,5.466961074718289,18.917100715683876,1.5735810174562546,0.49749204795693663,0.9419917285384489,0.006574633917665745,0.0935490452569616,0.7024788514292108,0.006758818339599614,37.80789455587392,0.3449479777216264,0.2608695652173912,-0.4319804626069687,0.2590351990369858,0.8507100393143281,0.038740243407437966,0.2539935183232017,0.0963116340274015,-0.6517308823893123,0.08974637839895874,0.3843591612810731,Specialty Chemicals,Basic Materials,ALB
2015Q2,2015,Q2,2015-08-07,2015-06-30,52147000.0,931485000.0,103352000.0,0.46,300566000.0,0.3226740098,9770809000.0,3179077000.0,1654081000.0,1368078000.0,6454899000.0,602025000.0,1440845000.0,6200686030.0,9983756030.0,28.336797725267182,1.2090546006879725,0.40839074840169326,1.2551781539107105,0.010921640156515294,28.336797725267182,0.016403188724274372,6.656774966854002,29.72695471455693,1.9504673935233405,0.6233915661495388,1.047994684606121,0.005242645707704056,0.09533345703513393,0.6708813386371245,0.005337019687929628,191.32014902807776,0.3226740097800823,0.15,-0.4808476692938497,0.27955372417991226,1.1606663326613968,0.16288409307220292,0.20948625768294096,0.0,0.45694681248119945,0.0839462592975728,0.48544368074330024,Specialty Chemicals,Basic Materials,ALB
2015Q1,2015,Q1,2015-05-11,2015-03-31,43115000.0,884404000.0,,0.4,258466000.0,0.2922487913,9794759000.0,3109383000.0,1686543000.0,1456344000.0,6547429000.0,620177000.0,1421234000.0,5713589200.0,9465289200.0,28.755969666142605,1.1580663634416044,0.40972126011472054,1.2906486592356103,0.0,28.755969666142605,0.013866094977685284,6.460383716039276,33.12993853647223,1.8375314974063988,0.5040009277513626,1.0092892835432465,0.003803213573702498,0.09029359476838583,0.6670257851167032,0.004401843884060853,-521.7889680365297,0.292248791276385,2.5384615384615383,-0.4244232239518538,0.28811324409996875,1.189826926559572,0.5911475006156119,3.099892850185077,0.0,-0.6715563119742191,0.022775828539988954,0.4853677368224684,Specialty Chemicals,Basic Materials,ALB
2014Q4,2014,Q4,2015-03-02,2014-12-31,-20532000.0,598566000.0,,-0.26,162440000.0,0.2713819362,5223103000.0,1359465000.0,3348850000.0,1139886000.0,3734468000.0,358361000.0,1410651000.0,4698798720.0,5143161720.0,17.39692106879607,2.9378815074489903,0.5617601261166015,2.1582983011699457,0.0,17.39692106879607,-0.015103000077236266,7.85009292208378,-57.21311513734658,3.4563587293530915,-1.0361874147671928,1.217001850089714,0.004527752999813535,0.11459969294115012,2.5855568012941643,-0.003930996574258635,166.7837546587158,0.27138193616075756,-1.2795698924731183,-1.385135593273776,0.25396223848166866,0.31860355246513006,-0.2093299455818074,-1.2820562134241833,0.0,-1.065438632225039,-0.03631997426310852,-0.0270243431158475,Specialty Chemicals,Basic Materials,ALB
2014Q3,2014,Q3,2014-10-29,2014-09-30,72794000.0,642418000.0,106473000.0,0.93,205446000.0,0.3198011264,3393466000.0,1456741000.0,1508307000.0,812710000.0,1806195000.0,367911000.0,1450618000.0,4608571600.0,5007826600.0,18.617925975154645,1.8558981678581536,0.3101180327134558,0.7224173686331338,0.03696772120521921,18.617925975154645,0.049970447732301075,7.173789650974911,15.827443195867792,3.1636176918203027,0.29550512404868534,1.1877111584051578,0.0046676067699588306,0.1893102804035756,1.3260646479063873,0.021451224205576245,43.73164172589507,0.3198011263694355,-0.06999999999999995,0.6345080339152713,0.4593696739020756,0.4244685569702376,-0.00924465791872224,-0.07569043235350137,0.0,-0.27930992594200793,0.021341347984984292,0.054694985342723594,Specialty Chemicals,Basic Materials,ALB
2014Q2,2014,Q2,2014-07-31,2014-06-30,78755000.0,604721000.0,,1.0,207363000.0,0.3429068943,3454532000.0,1502981000.0,1525883000.0,815914000.0,1829442000.0,370564000.0,1399342000.0,5624333000.0,6172580000.0,19.106824133635048,1.8701517561899905,0.3078176725530405,0.7075046191535356,0.0,19.106824133635048,0.052399198659197954,9.30070726831051,17.853891816392608,3.7421184965079397,0.2759697796965272,1.072305998424024,0.0038642804400095087,0.17505149756899052,1.1788374755182531,0.022797588790608975,45.73706808922429,0.3429068942537137,0.4084507042253522,1.3791896523627276,0.579195932978118,0.5723787781027686,0.06730798925295699,0.39184914196843573,0.0,-0.19567068867307108,-0.0499338328819465,0.015246659827112439,Specialty Chemicals,Basic Materials,ALB
2014Q1,2014,Q1,2014-04-24,2014-03-31,56583000.0,656679000.0,75404000.0,0.71,194286000.0,0.2958614483,3558728000.0,1604751000.0,1477402000.0,423199000.0,1831127000.0,420299000.0,1493916000.0,5295998700.0,5842808700.0,20.126055057377563,3.491033768983386,0.3009089202658928,0.6673016561447851,0.023007161945250376,20.126055057377563,0.035259675800170864,8.064821168333387,23.39924844918085,3.3001996571430707,0.3460756764399201,1.1001525104746859,0.0036975084604911252,0.18452632513639705,2.3320967204553886,0.01589978216935939,42.1971754338438,0.2958614482875195,-0.6282722513089005,1.5531216412012732,0.546647027967436,0.814827445781378,-0.23366742003810245,-0.637132614648599,-0.6666239284119496,-0.6065690039719542,0.0834682977214578,0.15544164156249862,Specialty Chemicals,Basic Materials,ALB
2013Q4,2013,Q4,2014-02-25,2013-12-31,155933000.0,691956000.0,226183000.0,1.91,253527000.0,0.3663917937,3584797000.0,1627361000.0,1482915000.0,436363000.0,1842021000.0,436049000.0,1500358000.0,5148916140.0,5750541140.0,20.03497648536183,3.3983518309297533,0.30095539580065483,0.66295308785205,0.059854775380653605,20.03497648536183,0.09581955079419993,7.4411033938574125,8.255013595582719,3.163966778114997,0.12526533831838033,1.0054581021857636,0.0037936139313389555,0.19302515595722713,2.2813735353364057,0.04349841845995742,54.18770932435277,0.3663917936978652,0.7207207207207205,12.380067485839009,0.5036107763260752,0.7178138185711227,0.19786533364202052,0.7227881385893583,0.7443643234488875,1.0702320722817653,0.2903213692128542,0.29644707853061397,Specialty Chemicals,Basic Materials,ALB
2013Q3,2013,Q3,2013-10-18,2013-09-30,90512000.0,648638000.0,129665000.0,1.11,211649000.0,0.3262975651,3470065000.0,1467095000.0,1394706000.0,410837000.0,1892916000.0,485804000.0,1363970000.0,5122371900.0,5800828900.0,18.026601953676966,3.394791608350757,0.3111999342951789,0.7360695796795709,0.0393172373005541,18.026601953676966,0.06169470961321523,7.897119656881034,14.148322598108537,3.491506616817589,0.21571725296093336,0.8995170891964661,0.0038117107428298986,0.1869238760657221,2.064419709033023,0.02608366125706579,47.95914031851845,0.32629756505169294,0.13265306122448992,0.8030722266292184,0.09901580622511794,0.30946388213477366,0.07633277223745036,0.09394602303629486,0.15592739850589263,0.08392952291553425,0.2439510305534919,0.19042699981858505,Specialty Chemicals,Basic Materials,ALB
2013Q2,2013,Q2,2013-07-19,2013-06-30,82739000.0,634197000.0,112174000.0,0.98,196639000.0,0.3100598079,3335949000.0,1352994000.0,1281878000.0,375583000.0,1870556000.0,451998000.0,1292993000.0,5296284840.0,6058832840.0,16.10170419384015,3.413035201273753,0.32290871353249107,0.7961653931946483,0.036533498035812226,16.10170419384015,0.0611525254361808,8.351166656417485,16.00298782919784,3.91449248111965,0.25672294806560386,0.968052955986531,0.004010547136660422,0.19010992074519126,2.039240327703863,0.024802237684089293,163.61202434277595,0.31005980791457544,0.04255319148936174,0.45622020513747075,0.1086451008477104,0.12188194969036183,-0.014785309885264792,-0.014859442532772929,-0.023614508168896393,0.09977032564783293,0.16314295069796175,0.22774670897557092,Specialty Chemicals,Basic Materials,ALB
2013Q1,2013,Q1,2013-04-19,2013-03-31,83987000.0,641625000.0,114887000.0,0.94,199590000.0,0.31106955,3450445000.0,1797997000.0,1403500000.0,434251000.0,1548205000.0,433061000.0,1744100000.0,5438474700.0,5699390700.0,20.266200024797396,3.232001768562421,0.201660945182433,0.3869973086718165,0.03462571497390139,20.266200024797396,0.04671142387890525,8.476095382817066,16.188441961255908,3.0247406975651234,0.21203281460225987,1.0207222539088028,0.003274447521103665,0.18595427546301999,2.049183536710336,0.02434091834531488,125.55638231559506,0.31106954997077735,1.9306930693069306,0.3819475965757096,-0.0004481805014007404,0.49806559255436134,-0.024801383717862273,1.9310887664490095,0.0,0.3665216146524068,0.13897499495509255,0.5433133025451815,Specialty Chemicals,Basic Materials,ALB
2012Q4,2012,Q4,2013-02-15,2012-12-31,-90203000.0,687596000.0,,-1.01,204666000.0,0.2976544366,3437291000.0,1833598000.0,1407313000.0,385009000.0,1505283000.0,428145000.0,1744684000.0,5529798160.0,5751390160.0,20.59805881956458,3.655272993618331,0.20344160561325764,0.38137476153442573,0.0,20.59805881956458,-0.049194534461752246,8.042219791854519,-15.325981840958725,3.015818167340933,-0.19762092169883486,1.127958985857595,0.003223625796859103,0.20004008971018164,2.407011264671735,-0.026242468269343504,46.035998967690375,0.2976544366168506,-1.608433734939759,-2.596355202780857,0.19055042194344057,0.488072200240138,-0.04698799107828849,-1.6034331663132262,0.0,-2.48532396524828,0.2645137645860623,0.5612345095983804,Specialty Chemicals,Basic Materials,ALB
2012Q3,2012,Q3,2012-10-19,2012-09-30,149483000.0,661226000.0,,1.66,214757000.0,0.3247860792,3362655000.0,1808354000.0,1386852000.0,382512000.0,1461372000.0,491930000.0,1989586000.0,4707532900.0,5018624900.0,20.24420388012583,3.62564311707868,0.21225311546977016,0.39468710219348646,0.0,20.24420388012583,0.08266246542435829,7.119400779763652,7.8730238555554815,2.6032142489800116,0.06863656736886468,0.9075864452259468,0.002179485564508747,0.19663807318919127,2.04328230225457,0.044453861606379486,159.64232569180683,0.32478607919228825,4.187499999999999,1.6969389174747127,0.2072873277539803,0.5861737856757503,-0.11507921791622885,4.240236976793101,0.0,1.9400287420388331,0.3157271427942846,0.5488960438781956,Specialty Chemicals,Basic Materials,ALB
2012Q2,2012,Q2,2012-07-19,2012-06-30,28526000.0,684894000.0,52447000.0,0.32,242685000.0,0.3543395036,3302707000.0,1705690000.0,1451675000.0,413303000.0,1509063000.0,499680000.0,1908177000.0,5332650960.0,5625723960.0,19.076319144652963,3.5123746984657744,0.22854706760242433,0.44253293388599335,0.014051370462454695,19.076319144652963,0.01672402370888028,7.78609676825903,46.73500455724603,3.126389297000041,0.8921334922526818,0.8849843900096062,0.00477229809167934,0.20737352723084426,2.1241026559207166,0.008637157337904936,-509.1322283750239,0.35433950363121886,-0.7333333333333333,-0.43569993831793097,0.29434128843185753,0.6343288708584018,-0.0209853683331518,-0.735975491239599,-0.6459776166754418,-0.24185676366804656,0.573489279808406,0.5698683976771043,Specialty Chemicals,Basic Materials,ALB
2012Q1,2012,Q1,2012-04-19,2012-03-31,108043000.0,711704000.0,148146000.0,1.2,247887000.0,0.348300698,3363499000.0,1722937000.0,1469556000.0,433362000.0,1556125000.0,460810000.0,1888336000.0,5688688240.0,5925990240.0,19.3594952638853,3.3910587453445387,0.22496245725061909,0.4391692789695735,0.04453390014901505,19.3594952638853,0.06270861906152111,7.99305362903679,13.163018983182623,3.30173897246388,0.14418333441315032,1.006525466027213,0.0027384168973197238,0.21159631681174873,2.1811095573677433,0.03212220369323731,82.7325223967423,0.3483006980430066,-0.6977329974811084,0.9907812931360946,0.2932172957700115,0.7011693090527583,0.058975060021701796,-0.6976431146036224,2.214351290206236,3.36773019372061,0.5017966153876603,0.7457044235052214,Specialty Chemicals,Basic Materials,ALB
2011Q4,2011,Q4,2012-02-22,2011-12-31,357336000.0,707390000.0,-121996000.0,3.97,234082000.0,0.3309093993,3203824000.0,1591277000.0,1355620000.0,401178000.0,1524997000.0,431495000.0,1798117000.0,4584235470.0,4878492470.0,17.88011955459173,3.3790985547562427,0.23836296875234095,0.47991204548296745,-0.14587553857674795,17.88011955459173,0.22455926906503393,6.480492330963118,3.207230358821949,2.880853220400973,0.04102861172677816,1.0969026292309296,0.003198134148200725,0.22079552434840366,2.146147096799924,0.11153421661114968,33.116149578484276,0.3309093993412403,2.1015625000000004,5.07515898061257,0.29571579875918663,0.6571969132494535,-0.0927476241415128,2.077882478595669,-1.7610053084979633,26.984447738182695,0.4029285903184527,0.5330547790271946,Specialty Chemicals,Basic Materials,ALB
2011Q3,2011,Q3,2011-10-25,2011-09-30,116098000.0,722977000.0,160309000.0,1.28,258012000.0,0.3568744234,3269055000.0,1587571000.0,1449354000.0,402394000.0,1598432000.0,474787000.0,1714220000.0,3633374000.0,4043295000.0,17.652426752654694,3.601828059066487,0.2726105862397543,0.5613474924900996,0.0484161255585545,17.652426752654694,0.07312932775919943,5.025573427647076,7.823937535530328,2.2886371696132017,0.13038984306361867,0.9793128287000276,0.004166375385523208,0.22115779636622815,2.2893109738216775,0.035514238824369736,45.52358638317066,0.35687442339106223,0.040650406504065074,38.68815567173451,0.253198128802379,0.6243888233024891,0.024064393984496862,0.016985082209900228,0.07521378986552198,1.0928944656142772,0.10851522108564834,0.28228355649224496,Specialty Chemicals,Basic Materials,ALB
2011Q2,2011,Q2,2011-07-26,2011-06-30,114159000.0,742108000.0,149095000.0,1.23,251949000.0,0.3395044926,3292347000.0,1726028000.0,1455696000.0,394413000.0,1490228000.0,443253000.0,1750998000.0,6346539600.0,6627576600.0,18.81988376784098,3.6907911250389818,0.2344078555510704,0.4471260025909197,0.04674760247872002,18.81988376784098,0.06613971499882969,8.552043098848147,13.898465298399602,3.676962135029096,0.1323066950481346,1.1058221828165855,0.002379879580362187,0.22540394435944935,2.4034324426426106,0.034674048634606255,99.34940905746623,0.339504492607545,-0.3128491620111732,2.6151457284890296,0.3470478808349866,0.7296700081112066,0.08125193119785766,-0.3092993707647628,0.0,0.8408570615754075,0.18858049539129654,0.3112703872978031,Specialty Chemicals,Basic Materials,ALB
2011Q1,2011,Q1,2011-04-28,2011-03-31,165280000.0,696530000.0,,1.79,233016000.0,0.3345383544,3139881000.0,1596109000.0,1346374000.0,381611000.0,1477213000.0,402967000.0,1651976000.0,5476904410.0,5803585410.0,17.418495520172865,3.5281320507008447,0.24449780103131297,0.480978429418041,0.0,17.418495520172865,0.10355182509465205,7.863127804976096,8.284281839908035,3.4314100164838366,0.07778315585672797,1.1502529983844831,0.0023473113710962136,0.22183324782053843,2.3257086404742,0.05263893759030995,373.54415564043103,0.3345383544140238,0.9456521739130435,3.9402830626257908,0.17837847354453787,0.6875005424692713,0.18606746377143554,0.9451113307913195,0.0,1.6330829638021234,0.05057871103381632,0.28756494956651935,Specialty Chemicals,Basic Materials,ALB
2010Q4,2010,Q4,2011-02-25,2010-12-31,84972000.0,604975000.0,116248000.0,0.92,196461000.0,0.3247423447,3068081000.0,1416074000.0,1348198000.0,364177000.0,1592335000.0,389210000.0,1560519000.0,5111288740.0,5442548740.0,15.453755743018345,3.7020404912995604,0.280602109266346,0.6079555164489991,0.03949317139711739,15.453755743018345,0.060005338704050774,8.448760262820779,15.03815592195076,3.6094785583239295,0.15016711387280515,1.0495979034454408,0.0024964349793316506,0.19718351634132214,2.4831606608874255,0.027695487830992727,169.78205414382992,0.32474234472498864,-0.09803921568627448,1.7116511300025938,0.05686067131572899,0.5640890255334705,-0.0018392159452909466,-0.09304187257842436,-0.03579041662865058,0.4608657867432342,0.017601661131983807,0.11643065552587303,Specialty Chemicals,Basic Materials,ALB
2010Q3,2010,Q3,2010-10-29,2010-09-30,93689000.0,585036000.0,120563000.0,1.02,196823000.0,0.3364288693,2936660000.0,1382735000.0,1212062000.0,347744000.0,1498619000.0,373406000.0,1488369000.0,4274314720.0,4615375720.0,15.14297135097249,3.485500828195454,0.2607499676503238,0.5537821780746129,0.0425939121309735,15.14297135097249,0.06775629459006968,7.30607128450215,11.405593826383033,3.091203101100356,0.13613124272860208,1.0396538887966449,0.0029838701255016616,0.1992181594055832,2.2873205576516056,0.031903250631669995,34.05502836382178,0.3364288693345367,0.14606741573033707,2.6643986708052765,0.1875471352503,0.5666816987783388,0.046001689988148825,0.14602879475480424,0.13061377596473953,0.6535708284782756,0.0449564826409656,0.18648203388881146,Specialty Chemicals,Basic Materials,ALB
2010Q2,2010,Q2,2010-08-06,2010-06-30,81751000.0,592483000.0,106635000.0,0.89,188167000.0,0.3175905469,2731070000.0,1197490000.0,1081086000.0,317148000.0,1481608000.0,324695000.0,1407480000.0,3625840680.0,4095279680.0,13.114842072983746,3.408774452306179,0.29056816559077575,0.6626877886245397,0.040515960894178964,13.114842072983746,0.06826862854804633,6.119737916530938,11.088062164377195,3.0278671888700535,0.15569228510966227,1.24521781980012,0.003510358320542645,0.21694171149036826,2.233998007239522,0.02993368899369112,36.896344598101166,0.31759054690176763,0.28985507246376824,1.5951660309856066,0.19930282827125764,0.3658778028699588,0.14407403128819063,0.2913217918746446,0.39823507814958564,0.5836492056817703,0.09647322448247882,0.12359018918142109,Specialty Chemicals,Basic Materials,ALB
2010Q1,2010,Q1,2010-05-07,2010-03-31,63308000.0,580270000.0,76264000.0,0.69,164471000.0,0.283438744,2756888000.0,1200046000.0,1063631000.0,350942000.0,1515735000.0,333832000.0,1338503000.0,3895785180.0,4434152180.0,13.131617534414461,3.030788563352349,0.2922440084617148,0.6713775971921077,0.02912198500887041,13.131617534414461,0.0527546444052978,6.713745635652368,15.384253095975232,3.246363206077101,0.18008782460352563,1.245533681612308,0.002926496065165482,0.2104800775367008,1.9159348268374832,0.022963573420465393,2005.0361194029852,0.28343874403295016,0.014705882352941025,1.6141653248041077,0.14264129740956977,0.38266441546442864,0.10044226175740505,0.015446306840965594,0.21025152741410774,0.13600752702304644,0.026828500694125852,0.1539094601003379,Specialty Chemicals,Basic Materials,ALB
2009Q4,2009,Q4,2010-02-26,2009-12-31,62345000.0,558228000.0,63015000.0,0.68,149459000.0,0.2677382718,2771557000.0,1205696000.0,1032087000.0,353264000.0,1518239000.0,347506000.0,1287983000.0,3323708820.0,3827630820.0,13.193443196988598,2.921574233434485,0.2932333702680479,0.6740612890811615,0.03423116752937795,13.193443196988598,0.0517087225967408,5.954034588017799,13.327888443339482,2.7566723452677953,0.22333787793728446,1.1762933589635862,0.0041892959805065,0.20141314070033559,1.8060317496263418,0.022494576153404024,40.562219401764686,0.2677382718172503,0.19298245614035106,2.1882080786981635,0.2427754210450321,0.7019993514347277,0.11470849275427174,0.19592948533502139,0.0014302741358760429,0.03223410451796056,-0.004232028702989045,0.22281807313568303,Specialty Chemicals,Basic Materials,ALB
2009Q3,2009,Q3,2009-11-06,2009-09-30,52131000.0,515276000.0,62925000.0,0.57,134079000.0,0.2602081215,2780148000.0,1197063000.0,1002753000.0,341872000.0,1535876000.0,364169000.0,1237077000.0,3168944800.0,3729329800.0,13.070085600733721,2.9331240932278746,0.2952429151253818,0.6856940695686025,0.028151597830683314,13.070085600733721,0.043549086388936925,6.149994954160489,15.197026721144809,2.6472665181364725,0.21787420153075904,1.0467585104717865,0.003584158360852483,0.1853412120505815,1.7147002386858239,0.018751160010186507,23.659082289349122,0.2602081214727641,0.3571428571428571,55.91902869371533,0.12410589521542956,0.6288294042984718,0.22092006774845654,0.35429818408541813,1.0304281888290148,16.49936938625666,-0.12294801717993865,0.20271854215431348,Specialty Chemicals,Basic Materials,ALB
2009Q2,2009,Q2,2009-08-07,2009-06-30,38493000.0,445299000.0,30991000.0,0.42,109818000.0,0.2466163185,2660908000.0,1111550000.0,912673000.0,291892000.0,1507774000.0,385916000.0,1196402000.0,2338990180.0,3013841180.0,12.151540328399326,3.1267489345374315,0.3184352860001173,0.7622931941882957,0.020503765647860092,12.151540328399326,0.03463002114164905,5.252628413717525,15.191009923882264,2.1042599793081735,0.44130101576910086,0.8693109381316141,0.007262535835015776,0.167348514116234,1.6279993970372604,0.014466114574423468,29.59885324525771,0.24661631847365478,0.4999999999999998,0.6832323939042788,0.23760244178366477,0.5412057207604382,0.21337811857777386,0.5155321075632899,-0.005040452035443688,0.2221672497837327,-0.18959731953215117,0.11680577402404019,Specialty Chemicals,Basic Materials,ALB
2009Q1,2009,Q1,2009-05-08,2009-03-31,25399000.0,486591000.0,31148000.0,0.28,90506000.0,0.1860001521,2685089000.0,1013385000.0,1001579000.0,322896000.0,1619445000.0,440211000.0,1169352000.0,1989342600.0,2723577600.0,11.089789888378201,3.101862519201229,0.3419380139727212,0.9060070950329835,0.01651954405542233,11.089789888378201,0.025063524721601366,4.088325924647188,19.58091460293712,1.963066948889119,0.5461632347730225,0.8997617051822876,0.0069731578663222715,0.18121969141432556,1.5414529755710817,0.009459276768851983,-53.52443296472677,0.1860001520784396,1.0,0.6845407524134122,0.3637141612050879,0.42802403700193353,-0.26477063176792665,0.9372282815956068,1.9486507888164708,-0.23871214961977516,-0.1745138381827405,0.07437674113904937,Specialty Chemicals,Basic Materials,ALB
2008Q4,2008,Q4,2009-02-27,2008-12-31,13111000.0,517725000.0,-32834000.0,0.14,123099000.0,0.2377690859,2872717000.0,1065771000.0,1178923000.0,438367000.0,1806946000.0,538857000.0,1165503000.0,2037774000.0,2716735000.0,11.66306631648063,2.6893516163397337,0.3245234389603988,0.8747320015275326,0.009831190643746502,11.66306631648063,0.012301892245144596,3.936016224829784,38.8561894592327,1.912018623137616,1.8717870490427886,0.7323390064525468,0.012043043045990378,0.1802213723106035,1.370614120132218,0.0045639720167353764,15.69305054985676,0.23776908590467913,-0.7704918032786885,-0.36083974051755247,0.56451037849204,0.5117611743719945,-0.2016045867572949,-0.7666043613707165,-1.4970856736257248,-0.5804395497921178,-0.09305657424764568,0.18042981479876097,Specialty Chemicals,Basic Materials,ALB
2008Q3,2008,Q3,2008-11-07,2008-09-30,56175000.0,660463000.0,66053000.0,0.61,154183000.0,0.2334468396,3021589000.0,1253761000.0,1214570000.0,377410000.0,1767828000.0,521257000.0,1170296000.0,2808722160.0,3570151160.0,13.76639875266267,3.2181712196285206,0.3205730494782712,0.7725874389137962,0.025159725955983075,13.76639875266267,0.04480519014389505,4.252656333511491,12.499876101468624,2.240237302005725,0.19435692033822874,0.9712675321386571,0.00388717693600566,0.21858134908486893,1.74058715985268,0.018591211445368645,88.21917708398769,0.2334468395655775,-0.08955223880597023,4.140050926720492,1.1537649018660896,0.8751288797840551,-0.053981752474214786,-0.08888168031789798,-0.11406038333087437,1.202878977534752,0.344157631180478,0.4242624174611859,Specialty Chemicals,Basic Materials,ALB
2008Q2,2008,Q2,2008-08-07,2008-06-30,61655000.0,620750000.0,74557000.0,0.67,162981000.0,0.2625549738,3069164000.0,1308681000.0,1204144000.0,429992000.0,1760483000.0,558820000.0,1125066000.0,3639073619.9999995,4361608620.0,14.35240507994999,2.8003869839438873,0.29031260629930494,0.6808511776361084,0.027759798590423594,14.35240507994999,0.047112321490111034,5.862381989528795,14.75579279863758,2.780718616683515,0.17466547725245316,0.8191707526573853,0.0029592696176341717,0.20225377334023206,1.4185775549312545,0.020088532251779312,64.42890867887114,0.2625549738219895,-0.014705882352941188,1.4588186264832967,1.0746099804343956,0.9828726533739791,-0.026461821505157964,-0.025386889236654494,-0.06671924092781054,0.9599278879239298,0.25825715496257895,0.49476687613987586,Specialty Chemicals,Basic Materials,ALB
2008Q1,2008,Q1,2008-05-05,2008-03-31,63261000.0,668177000.0,79887000.0,0.68,167411000.0,0.2505488815,2975395000.0,1249320000.0,1143447000.0,408638000.0,1726075000.0,501897000.0,1074394000.0,3372585480.0000005,4117805480.0000005,13.528246109865835,2.7981905745427493,0.29587668191954347,0.7046633368552493,0.029352985754843918,13.528246109865835,0.05063634617231774,5.047443237345794,13.328059467918624,2.699536932091058,0.15344366987559477,0.9977465495908523,0.0028782072559951836,0.2245674943999032,1.4861295327404695,0.021261378741309976,-1560.6596390559928,0.2505488815089415,0.07936507936507943,1.6863566865930952,1.24303125557841,0.9541137716247222,0.07069033883779531,0.07917093142272262,0.1292406423159561,1.584984719732775,0.3020234074561343,0.42442653776168116,Specialty Chemicals,Basic Materials,ALB
2007Q4,2007,Q4,2008-02-29,2007-12-31,58620000.0,599156000.0,70744000.0,0.63,156358000.0,0.2609637557,2830450000.0,1278305000.0,1053438000.0,402917000.0,1497784000.0,472826000.0,1023022000.0,3809396250.0,4402783250.0,13.842109822521088,2.6145285505451494,0.2557678107721387,0.5663265026734621,0.029286054289933174,13.842109822521088,0.0458576004944047,6.357937248396077,16.24614572671443,2.980037041238202,0.16818491982258615,0.9364924940675852,0.002588074160045703,0.2116822413397163,1.3797208854429075,0.02071048773163278,57.522895777965694,0.26096375568299407,0.03278688524590167,2.0921192108345608,1.1606935783659214,1.0002330230062582,0.022201592552398636,-0.00810504407858001,0.017430823218086637,1.966458753815729,0.31998325920154913,0.7856795673927307,Specialty Chemicals,Basic Materials,ALB
2007Q3,2007,Q3,2007-11-06,2007-09-30,59099000.0,583981000.0,69532000.0,0.61,152962000.0,0.2619297546,2724987000.0,1215604000.0,1011374000.0,401263000.0,1509383000.0,446298000.0,974349000.0,4198399600.0,4795618600.0,12.76291668854008,2.5204765951508112,0.25633149809522027,0.5746114688665058,0.030741575061041672,12.76291668854008,0.04861698382038888,7.1892743085819575,17.760028088461734,3.453755992905584,0.16895378940422004,0.9657650269550838,0.0023782871930532767,0.21430597650557598,1.3369535691055492,0.02168780988679946,90.78405916187346,0.26192975456393275,0.10909090909090897,1.5326306774571932,0.9342254735380022,0.9097748319583446,-0.0027382613344460235,0.09720958728626329,0.0012095380716507314,61.04945141477243,0.22507426667150526,0.5905491839884158,Specialty Chemicals,Basic Materials,ALB
2007Q2,2007,Q2,2007-08-06,2007-06-30,53863000.0,563812000.0,69448000.0,0.55,153382000.0,0.2720445822,2664863000.0,1112040000.0,1028807000.0,353531000.0,1552823000.0,409914000.0,915256000.0,3670830160.0,4265667160.0,11.672264673776136,2.910089921393032,0.29841796745273586,0.7151208589619078,0.02774459936599264,11.672264673776136,0.04843620733067156,6.5107343582612645,17.03780962813063,3.3009875184345887,0.21460000371312404,1.0012588006264729,0.003148878999076329,0.21157260241896111,1.6653787079492322,0.02021229609176907,71.10842376460106,0.2720445822366321,-0.08333333333333323,1.2614409270299771,0.999019311969408,0.7846445899818308,-0.04009662742741991,-0.07305362428581262,-0.07456958584297212,1.2614409270299771,0.5045136798275169,0.4804181694900746,Specialty Chemicals,Basic Materials,ALB
2007Q1,2007,Q1,2007-05-07,2007-03-31,58108000.0,589238000.0,75044000.0,0.6,159789000.0,0.2711790482,2609944000.0,1084388000.0,981103000.0,368690000.0,1525556000.0,390515000.0,881466000.0,3939205920.0000005,4555903920.0,11.380110821929309,2.661051289701375,0.284187706709416,0.6839931832517512,0.031643192194752916,11.380110821929309,0.053585985827950884,6.685254379384902,16.94777793074964,3.6326535520496357,0.14848213671095203,1.0996991152708602,0.0021902891535053337,0.2257665298565793,1.5134991456236948,0.022264079229286145,-194.13562268986252,0.27117904819444777,-0.07692307692307698,2.127253636100279,1.3714371094017859,0.9150610874715109,0.0742189863461267,-0.07731394000984486,0.13494956216633142,2.695845210238225,0.5836637186595807,0.4654084487652526,Specialty Chemicals,Basic Materials,ALB
