Quarters,Year,Quarter,FillingDate,Date,NetIncome,Revenue,OperatingIncome,EPSDiluted,GrossProfit,GrossProfitRatio,TotalAssets,CommonStockEquity,CurrentAssets,CurrentLiability,TotalLiability,Inventory,RetainedEarnings,MarketCap,EnterpriseValue,bookValuePerShare,currentRatio,debtToAssets,debtToEquity,roic,shareholdersEquityPerShare,roe,priceToSalesRatio,peRatio,pbRatio,payoutRatio,inventoryTurnover,dividendYield,assetTurnover,quickRatio,returnOnAssets,priceToFreeCashFlowsRatio,grossProfitMargin,epsdilutedGrowth,fiveYNetIncomeGrowthPerShare,fiveYRevenueGrowthPerShare,fiveYShareholdersEquityGrowthPerShare,grossProfitGrowth,netIncomeGrowth,operatingIncomeGrowth,threeYNetIncomeGrowthPerShare,threeYRevenueGrowthPerShare,threeYShareholdersEquityGrowthPerShare,Industry,Sector,Symbol
2023Q1,2023,Q1,2023-03-31,2023-03-31,58368000000.0,732031000000.0,83774000000.0,316.0,354945000000.0,0.4848770066,3422164000000.0,1278686000000.0,1516482000000.0,712999000000.0,2029891000000.0,467564108000.0,872229000000.0,2277847881876.1323,3055841881876.1323,6921.115351980268,2.1269062088446127,0.3945757713540321,1.0560082772471115,0.025097431400681144,6921.115351980268,0.04564685935405565,3.111682267385032,9.756407114669564,1.7813973734569177,0.056877518503289475,0.8064904759541551,0.0014574401681580465,0.21390880156532532,1.3746110822034814,0.01705587458695726,32.19594229514041,0.48487700657485816,0.24605678233438488,0.028601638910917226,0.5503777297246923,0.15562572752709483,-0.0003970869028911306,0.24576868076750688,-0.10570476963149579,0.8107026523964634,0.4318930898435743,-0.047310879416116634,Beverages—Brewers,Consumer Defensive,CCU
2022Q4,2022,Q4,2022-12-31,2022-12-31,46853000000.0,768362000000.0,93676000000.0,253.6,355086000000.0,0.4621337338,3595078979000.0,1315026066000.0,1661948432000.0,797152420000.0,2159109926000.0,496979827000.0,843045191000.0,2054894151881.28,2830370744881.2803,7117.8124212252405,2.084856534713901,0.3817880708650768,1.0437498567423833,0.03376284143086703,7117.8124212252405,0.03562895155570247,2.6743828454312943,10.964581520293684,1.5626261752603767,0.9545879879623503,0.8315750007293555,0.021765262682291175,0.21372604176104248,1.3904060744117166,0.013032537052366103,-247.58772097815563,0.46213373383899775,1.71986271986272,-0.15493927649000594,0.5062354035307175,0.19430884300044052,0.2144216142381736,1.7198872036020727,1.6871907038508502,-0.14748698895526846,0.32918114480875543,-0.009809919124006816,Beverages—Brewers,Consumer Defensive,CCU
2022Q3,2022,Q3,2022-09-30,2022-09-30,17226082000.0,684105535000.0,34860198000.0,93.24,292391041000.0,0.4274063372,3677428734000.0,1391808445000.0,1687739518000.0,826704311000.0,2163442237000.0,520687614000.0,819618718000.0,1918428427437.0598,2634081742437.0596,7533.410701067569,2.041527418622594,0.3674136590351665,0.9707783796354246,0.02635393726834496,7533.410701067569,0.01237676209099306,2.8042872470503544,27.841914769665262,1.3783710210474112,0.012828860329354057,0.7523023084624402,0.00011519376841972403,0.18602822365394614,1.3139011960468656,0.0046842735090240365,-36.59638075926979,0.42740633724005755,3.329253060204846,-0.09863000366281198,0.7340550731029728,0.27522717652232886,0.297736915368583,3.3294710492319854,1.9428199652739087,0.9969953628564805,0.7529975349072003,0.09527914181882281,Beverages—Brewers,Consumer Defensive,CCU
2022Q2,2022,Q2,2022-06-30,2022-06-30,-7394847000.0,558502884000.0,11845848000.0,-40.03,225308410000.0,0.4034149446,3482087976000.0,1372893992000.0,1577580439000.0,738255481000.0,1986780118000.0,490575561000.0,811005677000.0,2174925386236.6946,2775895833236.6943,7431.032860821715,2.1369031176891458,0.35753537089839454,0.9068213738675899,0.0021363381296831017,7431.032860821715,-0.0053863204610775225,3.89420618683268,-73.52841060256874,1.5841903299965017,-15.067276036948432,0.6791909350739141,0.0512294360556396,0.16039309972908047,1.3732215568881092,-0.0021236818400248254,-37.044284294721606,0.40341494458603366,-1.1050408040095516,-1.8746123004139563,0.6186471946974724,0.2558787457440444,-0.3040122486553597,-1.1050314440396654,-0.8777559291818194,-1.4099139135254988,0.48001887842443064,0.0651308295783215,Beverages—Brewers,Consumer Defensive,CCU
2022Q1,2022,Q1,2022-03-31,2022-03-31,70406030000.0,700464930000.0,96903252000.0,381.09,323724677000.0,0.4621568663,3324842499000.0,1277869637000.0,1583270154000.0,819503471000.0,1929795448000.0,416527033000.0,816233248000.0,2162737260103.2002,2475472491103.2,6916.696642076438,1.9319871239447135,0.3172534218740447,0.8254501315770757,0.032744981769134596,6916.696642076438,0.055096410432983786,3.087573934790997,7.679517152519464,1.6924553158494056,0.03403582051139654,0.9044797171664006,0.001108006526824092,0.21067612381960232,1.3850675136432704,0.021175748932821856,58.36145961914239,0.4621568662973605,-0.12316506373383652,0.5109238593931071,0.5611472834008638,0.16282338023016785,-0.17158282031511213,-0.12318194925738066,-0.16883389885612396,0.4511919779041967,0.46891722483422743,0.015488685841070163,Beverages—Brewers,Consumer Defensive,CCU
2021Q4,2021,Q4,2021-12-31,2021-12-31,80297195000.0,822348612000.0,116587108000.0,434.62,390774944000.0,0.4751937783,2846750637000.0,1307618232000.0,1091372374000.0,781115264000.0,1421235334000.0,365973766000.0,832180798000.0,2581553061643.14,2889636164643.14,7077.716202433198,1.397197602324668,0.2015108807017016,0.43869931908382875,0.04418139474815997,7077.716202433198,0.06140721583331365,3.139244140468179,8.037494527807416,1.9742406449125893,2.704656607245122,1.1792475529516506,0.08412623479517746,0.2888727243305786,0.8760661153844768,0.028206613518007267,168.9450754679869,0.47519377828049403,0.9042236242551699,0.44855837969964474,0.7132879962000632,0.21379418124038294,0.3356118025753053,0.9042179307708416,0.480132934189847,0.2806816916026069,0.49354905316739756,0.0214756272392374,Beverages—Brewers,Consumer Defensive,CCU
2021Q3,2021,Q3,2021-09-30,2021-09-30,42168070000.0,622729627000.0,78767998000.0,228.24,292581230000.0,0.46983669527578137,2762403192000.0,1405740881000.0,1071095673000.0,679543790000.0,1239985976000.0,336950091000.0,960527119000.0,2564298275178.494,2659565922178.494,7608.822488394623,1.576198162299445,0.1729616731488341,0.3398847429549856,0.028384017624511548,7608.822488394623,0.029997043245980695,4.117835676988745,15.202843497333967,1.8241614154056136,0.0,0.9798139422375167,0.0,0.2254303893086437,1.0321219004885616,0.015264994669177894,174.02495604775942,0.46983669527578137,1.2245614035087722,2.4683393650271426,0.7452353082952886,0.326398382552476,0.32733241693432774,1.22311630113876,1.2719353331410441,0.9593917568886203,0.6035309142034612,0.16124340463988204,Beverages—Brewers,Consumer Defensive,CCU
2021Q2,2021,Q2,2021-06-30,2021-06-30,18968000000.0,469995000000.0,34670000000.0,102.6,220428000000.0,0.46900073405036224,2552438000000.0,1326374000000.0,950623000000.0,563329000000.0,1112753000000.0,0.0,939443000000.0,2753461501569.6,2866677501569.6,7179.235131899056,1.6875094305459155,0.19127242267980651,0.3680794406404227,0.014116630925423009,7179.235131899056,0.0143006422019732,5.858491051116714,36.290878078469,2.0759314503824715,2.9622505272037114,0.0,0.020406302382644632,0.18413571651887334,0.6656767182232762,0.007431326441621697,38809.571821187346,0.46900073405036224,-0.7055109070034443,2.0199012896035664,0.5264286062259463,0.25743869581787265,-0.23824334411545162,-0.7053926441351889,-0.6524275932590803,-0.8856839796053663,0.26285031034204803,0.1412555089201054,Beverages—Brewers,Consumer Defensive,CCU
2021Q1,2021,Q1,2021-03-31,2021-03-31,64384000000.0,569639000000.0,99749000000.0,348.4,289368000000.0,0.5079848816531172,2574446000000.0,1304884000000.0,1007050000000.0,554781000000.0,1152756000000.0,0.0,929959000000.0,2339382172594.3926,2384937172594.3926,7062.916685529849,1.8152207808126088,0.19935395809428513,0.39331158938265776,0.040978291558936765,7062.916685529849,0.04934078431492761,4.106780210965879,9.083709355563464,1.7927893763693878,0.011993119408548707,0.0,0.00033007219130154486,0.22126663367575006,0.8429830870199232,0.02500887569597498,28.96882484893743,0.5079848816531172,0.16912751677852342,0.44404073027407703,0.37529847196838195,0.236944806502832,-0.020150281277766184,0.1696979060401787,0.2459284741452511,0.13461979028989335,0.20644565541984433,0.17930244159900524,Beverages—Brewers,Consumer Defensive,CCU
2020Q4,2020,Q4,2020-12-31,2020-12-31,55043272000.0,599629678000.0,80059973000.0,298.0,295318756000.0,0.49250190048131676,2525336532000.0,1296574455000.0,960006128000.0,521524086000.0,1116517857000.0,242438290000.0,921805285000.0,1930966583641.1997,2025035062641.1997,7017.939795607326,1.8407704529297617,0.1942147071430399,0.37827175532314494,0.035180106739535026,7017.939795607326,0.04245284317282034,3.220265197816309,8.77022074396849,1.48928322333884,0.33185100260754846,1.255209818548052,0.00945959663660037,0.2374454534679816,1.333990411326851,0.021796410617957195,12.144874263288045,0.49250190048131676,3.5426829268292686,0.43764405458909367,0.3267531272602267,0.22570843987655725,0.5553079135023541,3.537405984667381,1.4821719166614993,-0.007216031829821058,0.1754660563787956,0.17755105944415298,Beverages—Brewers,Consumer Defensive,CCU
2020Q3,2020,Q3,2020-09-30,2020-09-30,12131000000.0,428355000000.0,32254000000.0,65.6,189878000000.0,0.44327251928890754,2453648000000.0,1302126000000.0,856283000000.0,430655000000.0,1039767000000.0,0.0,894284000000.0,1884871469862.0723,2132048469862.0723,7047.988520100055,1.9883270831640176,0.21353877980867672,0.4023796468237329,0.014061547426305523,7047.988520100055,0.00931630272339236,4.40025555873533,38.84410744914006,1.4475338560646758,0.0,0.0,0.0,0.1745788311933904,0.6426768527011181,0.004944066956629476,0.0,0.44327251928890754,4.727272727272727,-0.41350802552697746,0.213772838554654,0.21328445878959107,0.4110294500137478,4.724593183911575,5.325331902910017,-0.36523468159698613,0.08578446283002804,0.19305675175459505,Beverages—Brewers,Consumer Defensive,CCU
2020Q2,2020,Q2,2020-06-30,2020-06-30,-3257000000.0,318376000000.0,-7457000000.0,-17.6,134567000000.0,0.4226669095660477,2435315000000.0,1319512000000.0,825715000000.0,389173000000.0,1002770000000.0,0.0,888218000000.0,2137942139380.512,2424198139380.5117,7142.093336692657,2.1217170769811884,0.22458819495629928,0.414503998447911,-0.0018891658936782388,7142.093336692657,-0.0024683367790516494,6.715148564529085,-164.1036336644544,1.6202521381999648,0.0,0.0,0.0,0.13073298526063362,0.6698486277311119,-0.0013374039908594986,0.0,0.4226669095660477,-1.1009174311926606,-1.1755889805380344,0.024794558909206746,0.2507708830390565,-0.46978072854075137,-1.101039243058787,-1.1194285622767821,-1.3852158486102897,-0.07728601942366609,0.20704663667449094,Beverages—Brewers,Consumer Defensive,CCU
2020Q1,2020,Q1,2020-03-31,2020-03-31,32235000000.0,511233000000.0,62439000000.0,174.4,253795000000.0,0.4964370453394049,2396689000000.0,1342186000000.0,792556000000.0,505154000000.0,936579000000.0,0.0,889846000000.0,2141718458732.352,2262623458732.352,7264.8203936017035,1.5689393729436965,0.143104925169682,0.25553686299812395,0.02365572310834074,7264.8203936017035,0.024016790519346798,4.18931966193957,16.610194344131784,1.5956942321946082,,0.0,,0.21330802619780873,0.4396144542060441,0.013449805126989777,0.0,0.4964370453394049,-0.4135843981170141,-0.2553535540206519,0.33539079601080346,0.2811678202260919,-0.1585060564901504,-0.41346857381540303,-0.10423340849151552,-0.3082321129662217,0.13940038245008748,0.22134935851645718,Beverages—Brewers,Consumer Defensive,CCU
2019Q4,2019,Q4,2019-12-31,2019-12-31,54958692000.0,578071697000.0,69704542000.0,297.4,301600507000.0,0.521735467356742,2353690714000.0,1328054170000.0,789281758000.0,483281996000.0,910763491000.0,241893532000.0,902863353000.0,2599461757340.3643,2718911095340.3643,7188.329350793247,1.6331702081448944,0.13418014530179262,0.23780548198572352,0.032052855184314166,7188.329350793247,0.04138286919425885,4.496780885192455,11.82461619237756,1.9573461806459025,,1.1429457733495743,,0.24560223378609974,1.0793999183035985,0.023350005875070978,0.0,0.521735467356742,5.381974248927038,1.0145077332766406,0.4610709496037802,0.29491953961945877,0.5924669838219143,5.371283561326223,0.8394126401899987,-0.008547262031608596,0.20435942246486094,0.23276380251482018,Beverages—Brewers,Consumer Defensive,CCU
2019Q3,2019,Q3,2019-09-30,2019-09-30,8626000000.0,390249000000.0,37895000000.0,46.6,189392000000.0,0.4853106606294955,2211485000000.0,1270734000000.0,705580000000.0,419619000000.0,828148000000.0,0.0,875384000000.0,2992159137522.1226,3166967137522.1226,6878.0737379491875,1.6814777214568455,0.147127382731513,0.2560488662458075,0.014611290759125248,6878.0737379491875,0.006788202723780114,7.667307635694447,86.71919596342808,2.3546699289718562,,0.0,,0.17646468323321207,0.35880644108107596,0.0039005464653841197,0.0,0.4853106606294955,-0.5225409836065573,-0.4218886133637156,0.28391231539086637,0.2650539079532898,0.06546651289696492,-0.521840354767184,0.5322874125591363,-0.29050830728738275,0.09369508739774168,0.199011528394498,Beverages—Brewers,Consumer Defensive,CCU
2019Q2,2019,Q2,2019-06-30,2019-06-30,18040000000.0,377362000000.0,24731000000.0,97.6,177755000000.0,0.4710463692687658,2197700000000.0,1288944000000.0,692313000000.0,391950000000.0,798046000000.0,0.0,871071000000.0,3521185008781.4395,3698518008781.4395,6976.638601066137,1.7663298890164563,0.15051417390908678,0.25663256122841643,0.018436008050919002,6976.638601066137,0.013995953276480592,9.331053494473316,48.796909766926824,2.731837076538189,,0.0,,0.17170769440778996,0.3915091210613599,0.008208581699049006,0.0,0.4710463692687658,-0.6283320639756284,-0.23129367649565366,0.4318258566588124,0.28124372521147906,-0.2758733068540585,-0.6281639046912358,-0.6741376129865339,1.87215411558669,0.22557931829622765,0.22195403584680642,Beverages—Brewers,Consumer Defensive,CCU
2019Q1,2019,Q1,2019-03-31,2019-03-31,48516000000.0,476858000000.0,75894000000.0,262.6,245475000000.0,0.5147758871613772,2356909000000.0,1258379000000.0,889131000000.0,602256000000.0,988290000000.0,0.0,862051000000.0,3625692060323.5083,3585382060323.5083,6811.200103473079,1.4763339842193353,0.12772364143036494,0.23922284144919773,0.03593725285300744,6811.200103473079,0.0385543623979739,7.603295027709525,18.682970877254455,2.8812401194898425,,0.0,,0.20232346687971406,0.566773930023113,0.020584587695154966,0.0,0.5147758871613772,-0.22628167354154377,0.19591796489844218,0.4242602542927204,0.264071112218319,-0.12940688004234033,-0.22620518749388346,1.5384883967862117,0.08814426053021121,0.15129420342690494,0.19286110386994335,Beverages—Brewers,Consumer Defensive,CCU
2018Q4,2018,Q4,2018-12-31,2018-12-31,62698792000.0,550600337000.0,-140938970000.0,339.4,281962945000.0,0.5121009306610722,2405864916000.0,1280126708000.0,941007259000.0,645724245000.0,1016748973000.0,236552110000.0,868481588000.0,3219784287362.5796,3171405831362.5796,6928.913440218132,1.4572896500115153,0.11248993748575034,0.21141312989463854,-0.07044780920588432,6928.913440218132,0.04897858282947409,5.847770280900826,12.838302719462998,2.5152074925403243,,1.1356372682534939,,0.22885754446905116,1.0399208194513434,0.02606081147076339,0.0,0.5121009306610722,1.9158075601374567,0.34459253518761884,0.46556586948378004,0.28539489833598913,0.47403858620076744,1.9133772594210305,-4.130794366572628,0.6375942467358815,0.21826978514776713,0.21015966653993126,Beverages—Brewers,Consumer Defensive,CCU
2018Q3,2018,Q3,2018-09-30,2018-09-30,21521000000.0,388349000000.0,45017000000.0,116.4,191286000000.0,0.492562102644786,2233594000000.0,1210548000000.0,832433000000.0,514036000000.0,915568000000.0,0.0,837132000000.0,3431469341956.9683,3474521341956.9683,6552.306310625916,1.6194060338186431,0.13819566134221348,0.25498617155205744,0.019879978999932643,6552.306310625916,0.017777898935027774,8.836045263299168,39.86187145064086,2.8346412880422487,,0.0,,0.17386731876966002,0.5167361819016567,0.009635144077213675,0.0,0.492562102644786,-0.8704074816299265,-0.10422220596207786,0.22666492618791398,0.33253897607640087,0.030058587860250723,-0.8702976025457132,-0.816747809945615,0.04046606072326434,0.10041313415242342,0.1279546487965234,Beverages—Brewers,Consumer Defensive,CCU
2018Q2,2018,Q2,2018-06-30,2018-06-30,165926000000.0,372170000000.0,245656000000.0,898.2,185704000000.0,0.49897627428325764,2104608000000.0,1162206000000.0,813997000000.0,561944000000.0,847991000000.0,0.0,826372000000.0,2990397828182.16,2957513828182.16,6290.646639412318,1.448537576698034,0.1338491538566802,0.24238388031037528,0.1136964943013348,6290.646639412318,0.14276814953631284,8.035031916011931,4.505619716292444,2.5730359576375963,,0.0,,0.17683578129513905,0.5598137892743761,0.0788393848165549,0.0,0.49897627428325764,1.923828125,8.293888587264309,0.3211914631381061,0.57032283738084,-0.2974220446583282,1.924063794166887,1.7055221480649354,7.945280069006414,0.19794768132409324,0.10165987493352822,Beverages—Brewers,Consumer Defensive,CCU
2018Q1,2018,Q1,2018-03-31,2018-03-31,56745000000.0,472163000000.0,90798000000.0,307.2,264318000000.0,0.5598024411061434,1960857000000.0,1106488000000.0,694775000000.0,479899000000.0,761654000000.0,0.0,743476000000.0,3278598005152.3374,3338473005152.3374,5989.063056592426,1.4477525479319606,0.13594515051327047,0.24091449703928103,0.04875369545188744,5989.063056592426,0.05128388197612627,6.943784254912684,14.444435655794948,2.963066933534153,,0.0,,0.24079420375886665,0.43070312711633074,0.028938877235820868,0.0,0.5598024411061434,0.023999999999999962,0.21468311824381997,0.33991605489505033,0.0,-0.04595952590543221,0.023477061353053448,0.1008965945426505,0.31084109127029963,0.23333611957140687,0.056185073504214686,Beverages—Brewers,Consumer Defensive,CCU
2017Q4,2017,Q4,2017-12-31,2017-12-31,55443353000.0,510120794000.0,82476411000.0,300.0,277051139000.0,0.5431088915775506,1976229087000.0,1101077057000.0,730279834000.0,468749455000.0,749400479000.0,210145579000.0,716458990000.0,3355477750804.32,3374541347804.32,5959.775365426659,1.5579321238890826,0.0956914358987977,0.17174837836985282,0.04638748442498763,5959.775365426659,0.05035374467892487,6.577810178042497,15.130207541760324,3.047450429987771,,1.1090866441687075,,0.2581283705192221,1.0649379379011759,0.02805512446138791,0.0,0.5431088915775506,1.9013539651837523,0.0528872650482583,0.3270469482421258,0.5517750342925636,0.37973674800796814,1.9011225472241118,0.9163625400808588,1.0322729546999887,0.289325661107768,0.07360545069934041,Beverages—Brewers,Consumer Defensive,CCU
2017Q3,2017,Q3,2017-09-30,2017-09-30,19111000000.0,394512000000.0,43038000000.0,103.4,200800000000.0,0.508983250192643,1880617000000.0,1091420000000.0,637605000000.0,376260000000.0,660070000000.0,0.0,688738000000.0,3161341430766.9404,3272042230766.9404,5907.504827188461,1.694586190400255,0.11951917907793028,0.20594253358010664,0.024214203482304505,5907.504827188461,0.017510216048817136,8.013295998010049,41.35499752455314,2.8965397654128937,,0.0,,0.20977796116912695,0.30316536437569763,0.010162090420324819,0.0,0.508983250192643,1.2576419213973802,-0.05013713000195729,0.39745702601886507,0.5911355546213737,0.14407479787821983,1.2603193376700177,0.8880456240403597,0.28081227799745323,0.29793751007557095,0.0865414289838624,Beverages—Brewers,Consumer Defensive,CCU
2017Q2,2017,Q2,2017-06-30,2017-06-30,8455000000.0,345043000000.0,22795000000.0,45.8,175513000000.0,0.5086699338922975,1824027000000.0,1093174000000.0,595660000000.0,337986000000.0,602445000000.0,0.0,679182000000.0,3222384352495.94,3321827352495.94,5916.998664086162,1.7623806903244512,0.12237318855477468,0.2041870736040191,0.015989360882549923,5916.998664086162,0.007734358848637088,9.339080498650718,95.2804362062667,2.9477323394957615,,0.0,,0.1891655112561382,0.366195641239578,0.004635348051317223,0.0,0.5086699338922975,-0.8183980967486122,-0.3539892572902283,0.36774147446669103,0.61071257452207,-0.2872829013355857,-0.8185544443967552,-0.7109800938252822,-0.6397221748764275,0.3091977704674202,0.08664327392371851,Beverages—Brewers,Consumer Defensive,CCU
2017Q1,2017,Q1,2017-03-31,2017-03-31,46598000000.0,448686000000.0,78870000000.0,252.2,246259000000.0,0.5488448491818332,1875893000000.0,1098937000000.0,674394000000.0,422529000000.0,650476000000.0,0.0,674955000000.0,3093459826695.2207,3117397826695.2207,5948.19192636749,1.596089262512159,0.09396644691354997,0.16040136968725233,0.046329428632437254,5948.19192636749,0.042402794700697126,6.894487072686067,16.596526818185442,2.8149564776645257,,0.0,,0.2391852840220631,0.36052673307630956,0.024840435995016775,0.0,0.5488448491818332,-0.15933333333333338,0.0011481629547661883,0.3775869536727839,0.6348179350127083,-0.046165055126042756,-0.15937383146143466,0.07949689121456649,0.14863932163281407,0.34011726018559735,0.10390789726136794,Beverages—Brewers,Consumer Defensive,CCU
2016Q4,2016,Q4,2016-12-31,2016-12-31,55432488000.0,479982708000.0,73061813000.0,300.0,258177792000.0,0.5378897774792337,1871577050000.0,1077298155000.0,681386610000.0,442311654000.0,671284471000.0,207239057000.0,657578187000.0,2537479221599.8955,2564178838599.8955,5831.067829968044,1.5405124505265693,0.08575098043652545,0.1489741407753548,0.044710401565266816,5831.067829968044,0.05145510343884326,5.286605494962738,11.444007445597135,2.355410347472372,,1.0702852985863567,,0.25645896224256437,1.031299080353872,0.02961806354699637,0.0,0.5378897774792337,3.559270516717325,0.05268093517252459,0.24864462564996206,0.5182628416336537,0.46402449701726134,3.559342655041948,1.4023218031762732,0.18876468260628143,0.27759870002985354,0.08173163154078464,Beverages—Brewers,Consumer Defensive,CCU
2016Q3,2016,Q3,2016-09-30,2016-09-30,12158000000.0,356817000000.0,30413000000.0,65.8,176348000000.0,0.49422533119217976,1793191000000.0,1059818000000.0,603377000000.0,378091000000.0,611640000000.0,0.0,629862000000.0,2411417998002.4614,2503179998002.4614,5736.453382695223,1.595851263320206,0.11008699017561431,0.1862650002170184,0.019890108058715817,5736.453382695223,0.011471781003908218,6.758136518166067,49.58500571645134,2.2753133066266678,,0.0,,0.19898438035881286,0.2794168599622842,0.006780092025891274,0.0,0.49422533119217976,0.9352941176470587,-0.3957180276575688,0.26393220904046866,0.5450643210017364,0.16282351389667338,0.9356790320012737,1.0404562227440457,-0.4939423623477972,0.12706585820381378,0.1666194091827329,Beverages—Brewers,Consumer Defensive,CCU
2016Q2,2016,Q2,2016-06-30,2016-06-30,6281000000.0,307905000000.0,14905000000.0,34.0,151655000000.0,0.49253828291193713,1744480000000.0,1054822000000.0,595204000000.0,326680000000.0,569850000000.0,0.0,623783000000.0,2848141069976.52,2916350069976.52,5709.411644302456,1.8219786947471532,0.11101703659543245,0.18360159344420196,0.017561569368736336,5709.411644302456,0.005954559157848433,9.250064370427632,113.36336053082789,2.7001153464532597,,0.0,,0.17650245345317803,0.3840394269621648,0.0036004998624231863,0.0,0.49253828291193713,-0.8591549295774648,-0.46766685885601356,0.3903588275952445,0.7191061738875307,-0.3431891414316402,-0.8591261831068048,-0.7983794605416227,-0.6481870579860473,0.09305279162086828,0.42523018808346574,Beverages—Brewers,Consumer Defensive,CCU
2016Q1,2016,Q1,2016-03-31,2016-03-31,44586000000.0,414193000000.0,73926000000.0,241.4,230896000000.0,0.5574599281011509,1801396000000.0,1054925000000.0,669865000000.0,384403000000.0,626602000000.0,0.0,620642000000.0,2773754137421.25,2733087137421.25,5709.969150118,1.7426112699432628,0.10233785353137234,0.1747527075384506,0.04874492165488669,5709.969150118,0.04226461596795981,6.696767297905204,15.552831255445936,2.629337760903619,,0.0,,0.22992889958676493,0.5853700413368262,0.0247508043761616,0.0,0.5574599281011509,0.16505791505791514,-0.15341397489369318,0.4775520695143857,0.7265347069097828,-0.07086521499899495,0.16451648837135502,-0.04947666442452913,-0.04559236038384073,0.17540732866646797,0.0,Beverages—Brewers,Consumer Defensive,CCU
2015Q4,2015,Q4,2015-12-31,2015-12-31,38287135000.0,451952715000.0,77773998000.0,207.2,248506464000.0,0.5498505833735283,1823356551000.0,1057816372000.0,684311875000.0,388690679000.0,635834406000.0,181860755000.0,598349442000.0,2833815354918.8306,2809379313918.8306,5725.619215214111,1.7605564320723008,0.09220259082503497,0.15892947249638523,0.04542025834527099,5725.619215214111,0.036194500305956695,6.270158936690602,18.503704670764936,2.6789293774693346,,1.1186924358694101,,0.24786853385978264,1.2309979550603014,0.02099816131902553,0.0,0.5498505833735283,0.8499999999999999,-0.10193627187135862,0.5578366745888678,0.8079379542483487,0.3576694802746956,0.8510508122220074,1.0924988699956952,-0.2729148820295294,0.17572637352731252,0.4908066846910382,Beverages—Brewers,Consumer Defensive,CCU
2015Q3,2015,Q3,2015-09-30,2015-09-30,20684000000.0,352912000000.0,37168000000.0,112.0,183039000000.0,0.5186533753456952,1808008000000.0,1073224000000.0,659553000000.0,351758000000.0,607188000000.0,0.0,579206000000.0,2846565140227.44,2860759140227.44,5809.015741561002,1.8750191893290273,0.11203324321573799,0.18873692723979338,0.020059916298403778,5809.015741561002,0.019272770642475383,8.065934681244729,34.40539958696867,2.6523495004094575,,0.0,,0.1951938265759886,0.5354903086781253,0.011440214866305901,0.0,0.5186533753456952,0.11553784860557763,-0.0865326555262049,0.5791915849517242,0.8887637574268888,0.11282085577753188,0.11510054450374683,0.22492831954651815,0.02804477018677806,0.2500997535344164,0.5646083675147691,Beverages—Brewers,Consumer Defensive,CCU
2015Q2,2015,Q2,2015-06-30,2015-06-30,18549000000.0,310673000000.0,30343000000.0,100.4,164482000000.0,0.5294377045961509,1726306000000.0,1054959000000.0,614610000000.0,288995000000.0,547644000000.0,0.0,568864000000.0,2497886156833.308,2508005156833.308,5710.153181163907,2.126714995069119,0.11408579938898435,0.1866868759828581,0.02072643294304356,5710.153181163907,0.017582673829030324,8.04024217371097,33.66604880092334,2.36775662071541,,0.0,,0.17996403882046405,0.6464748525060987,0.01074490849246889,0.0,0.5294377045961509,-0.5716723549488054,-0.2224987490468364,0.4854469323919629,0.8561732112303118,-0.24296037188751324,-0.5715077733373374,-0.5548530015844141,0.4172505341837441,0.23149968872572493,0.5544055446847697,Beverages—Brewers,Consumer Defensive,CCU
2015Q1,2015,Q1,2015-03-31,2015-03-31,43289000000.0,382834000000.0,68164000000.0,234.4,217270000000.0,0.5675305746093607,1770108000000.0,1047627000000.0,663634000000.0,353700000000.0,597071000000.0,0.0,559590000000.0,2366082819627.9844,2323000819627.9844,5670.467427381728,1.8762623692394684,0.10430154544242498,0.17623161678727256,0.04024611300589207,5670.467427381728,0.04132100451782934,6.180440659993586,13.664457596779691,2.2585164563608844,,0.0,,0.21627719890537753,0.6437856940910376,0.02445556994262497,0.0,0.5675305746093607,0.06642402183803454,0.11118754662829723,0.5485693847634431,0.8971612977153649,-0.010833096243467615,0.5867558359251432,0.04101773916280664,-0.06994500137025458,0.17540356468079363,0.5584873462296369,Beverages—Brewers,Consumer Defensive,CCU
2014Q4,2014,Q4,2014-12-31,2014-12-31,27281450000.0,395649299000.0,65478231000.0,219.8,219649484000.0,0.5551620704375366,1768901073000.0,1025588177000.0,685390347000.0,378331338000.0,620401155000.0,175179189000.0,537945375000.0,2074961432106.68,2047339289106.68,5551.178378932871,1.8116139958778672,0.10580169567232774,0.18248331757045985,0.029940395997575413,5551.178378932871,0.02660078441992414,5.244446122743364,19.014398355903737,2.023191646159821,,1.00468449480035,,0.22366954548169918,1.2830719642896724,0.015422824043931143,0.0,0.5551620704375366,1.7202970297029703,-0.2799445798928639,0.47661052403515225,0.9175138990552278,0.4141465462294702,0.8283928691106495,1.459738204357626,-0.4819164115660392,0.029256601549331105,0.4453866951604486,Beverages—Brewers,Consumer Defensive,CCU
2014Q3,2014,Q3,2014-09-30,2014-09-30,14921000000.0,303953000000.0,26620000000.0,80.8,155323000000.0,0.511009925876698,1667192000000.0,1004490000000.0,620927000000.0,321764000000.0,564327000000.0,0.0,518166000000.0,2430648273469.7764,2453461273469.7764,5436.980744225447,1.9297590780820726,0.12499760075624164,0.20746348893468328,0.014940389548899593,5436.980744225447,0.014854304174257583,7.996789876953925,40.72529109090839,2.4197834457981426,,0.0,,0.18231433452175874,0.5767643365945226,0.008949779029649855,0.0,0.511009925876698,-0.3637795275590551,-0.28209586509981033,0.5134915799248904,0.9070153018223456,0.1707204932427849,-0.3641980569285836,-0.25729590982646056,-0.25839025256445003,0.07667512123715396,0.4644039446424143,Beverages—Brewers,Consumer Defensive,CCU
2014Q2,2014,Q2,2014-06-30,2014-06-30,23468000000.0,263553000000.0,35842000000.0,127.0,132673000000.0,0.5034015928484973,1593154000000.0,1006010000000.0,650521000000.0,267907000000.0,489710000000.0,0.0,524024000000.0,2387571628652.0156,2309040628652.0156,5445.208014513078,2.428159771861131,0.12344694863145685,0.19549507460164411,0.025633902557412998,5445.208014513078,0.02332779992246598,9.059170749913738,25.43433216136884,2.373308047287816,,0.0,,0.1654284519889477,1.027225865692199,0.014730528247740017,0.0,0.5034015928484973,-0.4216230986428637,-0.32159941910268064,0.43632831412704354,0.7637452558099985,-0.2858749946174052,-0.421514494182607,-0.36015852330542514,0.9889817157088162,0.1900853837684008,0.6395543532393093,Beverages—Brewers,Consumer Defensive,CCU
2014Q1,2014,Q1,2014-03-31,2014-03-31,40568000000.0,334811000000.0,56017000000.0,219.58,185784000000.0,0.5548921630412382,1630016000000.0,995497000000.0,722091000000.0,312150000000.0,537746000000.0,0.0,512288000000.0,2282374899999.36,2126176899999.3599,5388.3045325829025,2.313282075925036,0.11769577721936472,0.19271379019725826,0.03899090468835363,5388.3045325829025,0.04075150402261383,6.816905358543655,14.065118443103925,2.292698923250758,,0.0,,0.20540350524166634,1.1149895883389396,0.024888099257921393,0.0,0.5548921630412382,-0.13003169572107762,0.011674750087313805,0.3469336426960062,0.6867686822037675,-0.1366548459052697,-0.12365002615570272,-0.249892566329144,-0.22970659250633266,0.19437239631326703,0.629272337962005,Beverages—Brewers,Consumer Defensive,CCU
2013Q4,2013,Q4,2013-12-31,2013-12-31,46292008000.0,372965510000.0,74678636000.0,252.4,215190876000.0,0.5769725892348598,1727720255000.0,988675856000.0,818497015000.0,409128901000.0,643475977000.0,153085845000.0,491864319000.0,2324223626613.766,2166307168613.766,5390.493963518894,2.000584688589379,0.14524157384495096,0.2538110013278204,0.04445490194374288,5390.493963518894,0.046822229671197715,6.231738764835832,12.551970237571927,2.3508449331585237,,1.030628494750772,,0.21587146930797543,1.5730393756758827,0.0267936940983539,0.0,0.5769725892348598,0.9415384615384615,0.6204563886319412,0.21837655904559505,0.734374035942871,0.46186474460438987,1.204486308871851,1.1537979407608225,0.09376183185520187,0.2949710349867672,0.7021178430616223,Beverages—Brewers,Consumer Defensive,CCU
2013Q3,2013,Q3,2013-09-30,2013-09-30,20999000000.0,276715000000.0,34673000000.0,130.0,147203000000.0,0.5319661023074282,1476101000000.0,794033000000.0,594361000000.0,354973000000.0,588484000000.0,0.0,468718000000.0,2163128736196.4397,2218263736196.4395,4917.159218801147,1.6743836855197438,0.18368255288764115,0.34146439757541563,0.027721846120382677,4917.159218801147,0.02644600413332947,7.817171950188604,25.752758895619312,2.7242302727927425,,0.0,,0.1874634594787213,0.6084941671620095,0.014225991310892683,0.0,0.5319661023074282,0.34536715266226736,1.0459749571701609,0.6262688902953812,0.7111889077899796,0.18757721766994015,0.3609886433051563,0.46231244260329823,0.06101287152889039,0.4166567612104776,0.5987823988015942,Beverages—Brewers,Consumer Defensive,CCU
2013Q2,2013,Q2,2013-06-30,2013-06-30,15429225000.0,243446051000.0,23711075000.0,96.627898,123952361000.0,0.5091574108137823,1277930856000.0,639618913000.0,421773328000.0,310614554000.0,545763831000.0,160438248000.0,458218635000.0,2301581915603.19,2499044760603.19,4005.9575583225687,1.3578672427564358,0.2060278549217533,0.41163472131412726,0.022777698921055477,4005.9575583225687,0.02412252778397752,9.454176422862533,37.29257165546536,3.5983643835797423,,0.7447955303027243,,0.19050017444762285,0.7843346162073268,0.012073599230786552,0.0,0.5091574108137823,-0.6178675027368171,0.21832158716329506,0.6370093816684687,0.4721623234068202,-0.2883826241216185,-0.6172832692546198,-0.5914067481173856,-0.2516623823843245,0.34688102219664935,0.3021981843871137,Beverages—Brewers,Consumer Defensive,CCU
2013Q1,2013,Q1,2013-03-31,2013-03-31,40315000000.0,304100000000.0,58031000000.0,252.864906,174184000000.0,0.572785268003946,,,,,,,,2485689885231.826,,,0.0,0.0,0.0,0.0,,0.0,8.173922674225013,15.414175153366154,0.0,,0.0,,0.0,0.0,0.0,0.0,0.572785268003946,-0.11280574346755469,0.24144708079876975,0.6686962710482638,0.0,-0.09448312973421985,-0.11412607334069265,-0.16962152107032982,0.1991524985826194,0.42539269450041794,0.0,Beverages—Brewers,Consumer Defensive,CCU
2012Q4,2012,Q4,2012-12-31,2012-12-31,45508733000.0,332210894000.0,69885000000.0,285.016392,192358647000.0,0.5790257046778243,1326447740000.0,613219679000.0,495888036000.0,314529616000.0,615929454000.0,141910972000.0,430346315000.0,2420086925381.689,2569028644381.689,3840.6181525814095,1.5766020456401155,0.18943753788596301,0.4097699447770005,0.06290793340347388,3840.6181525814095,0.07421277326620172,7.284790983951565,13.29462921645,3.9465252147944994,,0.9854928412441569,,0.2504515511481817,1.0715531983481008,0.03430872670490584,0.0,0.5790257046778243,1.6168498045541382,0.2649388738027944,0.6751953904178171,0.5261835103977223,0.5061554789962025,1.6172494248907292,1.0874279399026254,0.38984410273192877,0.43463789478000253,0.326644216025781,Beverages—Brewers,Consumer Defensive,CCU
2012Q3,2012,Q3,2012-09-30,2012-09-30,17388000000.0,243977000000.0,33479000000.0,108.915839,127715000000.0,0.5234714747701628,1267484000000.0,592805000000.0,462978000000.0,290179000000.0,578314000000.0,0.0,407592000000.0,2167292805453.0986,2320887805453.0986,3712.7602422247483,1.5954910589670515,0.21373524241726127,0.45699007262084496,0.025132851221140666,3712.7602422247483,0.02933173640573207,8.883184912729883,31.16075462176643,3.655996163077401,,0.0,,0.1924892148539942,0.4042711567687531,0.013718516367859476,0.0,0.5234714747701628,0.5380281756570405,0.734348659505356,0.7751050895742235,0.5699313645121262,0.19002804670101844,0.5372646096720007,0.7150248450386762,-0.03196507680398369,0.40570869528945025,0.30224676654228105,Beverages—Brewers,Consumer Defensive,CCU
2012Q2,2012,Q2,2012-06-30,2012-06-30,11311000000.0,218020000000.0,19521000000.0,70.815243,107321000000.0,0.4922530043115311,1241550000000.0,586541000000.0,452861000000.0,273955000000.0,540569000000.0,0.0,398898000000.0,2022032933085.0142,2154534933085.0142,3673.528572186041,1.6530488583891516,0.21790262172284644,0.461241413643718,0.016994657453860508,3673.528572186041,0.019284244409171737,9.274529552724585,44.69173665204258,3.4473854906733106,,0.0,,0.17560307679916234,0.5038601230129036,0.009110386210784907,0.0,0.4922530043115311,-0.7189231993648459,0.8049912238672422,0.8039923813218552,0.6267435785332667,-0.3085343538992835,-0.7188067122436296,-0.6541650426956738,-0.6216584807505905,0.3748488743076048,0.1898844955062729,Beverages—Brewers,Consumer Defensive,CCU
2012Q1,2012,Q1,2012-03-31,2012-03-31,40225000000.0,281482000000.0,56446000000.0,251.942682,155208000000.0,0.5513958263761093,1280562000000.0,580939000000.0,515765000000.0,320064000000.0,583892000000.0,0.0,393242000000.0,2450519665732.8433,2501924665732.8433,3638.4430333040427,1.6114433363327334,0.19195790598190482,0.4231322049302939,0.055986832662738066,3638.4430333040427,0.06924134891959396,8.705777512355473,15.230078718041288,4.218204778355117,,0.0,,0.21981130160039108,0.6074066436712657,0.031411989423393794,0.0,0.5513958263761093,0.0,0.5808623353070457,0.7616207899490447,0.5447708266130721,0.0,0.0,0.0,0.1607167067296936,0.3102977043221394,0.1389875467223908,Beverages—Brewers,Consumer Defensive,CCU
2011Q2,2011,Q2,2011-06-30,2011-06-30,10197000000.0,191389000000.0,20155000000.0,63.833459,95061000000.0,0.49668998740784476,1138695000000.0,530278000000.0,423531000000.0,200086000000.0,495497000000.0,0.0,339610000000.0,1749702939392.4316,1841850939392.4316,3321.151265131797,2.1167447997361135,0.21430233732474455,0.46018314921607156,0.020308897475873274,3321.151265131797,0.019229536205537474,9.14212906380425,42.897492875169945,3.299595569479465,,0.0,,0.16807749221696766,0.759058604799936,0.008954987946728492,0.0,0.49668998740784476,-0.7760671780024021,2.113455930473244,0.719575708452299,0.5985857129275897,-0.2944228371236862,-0.7759639679226629,-0.6941346080886258,-0.19482506578884423,0.2869610628769106,0.22050063977942708,Beverages—Brewers,Consumer Defensive,CCU
2011Q1,2011,Q1,2011-03-31,2011-03-31,45515000000.0,242263000000.0,65895000000.0,285.056288,134728000000.0,0.5561228912380347,1191525000000.0,528048000000.0,476804000000.0,241257000000.0,545621000000.0,0.0,334511000000.0,1794787167901.3003,1843718167901.3003,3307.1846903894093,1.9763322929490128,0.19612849079960554,0.44255825228009577,0.06756269105144495,3307.1846903894093,0.08619481562282216,7.40842459600228,9.858217993525763,3.398909129286164,,0.0,,0.20332179349992657,0.7658264837911439,0.03819894672793269,0.0,0.5561228912380347,0.23530083383389733,1.2299802754696165,0.7398481663361861,0.5498073106603439,-0.03524153236796238,0.2353263436905059,0.49589726424124503,0.3995583944877221,0.3274644371437765,0.24210477875929035,Beverages—Brewers,Consumer Defensive,CCU
2010Q4,2010,Q4,2010-12-31,2010-12-31,36844515000.0,250725327000.0,44050485000.0,230.7585975760214,139649461000.0,0.5569818680503705,1151689011000.0,505654519000.0,446281914000.0,236958080000.0,536615424000.0,108353258000.0,311754155000.0,1802683983036.63,1651069683036.63,3166.9334679101535,1.883379178291789,0.0,0.0,0.07227441806861881,3166.9334679101535,0.07286499698028012,7.189875887714487,12.231698415874318,3.5650506725455173,,1.0251271447693802,,0.21770228299938169,1.3839638597679387,0.03199172228621707,0.0,0.5569818680503705,0.8840443471596141,0.8797900217765475,0.6432707438378813,0.5841429952240615,0.4058010127041011,0.8828000919822168,0.5004593296546086,0.02411243375881641,0.26429903304555635,0.25847492388758075,Beverages—Brewers,Consumer Defensive,CCU
2010Q3,2010,Q3,2010-09-30,2010-09-30,19569000000.0,193134000000.0,29358000000.0,122.480449,99338000000.0,0.5143475514409684,1095489000000.0,491066000000.0,400623000000.0,195886000000.0,491914000000.0,0.0,293332000000.0,1708852512274.4329,1813874512274.4329,3075.565019033811,2.045184444013355,0.2089423079556253,0.46611657088863817,0.0391432651670887,3075.565019033811,0.03985004052408434,8.848014913347379,21.83111697422496,3.47988358443556,,0.0,,0.17629935124862048,0.6323678057645774,0.017863255587230908,0.0,0.5143475514409684,-0.05100463358770841,1.4630625872322216,0.7371781972585005,0.5875415186066826,0.057113364761468964,-0.05087787370258997,-0.1364278150370632,0.9518903219381362,0.40518633465379156,0.3004949611516634,Beverages—Brewers,Consumer Defensive,CCU
2010Q2,2010,Q2,2010-06-30,2010-06-30,20618000000.0,180748000000.0,33996000000.0,129.063274,93971000000.0,0.5199006351384248,1079298000000.0,491184000000.0,386137000000.0,188378000000.0,475705000000.0,0.0,283183000000.0,1450451649574.3635,1580542649574.3635,3076.304057517937,2.049798808778095,0.21389088092445274,0.4699908791817323,0.03428805281457475,3076.304057517937,0.04197612300074921,8.024717560218445,17.587201105519007,2.9529700673767136,,0.0,,0.16746811353305574,0.5348873010648801,0.01910315779330639,0.0,0.5199006351384248,-0.3878902561264283,19.617814324358807,0.8021632425923569,0.5820486553285734,-0.22649336966095138,-0.38760841154805753,-0.2895891670497764,2.2901873445048895,0.4955876292962239,0.3622754724363413,Beverages—Brewers,Consumer Defensive,CCU
2010Q1,2010,Q1,2010-03-31,2010-03-31,33668000000.0,213652000000.0,47854000000.0,210.849893,121487000000.0,0.5686209349783761,1109892000000.0,477232000000.0,418070000000.0,231162000000.0,521458000000.0,0.0,273238000000.0,1225874222491.9265,1286978222491.9265,2988.922151326998,1.8085585000994973,0.20528483852482945,0.4774281691085258,0.05292120475755631,2988.922151326998,0.07054849632882959,5.73771470658794,9.102665903023096,2.5687175681679486,,0.0,,0.19249800881527213,0.7213123264204324,0.03033448299474183,0.0,0.5686209349783761,0.028157581400828226,0.7610795250502117,0.7075934608485536,0.47587246476032546,-0.05452307593457515,0.02823545932345051,0.08257168847679648,0.32316900199173676,0.33711500207541983,0.26900426916803594,Beverages—Brewers,Consumer Defensive,CCU
2009Q4,2009,Q4,2009-12-31,2009-12-31,32743473000.0,231562195000.0,44204001000.0,205.0754639310489,128492824000.0,0.5548955173792509,1103772893000.0,462229545000.0,407639075000.0,245387682000.0,530566376000.0,108069635000.0,256404398000.0,1240696423374.4592,1332870548374.4592,2894.987296659479,1.6612043101658216,0.20794838816539046,0.4965666874453038,0.05817583872519508,2894.987296659479,0.07083812221479698,5.3579403294845225,9.472852981832892,2.6841564689995296,,0.9537310919945274,,0.209791521850682,1.182871379827452,0.02966504541618599,0.0,0.5548955173792509,0.8227881659451293,0.43739559949934714,0.9479104923708631,0.5360091980827781,0.43140378981140065,0.8229302416212003,0.6524242458225861,0.4487812412286608,0.3872360972560716,0.3228717060662348,Beverages—Brewers,Consumer Defensive,CCU
2009Q3,2009,Q3,2009-09-30,2009-09-30,17962000000.0,173560000000.0,26751000000.0,112.506471,89767000000.0,0.5172101866789582,1124895000000.0,455213000000.0,413324000000.0,253913000000.0,554352000000.0,0.0,306105000000.0,1181664600828.591,1311628600828.591,2851.0420126308704,1.6278174020235276,0.2564150431818081,0.6336374400555345,0.03434198040922862,2851.0420126308704,0.03945845131839381,6.808392491522189,16.446729217634324,2.595849856723316,,0.0,,0.15428995595144435,0.6241350383792874,0.015967712542059483,0.0,0.5172101866789582,-0.3991050480909162,2.3417674418604655,0.7869755469755471,0.5333490526315791,0.17411549277352692,-0.39918383730264917,-0.5237662892544328,0.9961341649100688,0.38952195418030816,0.34326326893014597,Beverages—Brewers,Consumer Defensive,CCU
2009Q2,2009,Q2,2009-06-30,2009-06-30,29896000000.0,158576000000.0,56172000000.0,187.231513,76455000000.0,0.48213474926848954,1053792000000.0,492935000000.0,404248000000.0,200201000000.0,471146000000.0,0.0,0.0,1169897722551.3562,1351694722551.3562,3087.2984613712656,2.0192106932532803,0.2786527132489144,0.5957012587866555,0.06437613953368518,3087.2984613712656,0.06064896994532748,7.3775207001775565,9.783062303914875,2.3733306065735977,,0.0,,0.15048130940451246,0.5586635431391451,0.02836992499468586,0.0,0.48213474926848954,-0.13739546037792386,470.6661581025487,0.8858659726990423,0.7332159397301261,-0.32963024664837043,-0.13732506131871303,0.3416451705359702,8.128245306313726,0.42477308062818414,0.48602421807956453,Beverages—Brewers,Consumer Defensive,CCU
2009Q1,2009,Q1,2009-03-31,2009-03-31,34655000000.0,214821000000.0,41868000000.0,217.053707,114049000000.0,0.530902472290884,1033024000000.0,510044000000.0,365834000000.0,234179000000.0,431598000000.0,0.0,0.0,1033174286184.9243,1201841286184.9243,3194.4537442698243,1.5621981475708753,0.22732192088470354,0.46040929802134717,0.0547539513099908,3194.4537442698243,0.06794511846036813,4.809465956237632,7.4532844191669625,2.0256571711164613,,0.0,,0.20795354222167153,0.2825274683041605,0.03354713927265968,0.0,0.530902472290884,0.3935543131892176,1.118680669826449,0.9380720628147489,0.7139517204676777,-0.1980824598179828,0.3935147066866601,-0.02525319579055886,0.6979163559107373,0.5427832209230747,0.49697952485766517,Beverages—Brewers,Consumer Defensive,CCU
2008Q4,2008,Q4,2008-12-31,2008-12-31,24868772345.0,266485026810.0,42952692760.0,155.75546998470546,142220358435.0,0.5336898666970924,1072953232000.0,496245795000.0,375710814000.0,273368297000.0,482907189000.0,133910003000.0,261686611000.0,1055348470420.6825,1268337682420.6826,3108.034283151857,1.3743759540631737,0.2323985021557771,0.5024782607981595,0.04327909162495386,3108.034283151857,0.050113819795692176,3.960254289157983,10.609173381983068,2.126664812183814,0.0,0.9279715151302028,0.0,0.24836592953195932,0.7039653980066313,0.023177871694038572,18.751940903247352,0.5336898666970924,1.4541640491365388,0.3778945112098679,1.2661146899619422,0.7801153963562047,0.6945602251706697,1.4505822791357459,1.1630596467065166,0.268804635623206,0.7465766228941217,0.5546808256190794,Beverages—Brewers,Consumer Defensive,CCU
2008Q3,2008,Q3,2008-09-30,2008-09-30,10148107475.0,168239165545.0,19857377870.0,63.465794,83927591550.0,0.4988588196935116,879539217590.0,458804167140.0,285079538095.0,135984640165.0,366758089610.0,0.0,0.0,1143925207358.235,1298231295613.235,2873.533831604668,2.0964098426784994,0.2156667082449794,0.4134385461501674,0.023683334038233802,2873.533831604668,0.022118603538976565,6.79939896071502,28.180752179071575,2.4932755395161363,0.0,0.0,0.0,0.19128102781589124,0.2601855586930214,0.011537981788699015,0.0,0.4988588196935116,-0.20335191779031042,1.4403782135630046,0.8964459411311828,0.6494739194053043,0.11688255303619959,-0.19867849264847828,0.3593017877573684,0.27730845349603656,0.513270808572555,0.48325729892273944,Beverages—Brewers,Consumer Defensive,CCU
2008Q2,2008,Q2,2008-06-30,2008-06-30,12664214528.0,148712560640.0,14608513024.0,79.666035,75144509440.0,0.5053003533568905,838307943424.0,434471890944.0,265948505088.0,124067263488.0,348292173824.0,0.0,0.0,1179797605358.792,1317947895790.792,2721.138487671753,2.1435832274459976,0.21550805491130196,0.4158200290275762,0.027846698387786913,2721.138487671753,0.0291485244315433,7.933409257976663,23.28998775941282,2.715475108862356,0.0,0.0,0.0,0.17739610104682504,0.3426514188903007,0.015106876449570613,0.0,0.5053003533568905,-0.6079694231440843,13.926544741147081,0.9249116853247614,0.5599505899593994,-0.26425005523861006,-0.6105796442002386,-0.6411149284065357,11.6642146166495,0.48276454461982105,0.3993979154509578,Beverages—Brewers,Consumer Defensive,CCU
2008Q1,2008,Q1,2008-03-31,2008-03-31,32520679362.0,182498912832.0,40705268010.0,203.21383,102133217916.0,0.5596374045801527,823247719860.0,425119724190.0,334479758418.0,128907271206.0,344275143768.0,0.0,0.0,808928783420.4952,834440320376.4952,2662.5649840047145,2.5947315096251264,0.19328397673188788,0.3742959549411162,0.06164239775568237,2662.5649840047145,0.07649769585253456,4.432512889351607,6.218572299920325,1.9028258097452055,0.0,0.0,0.0,0.2216816499206769,1.0364741641337385,0.03950290851401375,0.0,0.5596374045801527,-0.0981319344073882,0.004057749665308255,0.8383394574369164,0.44934355587402136,-0.06965538900621375,-0.09606267712299982,0.08557523036462558,0.7010817016121874,0.45861849546843947,0.3147235513587862,Beverages—Brewers,Consumer Defensive,CCU
2007Q4,2007,Q4,2007-12-31,2007-12-31,35976697210.04,198309941542.15,37496496669.63,225.3254525277702,109779985511.93,0.5535778219600589,826616536972.62,401795818243.82,334405379743.42,150715140008.92,370226595017.55,77380478378.6,210180279674.74,1085398713667.0793,1242748813860.3093,2516.485158184252,2.2187908907069875,0.21417770082284743,0.44062885005813046,0.05342051862554388,2516.485158184252,0.08953975023256319,5.473244080586762,7.542373243229353,2.7013688654380954,0.0,1.1440864399554223,0.0,0.23990560637515845,1.4375652599162028,0.04352283749584804,19.692085227856015,0.5535778219600589,2.8074185706245234,2.1169020587572627,0.8441898318470535,-0.07310302383153662,0.5921355509349242,2.588492001992241,1.2013709066281437,0.5793299096351795,0.6681911996533219,0.3351852542738342,Beverages—Brewers,Consumer Defensive,CCU
2007Q3,2007,Q3,2007-09-30,2007-09-30,10025575420.0,137442454865.0,17033248035.0,59.180636,68951406460.0,0.5016747301823595,712480816455.0,377595906890.0,240051150235.0,116777493285.0,283631712775.0,0.0,0.0,1198412965446.5815,1280663604606.5815,2364.91882775941,2.05562855891371,0.18185081484672266,0.34313194256299107,0.02855445374754237,2364.91882775941,0.02655107017068545,8.719379806070096,29.883894820038705,3.1737975533609246,0.0,0.0,0.0,0.19290688491636154,0.40516863775733686,0.014071361906813124,0.0,0.5016747301823595,0.48259525033494577,3.0709912132391537,0.7811691364481556,-0.19327405451802532,0.1785663526215547,0.5998796516561059,0.7024283285761684,0.8652233339534885,0.41510893039897034,0.2719020021557894,Beverages—Brewers,Consumer Defensive,CCU
2007Q2,2007,Q2,2007-06-30,2007-06-30,6266455986.0,120853079730.0,10005265860.0,39.91692,58504475634.0,0.4840958605664488,673301733084.0,360558186018.0,218694047982.0,100263295776.0,263085832824.0,0.0,0.0,1245027972541.4639,1332968993521.4639,2258.2099727716354,2.1811974789915967,0.19192867198498356,0.3584051409376369,0.01965412647059782,2258.2099727716354,0.01737987439754637,10.30199623644679,49.67033899715417,3.4530570122163553,0.0,0.0,0.0,0.17949319568277805,0.4117647058823529,0.009307054590958862,0.0,0.4840958605664488,-0.7491923237730578,3.252790933680317,0.7733339711186168,-0.21655685548660866,-0.34623010910438584,-0.7537229701301323,-0.7131411421982553,99.44602314233808,0.43724593102797,0.26776389423874863,Beverages—Brewers,Consumer Defensive,CCU
2007Q1,2007,Q1,2007-03-31,2007-03-31,25444744032.0,159784367184.0,34878706332.0,159.153502,89487870960.0,0.5600539811066126,721347711636.0,376064691456.0,276819408060.0,140754717516.0,302695418940.0,0.0,0.0,1150780570267.0012,1204796742979.0012,2355.3286808771313,1.966679433167369,0.2102234511620955,0.4032396788990826,0.0529867601346392,2355.3286808771313,0.0676605504587156,7.202084850652615,11.306662869350822,3.060060134365589,,0.0,,0.22150810851206934,0.693603983148219,0.03527389582243479,0.0,0.5600539811066126,0.12435980274546161,1.3905494207737534,0.7284421329702753,0.0,-0.03131178661747024,0.12583866230153776,0.10436084997046916,0.5555991149698543,0.4415425778384989,0.2637276880585943,Beverages—Brewers,Consumer Defensive,CCU
