Quarters,Year,Quarter,FillingDate,Date,NetIncome,Revenue,OperatingIncome,EPSDiluted,GrossProfit,GrossProfitRatio,TotalAssets,CommonStockEquity,CurrentAssets,CurrentLiability,TotalLiability,Inventory,RetainedEarnings,MarketCap,EnterpriseValue,bookValuePerShare,currentRatio,debtToAssets,debtToEquity,roic,shareholdersEquityPerShare,roe,priceToSalesRatio,peRatio,pbRatio,payoutRatio,inventoryTurnover,dividendYield,assetTurnover,quickRatio,returnOnAssets,priceToFreeCashFlowsRatio,grossProfitMargin,epsdilutedGrowth,fiveYNetIncomeGrowthPerShare,fiveYRevenueGrowthPerShare,fiveYShareholdersEquityGrowthPerShare,grossProfitGrowth,netIncomeGrowth,operatingIncomeGrowth,threeYNetIncomeGrowthPerShare,threeYRevenueGrowthPerShare,threeYShareholdersEquityGrowthPerShare,Industry,Sector,Symbol
2023Q1,2023,Q1,2023-03-31,2023-03-31,-9339000.0,0.0,-10134000.0,-0.11,0.0,0.0,84319000.0,69214000.0,76441000.0,10719000.0,15105000.0,0.0,0.0,60810499.386,64388499.386,0.7990105078990052,7.1313555368970984,0.021217044794174505,0.02584737191897593,-0.13941265954407162,0.7990105078990052,-0.13492934955355854,0.0,-1.6278643159331834,0.8785866932412517,,0.0,,0.0,7.1313555368970984,-0.11075795490933242,0.0,0.0,-2.081232492997199,-69.08129804553113,-1.0,0.3607872933716495,-1.0,-2.0203751617076326,-1.8716350240861435,-0.15004697759604438,0.0,-0.5079334811014853,Biotechnology,Healthcare,CGEN
2022Q4,2022,Q4,2022-12-31,2022-12-31,-3092000.0,7500000.0,-3529000.0,-0.0357,6525000.0,0.87,94176000.0,77680000.0,86125000.0,11919000.0,16496000.0,-72649000.0,-455773000.0,61997256.9951,52863256.9951,0.8967425124049284,7.225857873982717,0.020440451919809716,0.024781153450051493,-0.0441121397698806,0.8967425124049284,-0.0398043254376931,8.26630093268,-5.012714828193726,0.7981109293910917,0.0,-0.013420694021941114,0.0,0.07963812436289501,7.195486198506586,-0.03283214407067618,-2.651381644575119,0.87,0.7024999999999999,0.7963307402463876,0.0,0.5699414137819666,0.0,0.7142329020332717,0.7110219456272519,0.591725682310812,0.0,0.5829466565991419,Biotechnology,Healthcare,CGEN
2022Q3,2022,Q3,2022-09-30,2022-09-30,-10820000.0,0.0,-12212000.0,-0.12,0.0,0.0,99367000.0,79819000.0,91037000.0,14768000.0,19548000.0,0.0,0.0,56912390.451000005,58890390.451000005,0.9214352548615987,6.164477248104009,0.019906005011724213,0.02478106716445959,-0.13425661156239654,0.9214352548615987,-0.13555669702702364,0.0,-1.3149812950785582,0.7130180840526692,,0.0,,0.0,0.19122426868905743,-0.10888926907323357,0.0,0.0,-0.27253446447507956,0.3380991236707003,0.0,0.24069067330719876,0.0,-0.3263054670262319,-0.4116287134435325,-0.3299088874898434,0.0,0.4395962398630029,Biotechnology,Healthcare,CGEN
2022Q2,2022,Q2,2022-06-30,2022-06-30,-8158000.0,0.0,-8651000.0,-0.0943,0.0,0.0,110312000.0,90381000.0,101984000.0,13995000.0,19931000.0,0.0,-440933000.0,160059620.9,154157620.9,1.0446410472536611,7.2871739907109685,0.019091304663137285,0.023301357586218343,-0.0815933559957876,1.0446410472536611,-0.09026233389761122,0.0,-4.904989608359893,1.7709432391763757,,0.0,,0.0,7.261236155769918,-0.07395387627819276,0.0,0.0,0.14272727272727279,0.4572014618779871,0.0,0.13104558584786746,0.0,0.10724447362661414,0.08202461799660442,0.03011927423796955,0.0,1.0199294283993547,Biotechnology,Healthcare,CGEN
2022Q1,2022,Q1,2022-03-31,2022-03-31,-9138000.0,0.0,-9424000.0,-0.11,0.0,0.0,120933000.0,98150000.0,112123000.0,15703000.0,22783000.0,0.0,0.0,278383522.2,280919522.2,1.1352791196202487,7.1402279819142835,0.020970289333763322,0.025838003056546103,-0.08592013122965887,1.1352791196202487,-0.09310239429444728,0.0,-7.616095485883126,2.8363068996434033,,0.0,,0.0,0.33764248869642743,-0.07556250155044529,0.0,0.0,-0.1213047910295616,0.3682688262130822,0.0,0.04089375456090973,0.0,-0.09084397755759818,-0.10714285714285714,0.22601256823281934,0.0,1.0472865880833706,Biotechnology,Healthcare,CGEN
2021Q4,2021,Q4,2021-12-31,2021-12-31,-8377000.0,0.0,-8512000.0,-0.0981,0.0,0.0,132163000.0,106693000.0,123222000.0,17096000.0,25470000.0,0.0,-422079000.0,367043046.4,361992046.4,1.2499348632258955,7.207650912494151,0.02080763905177697,0.025774886824815123,-0.07351727003398677,1.2499348632258955,-0.07851499161144593,0.0,-10.953892992718156,3.4401792657437693,,0.0,,0.0,6.857569021993449,-0.06338385175881298,0.0,0.0,-0.41968162083936345,0.40320704742714286,-1.0,0.0044687038115259915,-1.0,-0.44381247845570493,-0.3440707405652929,0.33994526881617637,0.0,0.9983574178629422,Biotechnology,Healthcare,CGEN
2021Q3,2021,Q3,2021-09-30,2021-09-30,-5802000.0,6000000.0,-6333000.0,-0.0691,5320000.0,0.8866666667,121296000.0,98823000.0,112282000.0,15255000.0,22473000.0,0.0,0.0,501343107.9,504145107.9,1.1767855201425819,7.360340871845296,0.02310051444400475,0.028353723323517804,-0.0571578388484482,1.1767855201425819,-0.0587110288090829,83.55718465,-21.60216769648397,5.073141959867642,,0.0,,0.049465769687376336,0.6576860045886594,-0.04783339928769292,0.0,0.8866666666666667,0.3718181818181819,0.5250887149121753,50.98135191631988,-0.14812485826071378,0.0,0.3622073210948664,0.3469114159018253,-0.4808742819310015,-0.4759826242311878,0.7638394388681776,Biotechnology,Healthcare,CGEN
2021Q2,2021,Q2,2021-06-30,2021-06-30,-9097000.0,0.0,-9697000.0,-0.11,0.0,0.0,122816000.0,103421000.0,113754000.0,11850000.0,19395000.0,0.0,-407278000.0,693860969.52,688860969.52,1.2341462016409284,9.599493670886076,0.023181018759770713,0.02752825828410091,-0.08512648386792472,1.2341462016409284,-0.08796085901315981,0.0,-19.06840083324173,6.709091669196778,,0.0,,0.0,9.542025316455696,-0.07407015372589891,0.0,0.0,0.0,0.09987854765142201,-1.0,-0.186868007631079,0.0,0.009796451507565038,0.05524162120031177,0.42276090578925646,0.0,0.5985734705448382,Biotechnology,Healthcare,CGEN
2021Q1,2021,Q1,2021-03-31,2021-03-31,-9187000.0,0.0,-10264000.0,-0.11,0.0,0.0,129974000.0,110862000.0,121088000.0,11375000.0,19112000.0,0.0,0.0,718814051.88,721774051.88,1.3248274397381692,10.645098901098901,0.022773785526336035,0.026699861088560553,-0.08151921167205664,1.3248274397381692,-0.08286879183128575,0.0,-19.56063056166322,6.483863288412621,,0.0,,0.0,0.15252747252747254,-0.07068336744271932,0.0,0.0,-0.2141280353200883,0.3104926204577399,-1.0,-0.19085898807279794,-1.0,-0.21168557108942232,-0.12902870971290287,-70.32968574514923,-1.0,1.2563011726169564,Biotechnology,Healthcare,CGEN
2020Q4,2020,Q4,2020-12-31,2020-12-31,-7582000.0,2000000.0,-9091000.0,-0.0906,1940000.0,0.97,138316000.0,119782000.0,129090000.0,10523000.0,18534000.0,0.0,-387876000.0,1012940925.78,1008963925.78,1.4320282487184708,12.267414235484177,0.02288961508429972,0.02643135028635354,-0.0638272588219422,1.4320282487184708,-0.06329832529094521,506.47046288999996,-33.399529338565024,8.456537090547828,,0.0,,0.014459643136007403,11.96816497196617,-0.054816507128604065,0.0,0.97,-0.10218978102189788,-8.70335105302685,-0.85467103603977,-0.195128918659725,0.0,-0.10961510317576467,-0.10528875379939209,0.48278482030638126,0.0,1.5070746867341602,Biotechnology,Healthcare,CGEN
2020Q3,2020,Q3,2020-09-30,2020-09-30,-6833000.0,0.0,-8225000.0,-0.0822,0.0,0.0,143359000.0,127236000.0,134141000.0,7922000.0,16123000.0,0.0,0.0,1351512321.25,1221795321.25,1.5298306700509483,16.932719010350922,0.022112319421870967,0.024914332421641674,-0.05421272152097176,1.5298306700509483,-0.05370335439655444,0.0,-49.447984825479296,10.622090613112642,0.0,0.0,0.0,0.0,16.932719010350922,-0.04766355792102345,0.0,0.0,-0.2904238618524331,0.35191776083361875,-1.0,-0.13644161660692744,0.0,-0.32064166988790105,-0.21276909466234148,0.5646365862863085,0.0,1.0598806417023887,Biotechnology,Healthcare,CGEN
2020Q2,2020,Q2,2020-06-30,2020-06-30,-5174000.0,0.0,-6782000.0,-0.0637,0.0,0.0,145920000.0,129467000.0,137154000.0,8062000.0,16453000.0,0.0,0.0,1220724064.8,1087965064.8,1.5929843574588634,17.012403870007443,0.02266310307017544,0.025543188611769796,-0.04128428218559992,1.5929843574588634,-0.03996385179234863,0.0,-58.98357483571704,9.428843371670002,0.0,0.0,0.0,0.0,17.012403870007443,-0.035457785087719296,0.0,0.0,0.32017075773745995,0.5076904013084328,-1.0,-0.15846299721875332,0.0,0.21463266545233758,0.08326574749932414,0.633525403960845,0.0,0.724743566764181,Biotechnology,Healthcare,CGEN
2020Q1,2020,Q1,2020-03-31,2020-03-31,-6588000.0,0.0,-7398000.0,-0.0937,0.0,0.0,131146000.0,114114000.0,122285000.0,8707000.0,17032000.0,0.0,0.0,510207542.46,392320542.46,1.6237855599027162,14.044446996669347,0.025200921110823053,0.028962265804371067,-0.05663783054359907,1.6237855599027162,-0.05773174194226826,0.0,-19.36124553961749,4.4710337246963565,,0.0,,0.0,14.044446996669347,-0.05023409025056044,0.0,0.0,-0.07208237986270022,0.18418229391511637,-1.0,-0.1902443344792721,0.0,-0.11396685830233344,-0.105333930972658,0.4397109370175028,0.0,0.4887865185209218,Biotechnology,Healthcare,CGEN
2019Q4,2019,Q4,2019-12-31,2019-12-31,-5914000.0,0.0,-6693000.0,-0.0874,0.0,0.0,53763000.0,38321000.0,45000000.0,6819000.0,15442000.0,0.0,-358178000.0,403163878.16,362862878.16,0.5665020414089768,6.5992080950285965,0.06655134572103491,0.09336917095065368,-0.13471333769692295,0.5665020414089768,-0.15432791419848124,0.0,-17.04277469394657,10.520703482685734,0.0,0.0,0.0,0.0,11.476756122598621,-0.11000130201067648,-34.755506737931036,0.0,0.06922257720979758,-1.9581728923060184,-1.0,-0.7323012156364892,0.0,0.037278202832492266,-0.0042010502625656415,0.46834527061207887,-1.0,-0.5447494201641296,Biotechnology,Healthcare,CGEN
2019Q3,2019,Q3,2019-09-30,2019-09-30,-6143000.0,0.0,-6665000.0,-0.0939,0.0,0.0,57329000.0,41864000.0,48353000.0,6727000.0,15465000.0,0.0,0.0,276666749.73,232749749.73000002,0.640065060846009,7.187899509439572,0.06490606848192014,0.08888304987578827,-0.12792908350214957,0.640065060846009,-0.1467370533154978,0.0,-11.25943145572196,6.608703175281866,,0.0,,0.0,7.187899509439572,-0.1071534476442987,0.0,0.0,0.033950617283950595,0.34126071207143205,-1.0,-0.7044607121986101,0.0,-0.027773130332942948,0.048808334522620234,0.3544061306034697,-1.0,-0.536656846045748,Biotechnology,Healthcare,CGEN
2019Q2,2019,Q2,2019-06-30,2019-06-30,-5977000.0,0.0,-7007000.0,-0.0972,0.0,0.0,48265000.0,31795000.0,37777000.0,7021000.0,16470000.0,0.0,-345226000.0,233620815.6,232757815.6,0.5171671012692073,5.380572568010255,0.09806277841085673,0.1488598836295015,-0.151518494406368,0.5171671012692073,-0.18798553231640194,0.0,-9.771658674920529,7.347721830476489,0.0,0.0,0.0,0.0,5.290414470873095,-0.1238371490728271,-14.20791921182266,0.0,0.3057142857142858,-1.0316967900811846,-1.0,-0.7445900315348148,0.0,0.2707418252806247,0.17700258397932817,0.19387877527319386,-1.0,-0.659258267064666,Biotechnology,Healthcare,CGEN
2019Q1,2019,Q1,2019-03-31,2019-03-31,-8196000.0,0.0,-8514000.0,-0.14,0.0,0.0,50885000.0,33281000.0,39682000.0,7766000.0,17604000.0,0.0,0.0,246668776.74,213455776.74,0.5545286752857961,5.1097089878959565,0.09710130686842881,0.14846308704666325,-0.1922787412211004,0.5545286752857961,-0.24626663862263753,0.0,-7.52405980783309,7.411699670682974,,0.0,,0.0,5.1097089878959565,-0.1610690773312371,0.0,0.0,0.06666666666666654,-7.394204453576174,-1.0,-0.7589307766500231,0.0,0.07421213148085395,0.12009094667217858,0.14233401100860202,-1.0,-0.6613205010668585,Biotechnology,Healthcare,CGEN
2018Q4,2018,Q4,2018-12-31,2018-12-31,-8853000.0,0.0,-9676000.0,-0.15,0.0,0.0,53180000.0,37243000.0,46578000.0,9989000.0,15937000.0,0.0,-330841000.0,129208229.71,123347229.71,0.6254811336815738,4.662929222144359,0.0,0.0,-0.244714676951184,0.6254811336815738,-0.23770909969658727,0.0,-3.6487131398960804,3.4693292621432215,0.0,0.0,0.0,0.0,4.528681549704675,-0.16647235802933433,-23.62556769244834,0.0,-2.2119914346895078,-1.0719572444015526,-1.0,-0.19965216739644867,-1.0,-2.3169726489321842,-1.9039615846338536,-14.916147698971125,-1.0,-0.6484485017144369,Biotechnology,Healthcare,CGEN
2018Q3,2018,Q3,2018-09-30,2018-09-30,-2669000.0,7800000.0,-3332000.0,-0.0467,7116000.0,0.9123076923,51022000.0,38167000.0,44490000.0,9658000.0,12855000.0,0.0,0.0,205945477.20000002,171044477.20000002,0.6671726996294531,4.6065437978877615,0.0,0.0,-0.07489719110478096,0.6671726996294531,-0.06992952026619854,26.40326630769231,-19.290509291869615,5.395904241884351,,0.0,,0.15287523029281486,4.6065437978877615,-0.05231076790404139,0.0,0.9123076923076923,0.7542105263157896,0.6148633187233827,2.3567990066208595,-0.03379375802640773,0.0,0.729776247848537,0.6775691890845752,0.631969205884498,29.049617003011537,-0.6233945434517827,Biotechnology,Healthcare,CGEN
2018Q2,2018,Q2,2018-06-30,2018-06-30,-9877000.0,0.0,-10334000.0,-0.19,0.0,0.0,51038000.0,40547000.0,44372000.0,7497000.0,10491000.0,0.0,-318331000.0,173316000.0,163011000.0,0.772029702970297,5.918634120314793,0.0,0.0,-0.24696349334941217,0.772029702970297,-0.24359385404592201,0.0,-4.386858357800952,4.2744469381211925,0.0,0.0,0.0,0.0,5.83406696011738,-0.19352247345115403,23.677049180327867,0.0,-119.74999999999999,-23.38238885729335,-1.0,0.4239055094273064,-1.0,-121.45121951219512,-90.86086956521739,-0.4543193711795116,-1.0,-0.5921544619985402,Biotechnology,Healthcare,CGEN
2018Q1,2018,Q1,2018-03-31,2018-03-31,82000.0,10000000.0,115000.0,0.0016,9650000.0,0.965,39068000.0,30405000.0,31982000.0,5508000.0,8663000.0,0.0,0.0,220075497.5,199544497.5,0.5871678195342941,5.806463326071169,0.0,0.0,0.0029821765144902785,0.5871678195342941,0.002696924847886861,22.00754975,670.9618826219512,7.2381350929123505,,0.0,,0.2559639602743934,5.806463326071169,0.0020989044742500255,0.0,0.965,1.008888888888889,1.02691002424653,43.44489099434425,0.006289126778450805,0.0,1.009122260540661,1.0122522906456424,1.013781004682443,17.951911778617518,-0.707188879972653,Biotechnology,Healthcare,CGEN
2017Q4,2017,Q4,2017-12-31,2017-12-31,-8989000.0,0.0,-9386000.0,-0.18,0.0,0.0,38746000.0,29297000.0,31179000.0,6194000.0,9449000.0,0.0,-308242000.0,138484957.5,113014957.5,0.571194889524373,5.033742331288344,0.0,0.0,-0.3093279036023052,0.571194889524373,-0.30682322422091,0.0,-3.85151177828457,4.72693304775233,,0.0,,0.0,4.752825314820794,-0.23199814174366387,0.0,0.0,0.05263157894736847,0.21943817520136,-1.0,0.16763680649111218,0.0,0.06897980321077161,0.059424792063333,-4.929937687572263,-1.0,-0.7300836248003297,Biotechnology,Healthcare,CGEN
2017Q3,2017,Q3,2017-09-30,2017-09-30,-9655000.0,0.0,-9979000.0,-0.19,0.0,0.0,47090000.0,37998000.0,39367000.0,5854000.0,9092000.0,0.0,0.0,194420935.2,155963935.2,0.7426792791191141,6.724803553126067,0.0,0.0,-0.2568723804833284,0.7426792791191141,-0.25409232064845516,0.0,-5.034203397203521,5.116609695247118,,0.0,,0.0,6.724803553126067,-0.20503291569335316,0.0,0.0,-0.11764705882352934,-0.9999718431534036,-1.0,0.4301035536423481,0.0,-0.08702994820986264,-0.07799503078751216,-0.32355653978479804,-1.0,-0.6570803209823708,Biotechnology,Healthcare,CGEN
2017Q2,2017,Q2,2017-06-30,2017-06-30,-8882000.0,0.0,-9257000.0,-0.17,0.0,0.0,55624000.0,47224000.0,47544000.0,5067000.0,8400000.0,0.0,-289061000.0,194294000.0,177380000.0,0.9236064932524937,9.38306690349319,0.0,0.0,-0.18970125716221356,0.9236064932524937,-0.18808233101812638,0.0,-5.468757036703445,4.114306284939861,0.0,0.0,0.0,0.0,9.17643576080521,-0.1596792751330361,-28.28151382823872,0.0,0.0,-4.628037535748359,0.0,0.5035454541319664,0.0,-0.03822326125073057,-0.053967892519640216,-2.6302668833816716,-1.0,-0.5438644400679606,Biotechnology,Healthcare,CGEN
2017Q1,2017,Q1,2017-03-31,2017-03-31,-8555000.0,0.0,-8783000.0,-0.17,0.0,0.0,64184000.0,55768000.0,55852000.0,5253000.0,8416000.0,0.0,0.0,219865596.2,165374596.2,1.090677232566502,10.632400533028745,0.0,0.0,-0.1547423836502459,1.090677232566502,-0.15340338545402382,0.0,-6.425061256575102,3.9425045940324197,,0.0,,0.0,10.632400533028745,-0.1332886700735386,0.0,0.0,-0.06250000000000006,-0.15348528139517706,0.0,0.8110129940833627,-1.0,-0.019180366928758637,-0.005264965090992332,-8.834082104181542,-1.0,-0.5258519079382159,Biotechnology,Healthcare,CGEN
2016Q4,2016,Q4,2016-12-31,2016-12-31,-8394000.0,53000.0,-8737000.0,-0.16,18000.0,0.3396226415,71139000.0,63519000.0,62680000.0,4740000.0,7620000.0,0.0,-270965000.0,260329183.79999998,250620183.79999998,1.2443741238357464,13.223628691983123,0.0,0.0,-0.13596203707656632,1.2443741238357464,-0.13214943560194586,4911.87139245283,-7.753430539671194,4.098445879185755,,0.0,,0.0007450203123462517,12.788185654008439,-0.11799434909121578,0.0,0.33962264150943394,-0.06666666666666674,-0.0005533602284256185,0.0,1.1784967552775336,-0.6326530612244898,-0.1329464165204481,-0.09664867578762396,-1.2915907034121419,-0.9761319647019293,0.5922656645098779,Biotechnology,Healthcare,CGEN
2016Q3,2016,Q3,2016-09-30,2016-09-30,-7409000.0,70000.0,-7967000.0,-0.15,49000.0,0.7,77907000.0,70352000.0,69337000.0,4653000.0,7555000.0,0.0,0.0,320845259.7,252824259.7,1.38140610341079,14.901568880292285,0.0,0.0,-0.107830730749959,1.38140610341079,-0.10531328178303388,4583.50371,-10.82619988190039,4.560570555208097,,0.0,,0.0008985071944754644,14.901568880292285,-0.09510056862669593,0.0,0.7,-0.25,-0.21858095194361787,0.0,1.1353283489433512,-0.8804878048780488,-0.2088432044379181,-0.13684360730593606,-0.20093799460951453,-0.9661605375469167,1.0005662710078314,Biotechnology,Healthcare,CGEN
2016Q2,2016,Q2,2016-06-30,2016-06-30,-6129000.0,496000.0,-7008000.0,-0.12,410000.0,0.8266129032,84460000.0,77133000.0,75914000.0,4538000.0,7327000.0,0.0,-254692000.0,329313600.0,309988600.0,1.5177685950413222,16.72851476421331,0.0,0.0,-0.08421910978804541,1.5177685950413222,-0.07946015324180312,663.9387096774194,-13.432599118942733,4.269425537707597,0.0,0.0,0.0,0.005872602415344542,16.50991626267078,-0.07256689557186834,-39.06448398576512,0.8266129032258065,0.25000000000000006,-3.4798772238296234,0.0,1.035371427034807,33.166666666666664,0.23967249720878303,0.21001014541765303,-15.353607323262974,15.948663904690351,1.7993211351846512,Biotechnology,Healthcare,CGEN
2016Q1,2016,Q1,2016-03-31,2016-03-31,-8061000.0,93000.0,-8871000.0,-0.16,12000.0,0.1290322581,91406000.0,82892000.0,82723000.0,5775000.0,8514000.0,0.0,0.0,282495618.9,201241618.89999998,1.6373257815503772,14.324329004329003,0.0,0.0,-0.10029976937140575,1.6373257815503772,-0.09724702021908024,3037.5872999999997,-8.761184062151099,3.4079961745403655,,0.0,,0.001017438680174168,14.324329004329003,-0.08818895914928998,0.0,0.12903225806451613,-16.20430107526882,-2.9738351412821666,0.0,1.0736016035239306,-0.9983509688058265,-16.078389830508474,-11.202200825309491,-1.7057919606963783,-0.5772242796482298,1.806051483330555,Biotechnology,Healthcare,CGEN
2015Q4,2015,Q4,2015-12-31,2015-12-31,-472000.0,8313000.0,-727000.0,-0.0093,7277000.0,0.8753759172,99307000.0,89897000.0,90999000.0,6854000.0,9410000.0,0.0,-239459000.0,322864871.76,312087871.76,1.7792020137359772,13.276772687481763,0.0,0.0,-0.0465497505681977,1.7792020137359772,-0.005250453296550496,38.83855067484662,-171.0089363135593,3.5914977336284855,0.0,0.0,0.0,0.08371011106971311,13.013568718996206,-0.004752937859365402,-21.36762883917935,0.8753759172380609,0.9284615384615384,0.7664244805678903,27.81824702313872,1.0934008491120142,258.89285714285717,0.9262269459206002,0.8948510269019381,0.9583939174962373,43.354961931096675,2.637045420961503,Biotechnology,Healthcare,CGEN
2015Q3,2015,Q3,2015-09-30,2015-09-30,-6398000.0,229000.0,-6914000.0,-0.13,28000.0,0.1222707424,97076000.0,89409000.0,77096000.0,5143000.0,7667000.0,0.0,0.0,260927661.39,186656661.39,1.7715428388755545,14.990472486875365,0.0,0.0,-0.07338437930352223,1.7715428388755545,-0.07155879162053037,1139.422102139738,-10.195672920834635,2.91836013589236,,0.0,,0.0023589764720425236,14.990472486875365,-0.06590712431496971,0.0,0.1222707423580786,0.0,-2.554555931146035,0.0,1.1971774098044234,-0.6266666666666667,0.01841055538508745,0.005609089601610815,-0.3435248126634619,0.5121012214629742,2.411283686695199,Biotechnology,Healthcare,CGEN
2015Q2,2015,Q2,2015-06-30,2015-06-30,-6518000.0,223000.0,-6953000.0,-0.13,75000.0,0.33632287,103257000.0,95414000.0,98124000.0,5253000.0,7843000.0,0.0,-232247000.0,349810852.68,340229852.68,1.8929463020569657,18.679611650485437,0.0,0.0,-0.06976778505259422,1.8929463020569657,-0.06831282620999014,1568.6585321973093,-13.417108494937096,3.666242403420882,0.0,0.0,0.0,0.002159659877780683,18.575671045117076,-0.06312404970123091,-25.683616202643172,0.336322869955157,-0.18181818181818185,-4.03225583341641,-0.8159951176591095,1.3916259159857316,-0.42748091603053434,-0.12670700086430423,-0.09981018664979437,-3.7007062097955514,0.0,2.0815404917206415,Biotechnology,Healthcare,CGEN
2015Q1,2015,Q1,2015-03-31,2015-03-31,-5785000.0,513000.0,-6322000.0,-0.11,131000.0,0.2553606238,108478000.0,100955000.0,68550000.0,5237000.0,7523000.0,0.0,0.0,354929641.5,289183641.5,2.005278417976257,13.089555088791293,0.0,0.0,-0.05897249555851177,2.005278417976257,-0.05730275865484622,691.8706461988304,-15.338359615384615,3.515721276806498,,0.0,,0.004729069488744262,12.98586977277067,-0.05332878556020575,0.0,0.2553606237816764,-2.7162162162162162,-0.39453496842370167,1.6909293877817755,1.3124762833874641,-0.9764600179694519,-2.9035087719298245,-4.669955156950673,0.20780686340023904,0.0,2.329660841241133,Biotechnology,Healthcare,CGEN
2014Q4,2014,Q4,2014-12-31,2014-12-31,-1482000.0,6552000.0,-1115000.0,-0.0296,5565000.0,0.8493589744,114986000.0,106116000.0,75098000.0,6589000.0,8870000.0,0.0,-219296000.0,417706075.71,392063075.71,2.1161920580099385,11.397480649567461,0.0,0.0,-0.013174214292452299,2.1161920580099385,-0.013965848693882166,63.752453557692306,-70.46323814271254,3.93631568952844,0.0,0.0,0.0,0.05698084984258953,11.23903475489452,-0.012888525559633346,-76.36308513893967,0.8493589743589743,0.7885714285714286,0.5902455254729145,148.63370768730158,1.2113504131989392,4.696008188331628,0.7882554650664381,0.757239277160897,0.8201765260732471,0.0,2.7047680786773247,Biotechnology,Healthcare,CGEN
2014Q3,2014,Q3,2014-09-30,2014-09-30,-6999000.0,1718000.0,-4593000.0,-0.14,977000.0,0.5686845169,114632000.0,106315000.0,110108000.0,5109000.0,8317000.0,0.0,0.0,420694144.05,313311144.05,2.165752870312624,21.551771383832452,0.0,0.0,-0.056046235379439896,2.165752870312624,-0.06583266707426046,244.8743562572759,-15.026937564294899,3.9570535112636973,,0.0,,0.014987089119966502,21.551771383832452,-0.06105624956382162,0.0,0.5686845168800931,-2.0042918454935625,-1.366859817955044,0.0,5.584176278330156,-0.1158371040723982,-2.0181112548512288,-0.38426763110307416,-0.19426365840729437,0.0,2.347743642774944,Biotechnology,Healthcare,CGEN
2014Q2,2014,Q2,2014-06-30,2014-06-30,-2319000.0,1964000.0,-3318000.0,-0.0466,1105000.0,0.5626272912,121541000.0,98129000.0,117169000.0,6813000.0,23412000.0,0.0,-212419000.0,435676382.66,332432382.66,2.024850887289085,17.19785703801556,0.0,0.0,-0.03471071232805634,2.024850887289085,-0.02363215767000581,221.83115206720979,-46.968130946528674,4.43983310397538,0.0,0.0,0.0,0.016159156169523042,17.17510641420813,-0.019079981240898134,-57.47709533773087,0.5626272912423625,-3.1775700934579443,-1.2178801889982613,4.135574376403562,4.270534912614278,-0.19694767441860464,-3.4989224137931036,-0.0021141649048625794,-0.7774916670291905,0.0,1.7153833947144457,Biotechnology,Healthcare,CGEN
2014Q1,2014,Q1,2014-03-31,2014-03-31,928000.0,2133000.0,-3311000.0,0.0214,1376000.0,0.645100797,125741000.0,99951000.0,121850000.0,8371000.0,25790000.0,0.0,0.0,456675401.63,338114401.63,2.300288139563748,14.556205949110023,0.0,0.0,0.016196598082270006,2.300288139563748,0.009284549429220319,214.10004764650728,123.02677845635776,4.568992822783164,,0.0,,0.016963440723391735,14.556205949110023,0.007380249878718954,0.0,0.6451007969995312,1.3124087591240876,1.2453441347322127,0.0,6.363514939039293,0.42590673575129534,1.3169398907103824,0.16346639717028802,1.533017558522136,0.0,1.913214479680327,Biotechnology,Healthcare,CGEN
2013Q4,2013,Q4,2013-12-31,2013-12-31,-2928000.0,1775000.0,-3958000.0,-0.0685,965000.0,0.5436619718,56711000.0,31888000.0,53216000.0,7739000.0,24823000.0,0.0,-208202000.0,365186635.2,336435635.2,0.781511623073768,6.876340612482233,0.0,0.0,-0.1407003490148155,0.781511623073768,-0.09182137481184144,205.7389494084507,-31.180552868852455,11.452164927245358,0.0,0.0,0.0,0.03129904251379803,6.792867295516216,-0.05163019520022571,-1014.4073199999976,0.543661971830986,0.4291666666666666,0.45632140922521114,111.74857188669945,1.2274214109600243,6.72,0.38253901307465205,0.10086324398000909,-0.7942563613174982,6.619671250398372,-0.08047704380784869,Biotechnology,Healthcare,CGEN
2013Q3,2013,Q3,2013-09-30,2013-09-30,-4742000.0,1590000.0,-4402000.0,-0.12,125000.0,0.0786163522,55387000.0,27030000.0,51851000.0,9206000.0,28357000.0,0.0,0.0,401628920.94,357791920.94,0.6905075445038243,5.632305018466218,0.0,0.0,-0.16835918007597755,0.6905075445038243,-0.1754347021827599,252.5968056226415,-21.17402577709827,14.858635624861265,,0.0,,0.02870709733330926,5.621333912665653,-0.08561575821041038,0.0,0.07861635220125786,-16.0,-0.05314713650266296,191.80454556799276,0.2382611540067539,3.0161290322580645,-15.77258566978193,0.06717524899343082,-2.3966799467954667,0.0,-0.14358967517471258,Biotechnology,Healthcare,CGEN
2013Q2,2013,Q2,2013-06-30,2013-06-30,321000.0,22000.0,-4719000.0,0.008,-62000.0,-2.8181818182,37006000.0,20714000.0,33657000.0,2076000.0,16292000.0,0.0,-200532000.0,205538606.76,192444606.76,0.5421916678170637,16.21242774566474,0.0,0.0,0.024063585477238487,0.5421916678170637,0.015496765472627209,9342.663943636364,160.07679654205606,9.92269029448682,0.0,0.0,0.0,0.0005944981894827866,16.164739884393065,0.008674269037453386,-32.06530526677067,-2.8181818181818183,1.1360544217687074,1.0807110779801907,-0.5912147333950333,-0.0835954531974805,-6.166666666666667,1.1463081130355515,-0.19046417759838546,1.3269761411943226,-0.9760497616204626,-0.3149728321539078,Biotechnology,Healthcare,CGEN
2013Q1,2013,Q1,2013-03-31,2013-03-31,-2194000.0,162000.0,-3964000.0,-0.0588,12000.0,0.0740740741,33631000.0,21755000.0,30314000.0,1773000.0,11876000.0,0.0,0.0,182690389.70000002,158041389.70000002,0.583498125845861,17.0975747320925,0.0,0.0,-0.1184857448845982,0.583498125845861,-0.10085037922316709,1127.7184549382716,-20.81704531677302,8.397627658009654,,0.0,,0.004816984329933692,17.042301184433164,-0.06523742975231185,0.0,0.07407407407407407,0.7327272727272728,0.2981730819452082,-0.5616396405547467,-0.03512843166361785,1.3529411764705883,0.7295031438786833,-0.032022910700338456,0.2858388846618904,0.14744923924369946,-0.32711310044350955,Biotechnology,Healthcare,CGEN
2012Q4,2012,Q4,2012-12-31,2012-12-31,-8111000.0,134000.0,-3841000.0,-0.22,-34000.0,-0.2537313433,28909000.0,17672000.0,25571000.0,1384000.0,11237000.0,0.0,-194119000.0,177735536.28,161361536.28,0.4891888353887043,18.476156069364162,0.0,0.0,-0.3281075055710455,0.4891888353887043,-0.45897464916251696,1326.3845991044777,-5.478225135001849,10.057465837483024,,0.0,,0.004635234701995918,18.033959537572255,-0.28057006468573803,0.0,-0.2537313432835821,-1.38353196099675,-1.0347378439743946,0.1672029372515756,-0.1985057669535375,-1.4533333333333334,-1.3883981154299176,-0.05987858719646799,-2.1129097323922403,3.247926283073637,-0.4888139149872763,Biotechnology,Healthcare,CGEN
2012Q3,2012,Q3,2012-09-30,2012-09-30,-3396000.0,108000.0,-3624000.0,-0.0923,75000.0,0.6944444444,28067000.0,18691000.0,20759000.0,1753000.0,9376000.0,0.0,0.0,138566882.3,118466882.30000001,0.5193185327227355,11.841985168282944,0.0,0.0,,0.5193185327227355,-0.18169172328928362,1283.026687962963,-10.200742218786809,7.413561730244504,,0.0,,0.00384793529768055,11.812321734169995,-0.12099618769373285,0.0,0.6944444444444444,-2.9269311064718164,0.019781386221601947,-0.056496288363125084,-0.2676240126663332,0.0,-2.9906213364595544,-0.22515212981744423,-0.5663584472613847,0.0,0.5787972907346017,Biotechnology,Healthcare,CGEN
2012Q2,2012,Q2,2012-06-30,2012-06-30,1706000.0,0.0,-2958000.0,0.0479,0.0,0.0,29988000.0,21887000.0,22635000.0,1542000.0,8101000.0,0.0,-185236000.0,137531800.0,128744800.0,0.6142857142857143,14.678988326848248,0.0,0.0,,0.6142857142857143,0.07794581258281172,0.0,20.154132473622507,6.283720930232557,,0.0,,0.0,14.619974059662775,0.05688942243564092,0.0,0.0,1.3193333333333332,1.4288875580051128,0.0,-0.19216766224090676,0.0,1.333268216448525,0.05161910868868227,-0.7819859285159863,-1.0,0.598939617621743,Biotechnology,Healthcare,CGEN
2012Q1,2012,Q1,2012-03-31,2012-03-31,-5119000.0,0.0,-3119000.0,-0.15,0.0,0.0,32495000.0,21254000.0,25744000.0,2096000.0,11241000.0,0.0,0.0,211394078.35,186394078.35,0.6022470496510954,12.282442748091603,0.0,0.0,,0.6022470496510954,-0.24084878140585303,0.0,-10.323992886794295,9.946084424108403,,0.0,,0.0,12.242843511450381,-0.15753192798892138,0.0,0.0,0.06250000000000006,-0.3198531974985688,0.0,-0.27988194331971894,0.0,0.09140930067447639,-0.015960912052117263,-0.6662944263551909,0.0,0.9278694137592769,Biotechnology,Healthcare,CGEN
2011Q4,2011,Q4,2011-12-31,2011-12-31,-5634000.0,0.0,-3070000.0,-0.16,0.0,0.0,29081000.0,19581000.0,23009000.0,1707000.0,9500000.0,0.0,-180491000.0,169686000.0,163840000.0,0.5712077012835473,13.479203280609257,0.0,0.0,-0.2916225326668313,0.5712077012835473,-0.28772789949440786,0.0,-7.529552715654953,8.665849548031256,,0.0,,0.0,13.425307557117751,-0.19373474089611775,0.0,0.0,-0.3333333333333334,-0.20918247593387088,-1.0,-0.37659397276187573,0.0,-0.37515255064681474,0.011908593498551657,-0.24519976023995851,-1.0,0.6280247489347127,Biotechnology,Healthcare,CGEN
2011Q3,2011,Q3,2011-09-30,2011-09-30,-4097000.0,0.0,-3107000.0,-0.12,0.0,0.0,28521000.0,22201000.0,22299000.0,1376000.0,6320000.0,0.0,0.0,137270060.0,115570060.0,0.6469291264242181,16.205668604651162,0.0,0.0,,0.6469291264242181,-0.18454123688122157,0.0,-8.376254576519404,6.183057519931535,,0.0,,0.0,16.162790697674417,-0.143648539672522,0.0,0.0,-3.460966542750929,-0.39586557586680277,0.0,-0.40271253972225635,0.0,-3.3959227467811157,0.07749406175771971,-0.03789937642056603,-1.0,0.16011361935553303,Biotechnology,Healthcare,CGEN
2011Q2,2011,Q2,2011-06-30,2011-06-30,-932000.0,0.0,-3368000.0,-0.0269,0.0,0.0,32177000.0,25816000.0,25082000.0,1255000.0,6361000.0,0.0,-172537000.0,140557200.0,134323200.0,0.7456961294049682,19.985657370517927,0.0,0.0,,0.7456961294049682,-0.036101642392314844,0.0,-37.70311158798283,5.444577006507592,,0.0,,0.0,19.904382470119522,-0.028964788513534512,0.0,0.0,0.3291770573566084,0.7918877121739484,-1.0,-0.34958819612593306,0.0,0.31771595900439237,-0.38373048479868527,0.7414002522652671,-1.0,0.2603648563450799,Biotechnology,Healthcare,CGEN
2011Q1,2011,Q1,2011-03-31,2011-03-31,-1366000.0,0.0,-2434000.0,-0.0401,0.0,0.0,34427000.0,26919000.0,26471000.0,1596000.0,7508000.0,0.0,0.0,175231533.32,149731533.32,0.7896048010224648,16.585839598997495,0.0,0.0,-0.05629576531342906,0.7896048010224648,-0.05074482707381404,0.0,-32.07019277452416,6.509585546268434,,0.0,,0.0,16.50375939849624,-0.039678159584047405,0.0,0.0,-0.002499999999999898,0.6379570734366709,-1.0,-0.37340869582000386,-1.0,-0.02629601803155522,-0.058260869565217394,0.5221247069499074,-1.0,0.3056892370032053,Biotechnology,Healthcare,CGEN
2010Q4,2010,Q4,2010-12-31,2010-12-31,-1331000.0,190000.0,-2300000.0,-0.04,164000.0,0.8631578947,36458000.0,28285000.0,28077000.0,2441000.0,8173000.0,0.0,-168487000.0,163737600.0,156437600.0,0.8499098557692307,11.502253174928308,0.0,0.0,-0.056873626311868965,0.8499098557692307,-0.04705674385716811,861.7768421052632,-30.754620586025545,5.788849213363974,0.0,0.0,0.0,0.005211476219211147,11.222040147480541,-0.0365077623566844,-196.0929341317365,0.8631578947368421,-0.12044817927170863,0.6140857663928952,0.0,-0.3484055701879573,0.0,-0.12037037037037036,-0.19604784191367655,0.6375584615384615,0.7964743589743587,0.39250489530718036,Biotechnology,Healthcare,CGEN
2010Q3,2010,Q3,2010-09-30,2010-09-30,-1188000.0,0.0,-1923000.0,-0.0357,0.0,0.0,29666000.0,26858000.0,22282000.0,1212000.0,2808000.0,0.0,-166473000.0,157227726.48,152951726.48,0.8062812001299632,18.384488448844884,0.0,0.0,-0.04510039722678014,0.8062812001299632,-0.04423263087348276,0.0,-33.086642777777776,5.854037027328915,0.0,0.0,0.0,0.0,18.256600660066006,-0.04004584372682532,-347.8489523893805,0.0,-0.3891050583657588,0.7127479129773368,-1.0,-0.4317190422993268,-1.0,-0.3894736842105263,-1.0522945570971185,0.6295042039129599,-1.0,0.13706897174999225,Biotechnology,Healthcare,CGEN
2010Q2,2010,Q2,2010-06-30,2010-06-30,-855000.0,800000.0,-937000.0,-0.0257,602000.0,0.7525,28954000.0,26335000.0,23258000.0,1151000.0,2619000.0,0.0,0.0,110798150.94,89698150.94,0.7914892916172342,20.206776715899217,0.0,0.0,,0.7914892916172342,-0.032466299601291056,138.497688675,-32.39712015789474,4.207258437060946,,0.0,,0.02763003384679146,20.124239791485664,-0.029529598673758376,0.0,0.7525,0.6881067961165048,0.7803318290599777,0.408842277758793,-0.48432163854463267,3.816,0.6856617647058824,0.6552612214863871,0.769825038799332,0.0,0.040868491467226264,Biotechnology,Healthcare,CGEN
2010Q1,2010,Q1,2010-03-31,2010-03-31,-2720000.0,125000.0,-2718000.0,-0.0824,125000.0,1.0,31714000.0,28625000.0,23927000.0,1591000.0,3089000.0,0.0,0.0,161749960.4,138849960.4,0.8671563173996301,15.0389692017599,0.0,0.0,,0.8671563173996301,-0.09502183406113537,1293.9996832,-14.86672430147059,5.650653638427948,,0.0,,0.003941476950242795,14.91514770584538,-0.08576653843728321,0.0,1.0,-0.1428571428571429,0.3674575563184239,-0.878481305447096,-0.47614732077231825,4.0,-0.3171912832929782,-0.39313172731932344,0.250231318645617,0.0,0.03687502078361534,Biotechnology,Healthcare,CGEN
2009Q4,2009,Q4,2009-12-31,2009-12-31,-2065000.0,25000.0,-1951000.0,-0.0721,25000.0,1.0,30185000.0,27398000.0,24310000.0,1470000.0,2787000.0,0.0,-161284000.0,138855500.0,123716500.0,0.9569682151589242,16.537414965986393,0.0,0.0,-0.07792674997881045,0.9569682151589242,-0.07537046499744507,5554.22,-16.810593220338983,5.068088911599387,0.0,0.0,0.0,0.000828225940036442,16.087755102040816,-0.0684114626470101,-65.9646080760095,1.0,-0.19767441860465118,0.3936739445970515,-0.9547734210086714,-0.4480143390349505,0.0,-0.2005813953488372,0.03606719367588933,0.4693422355308339,1.4528466643381068,0.044418259531206004,Biotechnology,Healthcare,CGEN
2009Q3,2009,Q3,2009-09-30,2009-09-30,-1720000.0,0.0,-2024000.0,-0.0602,0.0,0.0,12025000.0,9392000.0,10105000.0,1293000.0,2633000.0,0.0,0.0,87440483.64479999,87390483.64479999,0.32893300221024624,7.815158546017015,0.0,0.0,-0.18098847423339012,0.32893300221024624,-0.18313458262350937,0.0,-12.709372622790697,9.310102602725724,0.0,0.0,0.0,0.0,3.4408352668213458,-0.14303534303534304,-90.70589589709543,0.0,-1.2736363636363637,0.5651419411815457,-1.0,-0.8287691139711785,-1.0,-1.274672628553178,-0.31513970110461337,0.29567796257583173,0.0,-0.6963074478071041,Biotechnology,Healthcare,CGEN
2009Q2,2009,Q2,2009-06-30,2009-06-30,6262000.0,225000.0,-1539000.0,0.22,225000.0,1.0,13509000.0,10954000.0,11553000.0,1344000.0,2555000.0,0.0,-157390000.0,57310004.39999999,50779004.39999999,0.3841831846029312,8.595982142857142,0.0,0.0,-0.4229758886813388,0.3841831846029312,0.5716633193354026,254.71113066666663,2.28800720217183,5.231879167427423,,0.0,,0.016655562958027982,8.595982142857142,0.4635428233029832,0.0,1.0,3.528735632183908,2.904044887082712,-0.7798089805114078,-0.8114984289181253,0.0,3.522965350523771,0.2723404255319149,2.6978040046593645,43.09355881152227,-0.6649073687494302,Biotechnology,Healthcare,CGEN
2009Q1,2009,Q1,2009-03-31,2009-03-31,-2482000.0,0.0,-2115000.0,-0.087,0.0,0.0,11778000.0,8907000.0,9532000.0,1401000.0,2871000.0,0.0,0.0,18818210.400000002,18758210.400000002,0.3123899603120603,6.803711634546753,0.0,0.0,-0.28707260296648746,0.3123899603120603,-0.2786572358818907,0.0,-1.895468412570508,2.112743954193331,,0.0,,0.0,3.7451820128479656,-0.2107318729835286,0.0,0.0,0.3307692307692308,0.15561896111753704,-1.0,-0.8557817322490487,-1.0,0.3404198777571087,0.4282238442822384,0.21345078410933854,-1.0,-0.7521027830742607,Biotechnology,Healthcare,CGEN
2008Q4,2008,Q4,2008-12-31,2008-12-31,-3763000.0,11000.0,-3699000.0,-0.13,11000.0,1.0,14244000.0,10003000.0,12107000.0,2993000.0,4241000.0,0.0,-157453000.0,12259300.0,6836300.0,0.3508593475973343,4.045105245573004,0.0,0.0,-0.3776163487453086,0.3508593475973343,-0.37618714385684293,1114.4818181818182,-0.8144631942598991,1.2255623313006097,,0.0,,0.0007722549845549003,3.9866354827931842,-0.26418140971637183,0.0,1.0,-0.08333333333333341,0.0022631756470542714,-0.9924053099174245,-0.8428383841269966,0.8333333333333334,-0.14865689865689866,-0.09567535545023696,-0.273600028255193,0.0,-0.7310091240970559,Biotechnology,Healthcare,CGEN
2008Q3,2008,Q3,2008-09-30,2008-09-30,-3276000.0,6000.0,-3376000.0,-0.12,6000.0,1.0,20361000.0,15882000.0,10935000.0,2542000.0,4479000.0,0.0,0.0,47277782.72,37009782.72,0.5576429029284222,4.301730920535012,0.0,0.0,-0.20700705754882806,0.5576429029284222,-0.20627125047223271,7879.630453333333,-3.607889401709402,2.9768154338244557,,0.0,,0.0002946810078090467,4.2033831628638865,-0.1608958302637395,0.0,1.0,-0.1999999999999999,0.04663002207567053,-0.9971429099585188,-0.7653181952293825,-0.85,-0.10825439783491204,-0.04714640198511166,0.07353552998758991,-0.9923096755351962,-0.6069636215255086,Biotechnology,Healthcare,CGEN
2008Q2,2008,Q2,2008-06-30,2008-06-30,-2956000.0,40000.0,-3224000.0,-0.1,40000.0,1.0,21661000.0,16800000.0,14031000.0,2929000.0,4861000.0,0.0,0.0,61134689.054,48621689.054,0.5916510014151024,4.790372140662342,0.0,0.0,-0.17655477005617062,0.5916510014151024,-0.17595238095238094,1528.36722635,-5.170389804972936,3.6389695865476193,,0.0,,0.0018466368127048613,4.503584841242745,-0.13646646045888924,0.0,1.0,-0.19331742243436761,-0.1534740222038945,-0.9874302590177405,-0.7597273974894053,-0.8540145985401459,-0.24358435002103493,-0.23383084577114427,0.110081878787298,-0.9174576210348097,-0.6145221139508291,Biotechnology,Healthcare,CGEN
2008Q1,2008,Q1,2008-03-31,2008-03-31,-2377000.0,281000.0,-2613000.0,-0.0838,274000.0,0.975088968,21303000.0,17144000.0,15795000.0,2378000.0,4159000.0,0.0,0.0,59250018.19,44355018.19,0.6047417552699995,6.642136248948696,0.0,0.0,-0.14520644181503464,0.6047417552699995,-0.13864909006066262,210.85415725978646,-6.231596359907446,3.4560206597060192,,0.0,,0.013190630427639299,6.62026913372582,-0.11158052856405201,0.0,0.9750889679715302,0.2381818181818182,0.06172689608078587,-0.8992897488852902,-0.7625775610781811,2.0444444444444443,0.23936,0.24238909828935923,0.35634099311782097,-0.6819134517658609,-0.6346730313987384,Biotechnology,Healthcare,CGEN
2007Q4,2007,Q4,2007-12-31,2007-12-31,-3125000.0,90000.0,-3449000.0,-0.11,90000.0,1.0,21666000.0,17285000.0,16244000.0,2895000.0,4381000.0,0.0,-144926000.0,45312000.0,43896000.0,0.6103460451977402,5.6110535405872195,0.0,0.0,-0.17985395420885994,0.6103460451977402,-0.18079259473531964,503.46666666666664,-3.62496,2.621463696846977,,0.0,,0.004153973968429798,5.501554404145078,-0.14423520723714575,0.0,1.0,-0.14226375908618905,0.10309526695617953,-0.9688050942927882,-0.7683766841150836,0.0,-0.1472099853157122,-0.19054193993786675,0.0723924045270832,-0.835402081798084,-0.6479483227978171,Biotechnology,Healthcare,CGEN
2007Q3,2007,Q3,2007-09-30,2007-09-30,-2724000.0,90000.0,-2897000.0,-0.0963,90000.0,1.0,24632000.0,20066000.0,16337000.0,2997000.0,4566000.0,0.0,0.0,67916035.2,52571035.2,0.7090873290553922,5.451117784451117,0.0,0.0,-0.13660076315716316,0.7090873290553922,-0.13575201833947972,754.6226133333333,-6.233116299559471,3.384632472839629,,0.0,,0.0036537836960051965,5.44044044044044,-0.11058785319909062,0.0,1.0,0.12454545454545458,0.16657987362639817,-0.9704461642829872,-0.7423031565264112,0.0,0.13606089438629876,0.009911141490088858,0.30511052920694404,-0.9097722196831585,-0.6308742181231238,Biotechnology,Healthcare,CGEN
2007Q2,2007,Q2,2007-06-30,2007-06-30,-3153000.0,0.0,-2926000.0,-0.11,0.0,0.0,25007000.0,21476000.0,19907000.0,1990000.0,3531000.0,0.0,0.0,82185878.7,63381878.7,0.7604123845669852,10.0035175879397,0.0,0.0,-0.1470663589249632,0.7604123845669852,-0.14681504935742223,0.0,-6.5164826117982875,3.8268708651517973,,0.0,,0.0,9.94924623115578,-0.12608469628504018,0.0,0.0,0.0,-0.03387453693069058,-1.0,-0.7342527144318287,0.0,-0.017424975798644726,0.13789039481437831,0.03212725486368012,-1.0,-0.6268995237021163,Biotechnology,Healthcare,CGEN
2007Q1,2007,Q1,2007-03-31,2007-03-31,-3099000.0,0.0,-3394000.0,-0.11,0.0,0.0,27995000.0,23583000.0,24515000.0,2140000.0,4412000.0,0.0,0.0,75008366.44,51499366.44,0.8363171067080767,11.455607476635514,0.0,0.0,-0.13171869201384692,0.8363171067080767,-0.13140821778399694,0.0,-6.0510137495966445,3.1806117304838235,,0.0,,0.0,11.455607476635514,-0.1106983389891052,0.0,0.0,0.21428571428571436,0.09200484557863266,-1.0,-0.717074761246461,-1.0,0.18831849135673126,0.21453367276093496,-0.06601811586047958,-1.0,-0.6139049913785918,Biotechnology,Healthcare,CGEN
