Quarters,Year,Quarter,FillingDate,Date,NetIncome,Revenue,OperatingIncome,EPSDiluted,GrossProfit,GrossProfitRatio,TotalAssets,CommonStockEquity,CurrentAssets,CurrentLiability,TotalLiability,Inventory,RetainedEarnings,MarketCap,EnterpriseValue,bookValuePerShare,currentRatio,debtToAssets,debtToEquity,roic,shareholdersEquityPerShare,roe,priceToSalesRatio,peRatio,pbRatio,payoutRatio,inventoryTurnover,dividendYield,assetTurnover,quickRatio,returnOnAssets,priceToFreeCashFlowsRatio,grossProfitMargin,epsdilutedGrowth,fiveYNetIncomeGrowthPerShare,fiveYRevenueGrowthPerShare,fiveYShareholdersEquityGrowthPerShare,grossProfitGrowth,netIncomeGrowth,operatingIncomeGrowth,threeYNetIncomeGrowthPerShare,threeYRevenueGrowthPerShare,threeYShareholdersEquityGrowthPerShare,Industry,Sector,Symbol
2023Q1,2023,Q1,2023-05-11,2023-03-31,-17321000.0,83490000.0,-17215000.0,-0.3,27511000.0,0.3295125165,246033000.0,23887000.0,156012000.0,84654000.0,164607000.0,102907000.0,-108533000.0,298938406.21999997,356279406.21999997,0.4107173164950983,1.8429371323268835,0.33860091938886244,3.487545526855612,-0.12858362236951376,0.4107173164950983,-0.7251224515426801,3.580529479219068,-4.31468169014491,12.514690259136769,0.0,0.5439766002312768,0.0,0.3393447220494812,0.534505162189619,-0.07040112505233038,-14.728932115687819,0.32951251646903823,0.1891891891891892,0.9486814434202495,-0.03503141656607384,1.4046805720709783,-0.06631596809774308,0.13524712930604094,0.11541030779507734,0.9486814434202495,-0.03503141656607384,1.4046805720709783,Packaged Foods,Consumer Defensive,BRCC
2022Q4,2022,Q4,2023-03-15,2022-12-31,-20030000.0,93618000.0,-19461000.0,-0.37,29465000.0,0.3147364823,225334000.0,25796000.0,145293000.0,62192000.0,129398000.0,77183000.0,-103733000.0,334919155.09000003,366231155.09000003,0.47060180824129283,2.336200797530229,0.31199020121242244,2.7253062490308575,-0.1668340854660452,0.47060180824129283,-0.7764769731741356,3.577508119058301,-4.18021910996006,12.983375526825865,0.0,0.8311804412888849,0.0,0.41546326786015425,0.9860914587085156,-0.08889026955541551,-7.025342543787889,0.3147364823004123,-0.23333333333333336,-17.737004725108253,0.2744876863540367,1.2044920659774927,0.2305282940070996,-0.24394485157123338,-0.246062235881675,-17.737004725108253,0.2744876863540367,1.2044920659774927,Packaged Foods,Consumer Defensive,BRCC
2022Q3,2022,Q3,2022-11-10,2022-09-30,-16102000.0,75494000.0,-15618000.0,-0.3,23945000.0,0.317177524,208100000.0,30325000.0,143888000.0,61199000.0,93630000.0,40933000.0,-98546000.0,409796055.6,387913055.6,0.5720217332418853,2.3511495285870683,0.23703988467083134,1.6266446826051113,-0.16454441461830768,0.5720217332418853,-0.5309810387469085,5.428193705460036,-6.362502415848963,13.513472567188789,0.0,1.2593506461779005,0.0,0.36277751081210957,1.5353028644258893,-0.07737626141278231,-11.71347879376876,0.3171775240416457,0.6703296703296704,0.0,0.0,0.0,0.061580067387834725,0.6428523899301319,0.07256532066508313,0.0,0.0,0.0,Packaged Foods,Consumer Defensive,BRCC
2022Q2,2022,Q2,2022-08-11,2022-06-30,-45085000.0,66365000.0,-16840000.0,-0.91,22556000.0,0.3398779477,194507000.0,33763000.0,144572000.0,37286000.0,64937000.0,26583000.0,-94503000.0,406132208.64,344553208.64,0.6783655030035098,3.8773802499597703,0.1619787462662012,0.9331516749104048,-0.22119855809956712,0.6783655030035098,-1.3353374996297722,6.119674657424847,-2.252036201840967,12.028913563368183,0.0,1.6480081254937367,0.0,0.341195946675441,2.8635412755457814,-0.23179114376346352,-14.984216670602125,0.33987794771340313,0.843103448275862,0.0,0.0,0.0,-0.02830310601817947,0.8244538152141325,-0.06293000063119358,0.0,0.0,0.0,Packaged Foods,Consumer Defensive,BRCC
2022Q1,2022,Q1,2022-05-12,2022-03-31,-256827000.0,65836000.0,-15843000.0,-5.8,23213000.0,0.3525882496,211842000.0,-44915000.0,160850000.0,42981000.0,399795000.0,25857000.0,-83748000.0,923598448.19,839982448.19,-1.0149173072312976,3.742351271492055,0.12502714287063,-0.5896916397639986,1.4972041115981298,-1.0149173072312976,5.718067460759212,14.028775262622274,-0.8990472654646903,-20.56325165735278,0.0,1.6484124221680783,0.0,0.3107787879646151,2.8738279704985925,-1.212351658311383,-25.075978719320158,0.35258824958989005,-17.70967741935484,0.0,0.0,0.0,-0.7411776511646058,-17.550162513542794,-0.3617844249613203,0.0,0.0,0.0,Packaged Foods,Consumer Defensive,BRCC
2021Q4,2021,Q4,2022-03-16,2021-12-31,-13845000.0,233101000.0,-11634000.0,-0.31,89687000.0,0.3847559642,87082000.0,4790000.0,53025000.0,59018000.0,82292000.0,20872000.0,-12995000.0,446700221.1,463370221.1,0.1088392118550487,0.898454708732929,0.40196596311522476,7.307724425887265,-0.29616329246714457,0.1088392118550487,-2.8903966597077244,1.916337643768152,-8.066092833152764,93.25683112734865,-0.09483568075117371,6.871119202759678,0.002939331430745065,2.6767988792172894,0.43674811074587416,-0.158988080200271,-97.76761240971767,0.38475596415287794,0.0,-15.409151281396271,2.9524744672473675,1.0472942409099057,0.0,0.0,0.0,-15.409151281396271,2.9524744672473675,1.0472942409099057,Packaged Foods,Consumer Defensive,BRCC
2020Q4,2020,Q4,2020-12-31,2020-12-31,976000.0,59906000.0,1385000.0,0.022,23971000.0,0.4001435582412446,72542000.0,-102878000.0,57088000.0,33540000.0,175420000.0,16041000.0,-6151000.0,439439307.51,418439307.51,-2.301320620884573,1.7020870602265952,0.19618979349893856,-0.13833861466980307,-0.015154429982398906,-2.301320620884573,-0.0094869651431793,7.3354807116148635,112.56129803022542,-4.2714604435350605,0.0,2.2401969951998004,0.0,0.8258112541699981,1.1586463923673227,0.013454274764963746,82.09215533532598,0.4001435582412446,0.0,0.0,0.0,0.0,0.0,0.0,0.0,0.0,0.0,0.0,Packaged Foods,Consumer Defensive,BRCC
2021Q3,2021,Q3,2021-09-30,2021-09-30,,,,,,,80305000.0,-131676000.0,54474000.0,45609000.0,211981000.0,23762000.0,-15389000.0,0.0,10544000.0,0.0,1.1943695323291457,0.30553514725110514,-0.18633615844952764,,0.0,,0.0,0.0,0.0,0.0,,,,0.576048586901708,,0.0,0.0,0.0,0.0,0.0,0.0,0.0,0.0,0.0,0.0,0.0,0.0,Packaged Foods,Consumer Defensive,BRCC
