Quarters,Year,Quarter,FillingDate,Date,NetIncome,Revenue,OperatingIncome,EPSDiluted,GrossProfit,GrossProfitRatio,TotalAssets,CommonStockEquity,CurrentAssets,CurrentLiability,TotalLiability,Inventory,RetainedEarnings,MarketCap,EnterpriseValue,bookValuePerShare,currentRatio,debtToAssets,debtToEquity,roic,shareholdersEquityPerShare,roe,priceToSalesRatio,peRatio,pbRatio,payoutRatio,inventoryTurnover,dividendYield,assetTurnover,quickRatio,returnOnAssets,priceToFreeCashFlowsRatio,grossProfitMargin,epsdilutedGrowth,fiveYNetIncomeGrowthPerShare,fiveYRevenueGrowthPerShare,fiveYShareholdersEquityGrowthPerShare,grossProfitGrowth,netIncomeGrowth,operatingIncomeGrowth,threeYNetIncomeGrowthPerShare,threeYRevenueGrowthPerShare,threeYShareholdersEquityGrowthPerShare,Industry,Sector,Symbol
2020Q4,2020,Q4,2020-12-31,2020-12-31,-71591000.0,2334697000.0,-26247000.0,0.0,280490000.0,0.1201397869,5342423000.0,2318716000.0,5007903000.0,1717273000.0,3035207000.0,3289804000.0,-1206436000.0,0.0,789992000.0,0.0,2.916195037131545,0.2676545829485984,0.6166878565550934,-0.008132898051039719,0.0,-0.030875277524284993,0.0,0.0,0.0,,0.6244162266201877,,0.437010884387103,0.6686479086318832,-0.013400473904818095,0.0,0.12013978687598434,-1.0,0.0,0.0,0.0,0.21664938861730784,-4.291086286948927,-1.5430900701442198,-1.0,-1.0,-1.0,Internet Retail,Consumer Cyclical,SECO
2020Q3,2020,Q3,2020-09-30,2020-09-30,21753000.0,1373473000.0,48329000.0,3.0,230543000.0,0.1678540459,5468411000.0,2329681000.0,5034580000.0,3022556000.0,3115261000.0,3017878000.0,-1140660000.0,1280824863.30744,2055971863.30744,329.73766272588,1.6656697179473268,0.2706091403883139,0.6351951189883936,0.012618751131248728,329.73766272588,0.009337329874776847,0.9325446246904308,14.720094507739622,0.549785512826623,0.0,0.3787197494398382,0.0,0.25116491792588375,0.2593358071777661,0.003977938015266226,0.0,0.16785404591135028,1.727272727272727,3.6974797611356034,0.46307532531833884,0.0,0.0991113399506088,2.548034578372207,0.5162039215686275,-0.8331674108554684,-0.632868442315998,-0.5110039326952753,Internet Retail,Consumer Cyclical,SECO
2020Q2,2020,Q2,2020-09-04,2020-06-30,6131000.0,1306340000.0,31875000.0,1.1,209754000.0,0.1605661619,5315664000.0,2282700000.0,4872290000.0,1589499000.0,3005612000.0,2943625000.0,-1162413000.0,1213517214.1647,1633726214.1647,429.4030175028711,3.065299191757906,0.2879427668866956,0.670524817102554,0.008254533107065405,429.4030175028711,0.0026858544705830813,0.9289443897949232,49.48284187590524,0.5316148482782231,0.0,0.37252910951632767,0.0,0.24575292945528537,0.7630504957851499,0.001153383660065798,0.0,0.16056616194865042,1.12987012987013,0.0,0.0,0.0,0.3059915695882547,1.1441096276795788,2.711501288659794,-0.7942934596653983,0.6087114999601657,5.40860528802992,Internet Retail,Consumer Cyclical,SECO
2020Q1,2020,Q1,2020-04-30,2020-03-31,-42544000.0,1005171000.0,-18624000.0,-8.47,160609000.0,0.1597827633,4905433000.0,1567286000.0,4449813000.0,1900905000.0,3310500000.0,2853653000.0,-1168544000.0,1341721232.1824002,2391948232.1824,311.93247406676164,2.340891838361202,0.314124563519673,0.9831753745008888,-0.00518890206469751,311.93247406676164,-0.027145013737122643,1.3348188837346087,-7.8843152511658525,0.8560793832028106,,0.29595819814111946,,0.20490973987413547,0.31454964871995184,-0.008672832755028965,0.0,0.15978276333081634,-2.078980891719745,0.0,0.0,0.0,-0.4566843364038307,-2.0378104112796995,-1.372137633377293,-2.8250725426499788,0.8255563270492304,4.025347796649837,Internet Retail,Consumer Cyclical,SECO
2019Q4,2019,Q4,2019-12-31,2019-12-31,40994000.0,2040100000.0,50046000.0,7.85,295609000.0,0.1448992696,4997196000.0,1624464000.0,4521499000.0,1929037000.0,3344749000.0,2680428000.0,-1126330000.0,2061440683.577,2878756683.5769997,323.31244875050754,2.343915124489577,0.3055991800201553,0.9400879305420127,0.013754446367856233,323.31244875050754,0.025235400722946152,1.0104606066256556,12.57160001205664,1.2689974561313762,,0.6508255398018525,,0.4082489460089218,0.5924018046310153,0.008203400466981883,0.0,0.1448992696436449,-0.3284538751944968,0.0,0.0,0.0,-0.10239546231602856,-0.3285725984767832,-0.47251148867996123,0.5443073492998324,1.3677686035025787,4.540041597775992,Internet Retail,Consumer Cyclical,SECO
2019Q3,2019,Q3,2019-12-09,2019-09-30,61055000.0,1941613000.0,94876000.0,11.689442779933485,329331000.0,0.16961722032145438,4507296000.0,1574983000.0,4085005000.0,1491137000.0,2898844000.0,2406580000.0,-1167324000.0,2406082724.552,3336885724.552,313.46438608083685,2.739523598435288,0.35377152953788704,1.0124255309422387,0.0226535707477576,313.46438608083685,0.03876549778632531,1.2392184871815342,9.852111721202196,1.5276880604755736,,0.6699473942274929,,0.4307711319602706,0.5453549875028251,0.013545815495587598,0.0,0.16961722032145438,0.5857657356623297,17.539893347938307,1.908368745527549,0.0,0.017153781769551266,0.5874934997399895,0.8911656833040982,17.539893347938307,1.908368745527549,0.0,Internet Retail,Consumer Cyclical,SECO
2019Q2,2019,Q2,2019-09-03,2019-06-30,38460000.0,1712112000.0,50168000.0,7.37148149758144,323777000.0,0.1891097077761268,4443203000.0,1545283000.0,4030520000.0,1511857000.0,2865757000.0,2167274000.0,-1228258000.0,2734480625.396,3575937625.396,307.55327956946445,2.665939966544455,0.3757690116791873,1.0804609899934188,0.013903870234915988,307.55327956946445,0.024888644992535347,1.5971388702351248,17.77483505847634,1.7695662382851556,,0.6405904375727296,,0.3853328330936039,0.6467079889169413,0.008655917814243463,0.0,0.1891097077761268,1.669337680681217,0.0,0.0,0.0,0.3043427466462555,1.668424339138278,1.3461628396389655,0.0,0.0,0.0,Internet Retail,Consumer Cyclical,SECO
2019Q1,2019,Q1,2019-04-05,2019-03-31,14413000.0,1175387000.0,21383000.0,2.7615395200581117,248230000.0,0.21119001656475697,3791793000.0,1505328000.0,3545870000.0,1037851000.0,2255447000.0,1981942000.0,-1266583000.0,3044809032.1792,3647526032.1792,299.6011495808488,3.416550159897712,0.3405916409466445,0.8579213301021439,0.005327718482147637,299.6011495808488,0.009574657483286035,2.5904736330920795,52.813588985277185,2.0226880999883083,,0.46780228684795017,,0.3099818476377798,0.7750409259132574,0.0038011041214538873,0.0,0.21119001656475697,-0.6910448839751113,0.0,0.0,0.0,-0.25788957583439964,-0.6898696045100486,-0.690451373809317,0.0,0.0,0.0,Internet Retail,Consumer Cyclical,SECO
2018Q4,2018,Q4,2018-12-31,2018-12-31,46474000.0,1792596000.0,69078000.0,8.938319441312144,334492000.0,0.18659642217209008,3791926000.0,1481365000.0,3626645000.0,1116613000.0,2290000000.0,1712740000.0,-1280753000.0,3134328374.2824,3385827374.2824,294.83186185923205,3.247897884047562,0.33911104805315295,0.8680399496410405,0.02043232847019048,294.83186185923205,0.031372416656259595,1.7484856455567235,16.86065528189095,2.1158380104041883,,0.851328281000035,,0.47274023807426624,1.189285813437601,0.012256040861556898,0.0,0.18659642217209008,0.06890322734115752,0.0,0.0,0.0,0.24023730070448646,0.05913990747282299,-0.016907181282554862,0.0,0.0,0.0,Internet Retail,Consumer Cyclical,SECO
2018Q3,2018,Q3,2018-12-04,2018-09-30,43879000.0,1572357000.0,70266000.0,8.36214094286698,269700000.0,0.17152593208794187,3193121000.0,1430783000.0,3060949000.0,599475000.0,1756913000.0,1483488000.0,-1327227000.0,4396194516.96243,4532862516.96243,283.20273879383257,5.106049459944118,0.40043925676477654,0.893672206057802,0.021516097671162224,283.20273879383257,0.030667823142992334,2.795926444797479,25.047257896501915,3.0725795015473554,,0.8781041707111887,,0.49242011185921236,2.265350515033988,0.013741727920739615,0.0,0.17152593208794187,0.23236226673057744,12.251164929484062,1.3423365662597124,0.0,0.2055193745781576,0.22532812063669366,0.24072537213285541,12.251164929484062,1.3423365662597124,0.0,Internet Retail,Consumer Cyclical,SECO
2018Q2,2018,Q2,2018-07-10,2018-06-30,35810000.0,1220131000.0,56633000.0,6.785456816242439,223721000.0,0.18335818039210544,2179764000.0,1348452000.0,1910641000.0,670692000.0,826883000.0,1379073000.0,-1371106000.0,2707463685.44704,2751618685.44704,266.7026897879198,2.84876068299607,0.1260948432949622,0.20383150456968435,0.027196275697782272,266.7026897879198,0.02655637723849273,2.218994259999164,18.90158953816699,2.007830968730841,,0.7225215779005172,,0.5597537164573779,0.5417419620332433,0.016428383990193435,0.0,0.18335818039210544,0.3942251259180814,0.0,0.0,0.0,0.6971703838567744,0.39501363459291,1.4308095115460555,0.0,0.0,0.0,Internet Retail,Consumer Cyclical,SECO
2018Q1,2018,Q1,2018-03-31,2018-03-31,25670000.0,802493000.0,23298000.0,4.866830105198608,131820000.0,0.16426311506767038,2045250000.0,1291530000.0,1787309000.0,592115000.0,749552000.0,1195059000.0,-1406916000.0,3335479480.62732,3523746480.62732,255.44440954649633,3.018516673281373,0.14356337856007823,0.22734508683499416,0.010458980519405239,255.44440954649633,0.01987565135924059,4.156396978699278,32.484217770036224,2.5825799482995517,,0.5612049279575319,,0.3923691480259137,0.7717301537708047,0.012551032881065884,0.0,0.16426311506767038,-0.44981572788775676,0.0,0.0,0.0,-0.3974934410794109,-0.4564895193732797,0.9436055727037624,0.0,0.0,0.0,Internet Retail,Consumer Cyclical,SECO
2017Q4,2017,Q4,2017-12-31,2017-12-31,47230000.0,1411594000.0,11987000.0,8.845818304681972,218786000.0,0.15499215780174752,2337708000.0,1283058000.0,2121049000.0,922990000.0,1052896000.0,1189885000.0,-1432586000.0,3219255940.1486397,3067428940.1486397,250.93367358114472,2.298019480167716,0.1290144021409004,0.23506186002503393,0.024231936367306812,250.93367358114472,0.036810494926963554,2.280582051318325,17.040313043344483,2.5090494273436117,0.0,1.0024565399177232,0.0,0.6038367494999376,0.8667385345453363,0.02020354980177165,-26.511207610546325,0.15499215780174752,-0.520677634452323,0.0,0.0,0.0,0.31221735740418644,0.3797032016826361,-0.6163914490527393,0.0,0.0,0.0,Internet Retail,Consumer Cyclical,SECO
2017Q3,2017,Q3,2017-09-30,2017-09-30,34232000.0,982183000.0,31248000.0,18.45484154400907,166730000.0,0.16975451621540996,2180171000.0,1250792000.0,2133754000.0,914976000.0,927524000.0,1021620000.0,-1479564000.0,1100302415.6100001,463289415.61000013,674.3155717863871,2.3320327527716573,0.11428232005654602,0.19919778828134493,0.0203686582247007,674.3155717863871,0.0273682594707993,1.1202621259072902,8.035627597058308,0.8796845643480291,,0.7981960024275171,,0.45050732259075094,1.0177512852796138,0.015701520660535342,0.0,0.16975451621540996,2.2916290404485733,27.15684744343355,2.985152718954329,0.0,0.28565369934842116,0.18852857440455523,0.12939135463351165,27.15684744343355,2.985152718954329,0.0,Internet Retail,Consumer Cyclical,SECO
2017Q2,2017,Q2,2017-06-30,2017-06-30,28802000.0,784725000.0,27668000.0,5.606598227573694,129685000.0,0.16526171588773136,1201519000.0,344211000.0,1158218000.0,850043000.0,855373000.0,910861000.0,-1473916000.0,3485923339.7700005,3688044339.7700005,67.00412932356997,1.3625404832461416,0.19726529501406137,0.6885834560778127,0.047602580050203964,67.00412932356997,0.08367542001853515,4.442222867590558,30.25764998758767,10.12728628594089,0.0,0.7191437551942612,0.0,0.653110770616195,0.07527383908814024,0.023971322967010926,-129.5882282442379,0.16526171588773136,0.20845053226349916,0.0,0.0,0.0,0.3395411773212275,0.21062586692446725,0.1567856844217744,0.0,0.0,0.0,Internet Retail,Consumer Cyclical,SECO
2017Q1,2017,Q1,2017-03-31,2017-03-31,23791000.0,561952000.0,23918000.0,4.639493365998362,96813000.0,0.17227983884744605,1046700000.0,318300000.0,1010400000.0,721200000.0,728400000.0,793400000.0,-1615900000.0,3532631665.9,3718531665.9,62.07181804903381,1.4009983361064893,0.19107671730199674,0.6283380458686774,0.04614701910090681,62.07181804903381,0.07474395224630852,6.286358382744434,37.12151302908663,11.098434388627082,0.0,0.5862603982858583,0.0,0.5368797172064584,0.047559622850804215,0.022729530906659023,-71.97444398172436,0.17227983884744605,-0.121844086815296,0.0,0.0,0.0,-0.2738244361268836,-0.12184408681529603,-0.3276550289537303,0.0,0.0,0.0,Internet Retail,Consumer Cyclical,SECO
2016Q4,2016,Q4,2016-12-31,2016-12-31,27092000.0,879360000.0,35574000.0,5.283222826767585,133319000.0,0.1516091248180495,1045816000.0,299262000.0,1008437000.0,739435000.0,744517000.0,752103000.0,-1363165000.0,3561501917.43,3705946917.43,58.35920959154872,1.3637939778344277,0.1912382292869874,0.6683107110157654,0.07125316967844539,58.35920959154872,0.0905293689141956,4.050106802026473,32.86488555136202,11.900949393608276,0.0,0.9919399337590729,0.0,0.8408362465290261,0.10352093152204048,0.02590513053921531,523.7502819749989,0.1516091248180495,7.060696221362688,0.0,0.0,0.0,0.21023057371096587,7.06069622136269,4.377777777777778,0.0,0.0,0.0,Internet Retail,Consumer Cyclical,SECO
2016Q3,2016,Q3,2016-09-30,2016-09-30,3361000.0,681346000.0,6615000.0,0.6554300871388549,110160000.0,0.16167996876770394,,,,,,,,3419663345.97,,,0.0,0.0,0.0,0.0,,0.0,5.018982053127192,254.36353361871465,0.0,,0.0,,0.0,0.0,0.0,0.0,0.16167996876770394,0.0,0.0,0.0,0.0,0.0,0.0,0.0,0.0,0.0,0.0,Internet Retail,Consumer Cyclical,SECO
2022Q2,2022,Q2,2022-06-30,2022-06-30,,,,,,,3742155000.0,900940000.0,3400799000.0,1375291000.0,2842320000.0,2532563000.0,-2588594000.0,0.0,1422845000.0,0.0,2.472785032404051,0.40115682006758135,1.6662496947632472,,0.0,,0.0,0.0,0.0,0.0,,,,0.0590638635750543,,0.0,0.0,0.0,-1.0,-1.0,-1.0,0.0,0.0,0.0,-1.0,-1.0,-1.0,Internet Retail,Consumer Cyclical,SECO
2021Q4,2021,Q4,2021-12-31,2021-12-31,,,,,,,4470878000.0,1780592000.0,4128152000.0,1335255000.0,2701547000.0,2995460000.0,-1772189000.0,0.0,1246546000.0,0.0,3.091658147694635,0.3137312178950085,0.7877458732825936,,0.0,,0.0,0.0,0.0,0.0,,,,0.5025122542136147,,0.0,0.0,0.0,-1.0,-1.0,-1.0,0.0,0.0,0.0,-1.0,-1.0,-1.0,Internet Retail,Consumer Cyclical,SECO
2021Q2,2021,Q2,2021-06-30,2021-06-30,,,,,,,4946081000.0,2291064000.0,4609284000.0,1287459000.0,2665986000.0,3286909000.0,-1247307000.0,0.0,1043035000.0,0.0,3.580140416121989,0.2748925866761988,0.5934539585101071,,0.0,,0.0,0.0,0.0,0.0,,,,0.2857768674575268,,0.0,0.0,0.0,0.0,0.0,0.0,0.0,0.0,0.0,-1.0,-1.0,-1.0,Internet Retail,Consumer Cyclical,SECO
2015Q4,2015,Q4,2015-12-31,2015-12-31,,,,,,,983100000.0,317700000.0,787700000.0,665500000.0,665500000.0,464500000.0,-735300000.0,0.0,-108600000.0,0.0,1.1836213373403457,0.17902553148204658,0.5539817437834434,,0.0,,0.0,0.0,0.0,0.0,,,,0.4389181066867017,,0.0,0.0,0.0,0.0,0.0,0.0,0.0,0.0,0.0,0.0,0.0,0.0,Internet Retail,Consumer Cyclical,SECO
2015Q2,2015,Q2,2015-06-30,2015-06-30,,,,,,,806700000.0,105300000.0,767800000.0,701400000.0,701400000.0,608100000.0,-611900000.0,0.0,119500000.0,0.0,1.0946678072426574,0.18036444775009297,1.3817663817663817,,0.0,,0.0,0.0,0.0,0.0,,,,0.05175363558597092,,0.0,0.0,0.0,0.0,0.0,0.0,0.0,0.0,0.0,0.0,0.0,0.0,Internet Retail,Consumer Cyclical,SECO
2015Q1,2015,Q1,2015-03-31,2015-03-31,,,,,,,737100000.0,138700000.0,697800000.0,598400000.0,598400000.0,516100000.0,-466800000.0,0.0,39700000.0,0.0,1.1661096256684491,0.1221001221001221,0.6488824801730353,,0.0,,0.0,0.0,0.0,0.0,,,,0.09358288770053476,,0.0,0.0,0.0,0.0,0.0,0.0,0.0,0.0,0.0,0.0,0.0,0.0,Internet Retail,Consumer Cyclical,SECO
2016Q2,,,,,,,,,,,,,,,,,,0.0,,0.0,0.0,0.0,0.0,0.0,0.0,0.0,0.0,0.0,0.0,0.0,0.0,,0.0,0.0,0.0,0.0,0.0,0.0,0.0,0.0,0.0,0.0,0.0,0.0,0.0,0.0,0.0,Internet Retail,Consumer Cyclical,SECO
2016Q1,,,,,,,,,,,,,,,,,,0.0,,0.0,0.0,0.0,0.0,0.0,0.0,0.0,0.0,0.0,0.0,0.0,0.0,,0.0,0.0,0.0,0.0,0.0,0.0,0.0,0.0,0.0,0.0,0.0,0.0,0.0,0.0,0.0,Internet Retail,Consumer Cyclical,SECO
