Quarters,Year,Quarter,FillingDate,Date,NetIncome,Revenue,OperatingIncome,EPSDiluted,GrossProfit,GrossProfitRatio,TotalAssets,CommonStockEquity,CurrentAssets,CurrentLiability,TotalLiability,Inventory,RetainedEarnings,MarketCap,EnterpriseValue,bookValuePerShare,currentRatio,debtToAssets,debtToEquity,roic,shareholdersEquityPerShare,roe,priceToSalesRatio,peRatio,pbRatio,payoutRatio,inventoryTurnover,dividendYield,assetTurnover,quickRatio,returnOnAssets,priceToFreeCashFlowsRatio,grossProfitMargin,epsdilutedGrowth,fiveYNetIncomeGrowthPerShare,fiveYRevenueGrowthPerShare,fiveYShareholdersEquityGrowthPerShare,grossProfitGrowth,netIncomeGrowth,operatingIncomeGrowth,threeYNetIncomeGrowthPerShare,threeYRevenueGrowthPerShare,threeYShareholdersEquityGrowthPerShare,Industry,Sector,Symbol
2023Q3,2023,Q3,2023-05-05,2023-03-31,-479000.0,172671000.0,-1375000.0,-0.0089,17038000.0,0.0986731993,412479000.0,284527000.0,177297000.0,112793000.0,127952000.0,0.0,-43189000.0,856186500.0,794515500.0,5.2739017608897125,1.5718794606048248,0.0031298563078362776,0.004537354978613629,-0.0014686231695191193,5.2739017608897125,-0.0016834957666583487,4.95848463262505,-446.86143006263046,3.0091573031733367,0.0,0.0,0.0,0.4186176750816405,1.4944899062885109,-0.0011612712404752727,-66.65004670714619,0.09867319932125256,0.9406666666666668,-1.0581368710431485,0.26481388843971965,0.8387201671403528,0.9955493089716562,0.9399674144629653,0.8500872219799389,-1.0330464242308588,0.28873233656211766,0.09637782456517416,Advertising Agencies,Communication Services,QNST
2023Q2,2023,Q2,2023-02-09,2022-12-31,-7979000.0,134048000.0,-9172000.0,-0.15,8538000.0,0.0636936023,391893000.0,279796000.0,155730000.0,96174000.0,112097000.0,0.0,-42710000.0,770724150.0,693361150.0,5.209480720177251,1.6192526046540645,0.004442539162475472,0.006222390598864887,-0.027536214431990037,5.209480720177251,-0.02851720539250025,5.74961319825734,-24.14851955132222,2.754593167879455,0.0,0.0,0.0,0.34205255005830676,1.565038367958076,-0.020360149326474317,-119.54771986970684,0.0636936022917164,-0.7709563164108618,-4.507904315311842,0.31143657597845653,0.9174319023707953,-0.3085519922254616,-0.7664379012618995,-0.8729834592607719,-5.9309588032805864,0.08652842012613297,0.14524777226416782,Advertising Agencies,Communication Services,QNST
2023Q1,2023,Q1,2022-11-04,2022-09-30,-4517000.0,143593000.0,-4897000.0,-0.0847,12348000.0,0.0859930498,405527000.0,283256000.0,169081000.0,104377000.0,122271000.0,0.0,-34731000.0,560175000.0,474684000.0,5.309390815370197,1.6199066844228134,0.007128995110066654,0.010206315135425198,-0.014891780746642798,5.309390815370197,-0.01594670545372384,3.9011302779383397,-31.003708213415987,1.9776280114101732,0.0,0.0,0.0,0.35408986331366343,1.5699723119077957,-0.01113859249815672,213.15639269406392,0.08599304980047774,0.06820682068206818,-3.6705645748679308,0.403308782204742,0.9976012628502556,0.05,0.08599757183326588,-1.2370945637277295,-4.8029226456396685,0.08084985264454682,0.18354505880327432,Advertising Agencies,Communication Services,QNST
2022Q4,2022,Q4,2022-08-22,2022-06-30,-4942000.0,146502000.0,-2189000.0,-0.0909,11760000.0,0.0802719417,419909000.0,286000000.0,182792000.0,109579000.0,133909000.0,4326000.0,-30214000.0,546680520.0,454099520.0,5.262964189761142,1.6681298423968096,0.009187704955121228,0.013489510489510489,-0.015051747637558729,5.262964189761142,-0.01727972027972028,3.7315567022975795,-27.6548219344395,1.9114703496503498,0.0,31.147018030513177,0.0,0.34888987852129866,1.6231942251708813,-0.011769216663610449,90.55499751532219,0.08027194167997706,-3.261194029850746,-2.0226431431344176,0.503438581440343,1.0265278008507615,-0.16542473919523099,-3.2161434977578476,-3.0650943396226413,-2.3385007430173563,0.11133663712082739,0.1874848003115435,Advertising Agencies,Communication Services,QNST
2022Q3,2022,Q3,2022-05-06,2022-03-31,2230000.0,150658000.0,1060000.0,0.0402,14091000.0,0.0935297163,433763000.0,301463000.0,193573000.0,104270000.0,132300000.0,0.0,-25271000.0,633882000.0,529533000.0,5.516753591362431,1.8564591924810587,0.011789848373420508,0.016963939189883998,0.009082386734274696,5.516753591362431,0.007397259365162557,4.2074234358613545,71.06300448430493,2.1026859017524537,0.0,0.0,0.0,0.3473279187021484,1.7957226431380071,0.005141056291108278,-399.42155009451795,0.09352971631111524,1.2233333333333334,2.2074070175987544,0.5840444904355341,1.1218318910235985,0.8762982689747004,1.2228217426059154,1.1311069882498455,1.1643439263903066,0.18386907779442907,0.28504441704025074,Advertising Agencies,Communication Services,QNST
2022Q2,2022,Q2,2022-02-09,2021-12-31,-10008000.0,125331000.0,-8085000.0,-0.18,7510000.0,0.0599213283,427591000.0,298645000.0,185010000.0,96656000.0,128946000.0,0.0,-27501000.0,989244960.0000001,880584960.0000001,5.491412915563401,1.9141077636152954,0.029818214134535104,0.042692829278909744,-0.03323686246047221,5.491412915563401,-0.03351135964104539,7.893058860138354,-24.711354916067148,3.312444407239365,0.0,0.0,0.0,0.2931095369172878,1.8541011421950009,-0.02340554408301391,107.01481609692775,0.059921328322601754,-4.0,-0.07205530663758362,0.6063050253961297,1.1534961843486191,-0.5851516323261338,-4.235693501454898,-3.053072625698324,-1.1724034197902427,0.09564729241885227,0.28675333651142826,Advertising Agencies,Communication Services,QNST
2022Q1,2022,Q1,2021-11-04,2021-09-30,3093000.0,159608000.0,3938000.0,0.06,18103000.0,0.11342163300085209,441933000.0,299695000.0,202815000.0,110456000.0,142238000.0,0.0,-21873000.0,948117079.9999999,849437079.9999999,5.55062693312096,1.836161005287173,0.016400676120588414,0.024184587664125193,0.010566086932663072,5.55062693312096,0.010320492500709055,5.940285449350909,76.63409957969608,3.163606600043377,0.0,0.0,0.0,0.3611588181918979,1.7595151010357066,0.006998798460400106,216.51451929664304,0.11342163300085209,-0.14285714285714296,1.7330066348326538,0.8382659734227547,1.05243537331904,-0.02546296296296296,-0.08246811035301098,-0.20939570367396104,-0.4737266632788221,0.2745045745260493,0.7651374510469876,Advertising Agencies,Communication Services,QNST
2021Q4,2021,Q4,2021-08-26,2021-06-30,3371000.0,151198000.0,4981000.0,0.07,18576000.0,0.12285876797312134,449515000.0,295148000.0,206176000.0,115611000.0,154367000.0,0.0,-24966000.0,997783159.9999999,896010159.9999999,5.496033667274962,1.783359714906021,0.019009376772743957,0.028951576836028028,0.01170063731650196,5.496033667274962,0.011421388591486305,6.599182264315664,73.99756452091367,3.3806197568677403,0.0,0.0,0.0,0.3363580748139662,1.7453961993235938,0.007499193575297821,76.65231312898517,0.12285876797312134,-0.22222222222222213,1.6480349918154678,0.6191271231868555,1.0043570261506163,-0.0888311178692304,-0.3307524320031765,-0.20354972817396866,-0.44965069246602646,0.19990944141114297,0.7610903559608186,Advertising Agencies,Communication Services,QNST
2021Q3,2021,Q3,2021-05-07,2021-03-31,5037000.0,153052000.0,6254000.0,0.09,20387000.0,0.13320309437315422,442495000.0,288567000.0,194071000.0,111712000.0,153928000.0,0.0,-28337000.0,1084568100.0,990808100.0,5.401145488236285,1.7372439845316527,0.02133809421575385,0.03272030412347912,0.017278228950211034,5.401145488236285,0.01745521837216314,7.086271985991689,53.83006253722454,3.7584619862978097,0.0,0.0,0.0,0.3458841342840032,1.6608153107991979,0.011383179470954474,91.90476230827896,0.13320309437315422,8.0,2.4834822839264628,0.5984782408845611,0.946731293327096,0.40300048172871794,9.80901287553648,28.073593073593074,-0.3826680535698248,0.1320794086041468,0.8830830730536363,Advertising Agencies,Communication Services,QNST
2021Q2,2021,Q2,2021-02-05,2020-12-31,466000.0,134968000.0,-231000.0,0.01,14531000.0,0.10766255705056013,415057000.0,279406000.0,181379000.0,97785000.0,135651000.0,0.0,-33374000.0,1137499200.0,1045634200.0,5.266346244463293,1.8548754921511479,0.025977154944983462,0.03858900667845357,0.0007269584441201093,5.266346244463293,0.0016678238835243337,8.42791772864679,610.2463519313304,4.071133762338676,0.0,0.0,0.0,0.3251794331862853,1.778636805235977,0.0011227373589651542,266.2685393258427,0.10766255705056013,-0.9629629629629629,1.06548252039912,0.767210384152967,0.8771328697436517,-0.14714168329616154,-0.9682582930318098,-1.0790283954840918,-0.7926013439648953,0.3367140510648251,0.9383621593902295,Advertising Agencies,Communication Services,QNST
2021Q1,2021,Q1,2020-11-06,2020-09-30,14681000.0,139269000.0,2923000.0,0.27,17038000.0,0.12233878321808873,417112000.0,273288000.0,184842000.0,104598000.0,143824000.0,0.0,-33840000.0,831473280.0,741349280.0,5.2062790520460265,1.7671657201858544,0.0,0.0,0.007792441110241518,5.2062790520460265,0.05371988524926085,5.970268186028477,14.15900279272529,3.042480021076666,0.0,0.0,0.0,0.3338887397149926,1.6384156484827626,0.03519678167974069,50.62242191780822,0.12233878321808873,8.000000000000002,3.0628005361648603,0.6432953273073158,0.785838434236871,0.4421872354833249,8.774300932090545,4.742637644046095,7.821652282753515,0.3832979550087316,0.9588065694864149,Advertising Agencies,Communication Services,QNST
2020Q4,2020,Q4,2020-08-28,2020-06-30,1502000.0,116961000.0,-781000.0,0.03,11814000.0,0.10100802831713135,358407000.0,255944000.0,185572000.0,85837000.0,102463000.0,0.0,-48521000.0,544537140.0,445720140.0,4.916421752242647,2.1619115299928935,0.0,0.0,-0.002367915490563203,4.916421752242647,0.005868471228081143,4.655715494908559,90.63534287616513,2.127563607664177,0.0,0.0,0.0,0.3263357021486746,2.04782319978564,0.0041907663633801795,46.47807613519973,0.10100802831713135,-0.8846153846153846,1.2558624620926477,0.41271074833526833,0.6168332006545518,-0.1825918494430222,-0.8920899489905884,-1.1947145350286712,1.958945366643717,0.25291903351685385,0.8930900918935036,Advertising Agencies,Communication Services,QNST
2020Q3,2020,Q3,2020-05-08,2020-03-31,13919000.0,128663000.0,4011000.0,0.26,14453000.0,0.1123322167212019,360512000.0,249207000.0,179260000.0,90896000.0,111305000.0,0.0,-50023000.0,417046350.00000006,329665350.00000006,4.810295905958654,1.9721439887343777,0.0,0.0,0.015004561427219894,4.810295905958654,0.05585316624332382,3.2413852467298296,7.490594690710541,1.6734937220864585,0.0,0.0,0.0,0.35688964583703175,1.8758361204013378,0.03860897834191372,29.324029672338636,0.1123322167212019,7.666666666666667,4.719445640041536,0.4675248275930859,0.5523967201743384,0.13064225925056716,7.985797288573273,2.099690880989181,20.116368534429945,0.42689112598400397,0.850116937342251,Advertising Agencies,Communication Services,QNST
2020Q2,2020,Q2,2020-02-07,2019-12-31,1549000.0,118101000.0,1294000.0,0.03,12783000.0,0.10823786420098051,339404000.0,233871000.0,150970000.0,82712000.0,105533000.0,0.0,-63942000.0,787148340.0,721793340.0,4.548780487804878,1.8252490569687592,0.0,0.0,0.0070510224585157415,4.548780487804878,0.006623309431267665,6.665043818426601,127.04137185280827,3.3657372654155497,0.0,0.0,0.0,0.34796584601242175,1.7619692426733726,0.004563882570623799,88.17613307942197,0.10823786420098051,0.4999999999999999,1.2444563561363586,0.5305920978047267,0.4558928099652051,-0.04782122905027933,0.36837455830388693,-0.23022010707911958,1.1755137179171748,0.6010792982057713,0.7838362502598735,Advertising Agencies,Communication Services,QNST
2020Q1,2020,Q1,2019-11-08,2019-09-30,1132000.0,126614000.0,1681000.0,0.02,13425000.0,0.10603092864928049,342258000.0,228091000.0,151300000.0,87573000.0,114167000.0,0.0,-65491000.0,640138550.0,581471550.0,4.486006490313699,1.727701460495815,0.0,0.0,0.006176531377566975,4.486006490313699,0.004962931461565779,5.0558275546148135,141.37335468197878,2.806505079113161,0.0,0.0,0.0,0.36993729876292153,1.6572687928927865,0.0033074464293018717,75.39912249705536,0.10603092864928049,-0.6666666666666666,1.1567562965585751,0.5931868149145475,0.39911339524294337,-0.07624028074038396,-0.6686182669789227,-0.517923716661887,1.2848810882028159,0.5485478485037277,0.6587744981955872,Advertising Agencies,Communication Services,QNST
2019Q4,2019,Q4,2019-08-29,2019-06-30,3416000.0,121964000.0,3487000.0,0.06,14533000.0,0.11915811222983831,324611000.0,222829000.0,143378000.0,83699000.0,101782000.0,0.0,-66623000.0,767729790.0,705207790.0,4.432026572786762,1.7130192714369348,0.0,0.0,0.015639614347827235,4.432026572786762,0.015330141049863348,6.294724590862877,56.18631367096018,3.4453764545907397,0.0,0.0,0.0,0.37572355835138055,1.6630186740582324,0.010523364889051819,105.89376413793103,0.11915811222983831,1.9999999999999996,1.0301478494377523,0.573645521536982,0.33808723673439556,-0.18696503496503497,2.6301806588735386,4.761596548004315,1.7014208496185952,0.39504322849160645,0.616322631745435,Advertising Agencies,Communication Services,QNST
2019Q3,2019,Q3,2019-05-10,2019-03-31,941000.0,116225000.0,-927000.0,0.02,17875000.0,0.15379651537965153,298308000.0,214253000.0,140254000.0,75037000.0,84055000.0,0.0,-70039000.0,674742640.0,607738640.0,4.2930450638187025,1.8691312285938937,0.0,0.0,0.004281164632143304,4.2930450638187025,0.004392003845920477,5.805486255108626,179.2621253985122,3.149279776712578,0.0,0.0,0.0,0.38961409013502823,1.7924224049468929,0.0031544578087077785,125.55687383699293,0.15379651537965153,-0.98,1.3073171917199586,0.41136500509019325,-0.22055395173596573,0.35611865564069495,-0.9821868019535834,-1.3248072880168185,1.2966875764833734,0.29947102075130594,0.547339390801775,Advertising Agencies,Communication Services,QNST
2019Q2,2019,Q2,2019-02-11,2018-12-31,52826000.0,104096000.0,2854000.0,1.0,13181000.0,0.12662350138333844,287749000.0,211206000.0,130496000.0,68146000.0,76543000.0,0.0,-70980000.0,803222700.0,740775700.0,4.267650030309153,1.9149473189915769,0.0,0.0,0.2427996821106595,4.267650030309153,0.25011600049241023,7.716172571472487,3.801265948585924,3.803029743473197,0.0,0.0,0.0,0.36175972809636175,1.842646670384175,0.1835836093261836,68.44092535787321,0.12662350138333844,9.0,2.052643397045375,0.3807319869410751,-0.22837074444800204,-0.17906078724464375,8.972814800830658,-0.46282702804441933,8.95785574565508,0.4611686613441555,0.5211582711406435,Advertising Agencies,Communication Services,QNST
2019Q1,2019,Q1,2018-11-09,2018-09-30,5297000.0,112869000.0,5313000.0,0.1,16056000.0,0.14225340881907345,223058000.0,153025000.0,141484000.0,66025000.0,70033000.0,0.0,-123806000.0,646244640.0,575725640.0,3.144586235949284,2.1428852707307837,0.0,0.0,0.03462177537137604,3.144586235949284,0.034615258944616895,5.725616776971533,30.500502171040207,4.2231311223656265,0.0,0.0,0.0,0.5060074061454868,2.0626580840590685,0.023747186830331123,69.51109390125848,0.14225340881907345,0.0,5.998204687704928,0.2994322227105787,-0.5171057186674599,-0.0405736480430236,-0.022874008485519275,-0.11861313868613138,1.8028341006806257,0.4365808786873411,0.07864424933649121,Advertising Agencies,Communication Services,QNST
2018Q4,2018,Q4,2018-09-12,2018-06-30,5421000.0,111521000.0,6028000.0,0.1,16735000.0,0.15006142340904405,220296000.0,148326000.0,137624000.0,68032000.0,71970000.0,0.0,-129103000.0,603605600.0,538905600.0,3.1208129944453797,2.0229303857008465,0.0,0.0,0.03728390356089648,3.1208129944453797,0.03654787427693054,5.412483747455636,27.836450839328535,4.069452422366948,0.0,0.0,0.0,0.5062325235138178,1.9711459313264346,0.02460780041398845,55.68831072977212,0.15006142340904405,-0.28571428571428575,4.09098667448622,0.3287547276913862,-0.520265710400465,-0.06732430474279663,-0.23830265561332023,-0.08375132998936008,2.0114917185859844,0.47541812333776506,0.02632245904285163,Advertising Agencies,Communication Services,QNST
2018Q3,2018,Q3,2018-05-10,2018-03-31,7117000.0,117925000.0,6579000.0,0.14,17943000.0,0.1521560313758745,206999000.0,133666000.0,123229000.0,69815000.0,73333000.0,0.0,-134524000.0,595107540.0,548018540.0,2.8682459980258357,1.7650791377211201,0.0,0.0,0.048605048220701566,2.8682459980258357,0.05324465458680592,5.046491753232987,20.904437965434873,4.452198315203567,0.0,0.0,0.0,0.5696887424576931,1.663754207548521,0.03438180860777105,118.42936119402985,0.1521560313758745,2.5,4.02357729939054,0.3707717569593897,-0.5561662592474175,0.4641370869033048,2.6553672316384183,2.9348086124401913,3.114224180266002,0.4952766705938114,-0.07434890346915152,Advertising Agencies,Communication Services,QNST
2018Q2,2018,Q2,2018-02-05,2017-12-31,1947000.0,87494000.0,1672000.0,0.04,12255000.0,0.14006674743410977,183272000.0,124907000.0,97921000.0,55879000.0,58365000.0,0.0,-141641000.0,385262120.00000006,342856120.00000006,2.7169052072910778,1.7523756688559209,0.0,0.0,0.013358514849861213,2.7169052072910778,0.015587597172296188,4.403297597549547,49.46868515665126,3.0843917474601104,0.0,0.0,0.0,0.4773997119036187,1.6307199484600654,0.010623554061722468,57.48464935840049,0.14006674743410977,0.3333333333333334,1.0285332877653017,0.13461454284523092,-0.5782429705901698,0.06769472033455305,0.34740484429065743,0.23212969786293294,1.3436251713158018,0.26809930754335815,-0.13042127065556938,Advertising Agencies,Communication Services,QNST
2018Q1,2018,Q1,2017-11-07,2017-09-30,1445000.0,87418000.0,1357000.0,0.03,11478000.0,0.13130018989224188,179085000.0,121141000.0,106489000.0,54411000.0,57944000.0,0.0,-143588000.0,334998300.0,284631300.0,2.6578831892579755,1.957122640642517,0.0,0.0,0.011264184939009833,2.6578831892579755,0.0119282489000421,3.8321432656889884,57.95818339100345,2.765358549128701,0.0,0.0,0.0,0.4881369182231901,1.8243002334086857,0.008068794148030266,202.17157513578758,0.13130018989224188,2.0,10.907350613835014,0.04434727259497967,-0.6611992083031497,0.050521691378363535,2.056286549707602,-0.14707730986800754,1.2232232373780718,0.22709681288404085,-0.1710489092890662,Advertising Agencies,Communication Services,QNST
2017Q4,2017,Q4,2017-09-08,2017-06-30,-1368000.0,81532000.0,1591000.0,-0.03,10926000.0,0.13400873276750233,174308000.0,118082000.0,99855000.0,52554000.0,56226000.0,0.0,-145033000.0,189601560.0,140030560.0,2.597035277557843,1.9000456673136203,0.0,0.0,0.017355936796578306,2.597035277557843,-0.011585169627885706,2.3254864347740765,-34.64940789473684,1.605677071865314,0.0,0.0,0.0,0.4677467471372513,1.8341325113216882,-0.007848176790508754,19.694770956684327,0.13400873276750233,-4.0,-7.570662128785999,-0.08150561626855146,-0.6630793494927575,0.10732745515354211,-3.3626943005181347,2.824519230769231,0.9866497906097637,0.16323336617429696,-0.21592082060463003,Advertising Agencies,Communication Services,QNST
2017Q3,2017,Q3,2017-05-10,2017-03-31,579000.0,79205000.0,416000.0,0.01,9867000.0,0.12457546872040906,170150000.0,118318000.0,91981000.0,48099000.0,51832000.0,0.0,-143665000.0,177477300.0,135733300.0,2.599995605071747,1.9123266595979127,0.0,0.0,0.0035777402597765265,2.599995605071747,0.0048935918457039505,2.2407335395492707,76.6309585492228,1.5000025355398163,0.0,0.0,0.0,0.46550102850426095,1.7640907295369965,0.0034028798119306496,33.74093155893536,0.12457546872040906,1.0588235294117647,-0.8012895068273252,-0.16046246015347596,-0.6614966260458179,1.4960789273969137,1.0737579617834394,1.0538441625679524,1.2073762680336029,0.054813420390767933,-0.527944321629275,Advertising Agencies,Communication Services,QNST
2017Q2,2017,Q2,2017-02-09,2016-12-31,-7850000.0,65610000.0,-7726000.0,-0.17,3953000.0,0.06024996189605243,165972000.0,116614000.0,85437000.0,44977000.0,49358000.0,0.0,-144244000.0,171948560.0,134452560.0,2.549998906649756,1.8995708917891367,0.0,0.0,-0.06625276553415542,2.549998906649756,-0.06731610269778929,2.6207675659198295,-5.476068789808917,1.474510436139743,0.0,0.0,0.0,0.39530764225291015,1.7478711341352247,-0.047297134456414335,890.9251813471502,0.06024996189605243,-1.125,-2.822039447889351,-0.2542436683131757,-0.6644518717025574,-0.29786856127886324,-1.1994956570467918,-0.5623862487360971,0.8307183217632339,-0.05821420021080892,-0.5389374142626168,Advertising Agencies,Communication Services,QNST
2017Q1,2017,Q1,2016-11-09,2016-09-30,-3569000.0,73438000.0,-4945000.0,-0.08,5630000.0,0.07666330782428715,188463000.0,123505000.0,105558000.0,60446000.0,64958000.0,0.0,-136394000.0,137917360.0,99351360.0,2.704410090216344,1.7463190285544121,0.07959121949666513,0.12145257277033318,-0.025768022815060833,2.704410090216344,-0.02889761548115461,1.8780108390751382,-9.660784533482767,1.1166945467794827,0.0,0.0,0.0,0.38966799849307293,1.619114581610032,-0.01893740415890652,1242.4987387387387,0.07666330782428715,-0.3333333333333334,-1.6757487062813459,-0.2453168111515367,-0.6489031689097111,-0.1822803195352215,0.19015203085999546,-0.07220294882914137,-2.588537584266797,-0.09907905815851374,-0.5847007940142387,Advertising Agencies,Communication Services,QNST
2016Q4,2016,Q4,2016-08-19,2016-06-30,-4407000.0,79113000.0,-4612000.0,-0.06,6885000.0,0.0870274164802245,193102000.0,124752000.0,107983000.0,63719000.0,68350000.0,0.0,-132825000.0,161510800.0,122800800.0,2.7420432565500263,1.6946750576751048,0.0776791540222266,0.12023855328972682,-0.030618274175908598,2.7420432565500263,-0.035326086956521736,2.0415203569577693,-9.162173814386202,1.294654995511094,0.0,0.0,0.0,0.4096953941440275,1.6362466454275804,-0.022822135451730174,-219.14626865671642,0.0870274164802245,0.0,-1.7138695482416284,-0.12230975639852874,-0.633469902269319,-0.18732294617563738,-0.5296771954182575,-0.6536392972391538,-1.625047099902032,-0.015280937337131841,-0.5784905484328772,Advertising Agencies,Communication Services,QNST
2016Q3,2016,Q3,2016-05-10,2016-03-31,-2881000.0,81243000.0,-2789000.0,-0.06,8472000.0,0.1042797533325948,199583000.0,125775000.0,111454000.0,53399000.0,73808000.0,0.0,-128418000.0,155038860.0,115286860.0,2.7744689299186023,2.087192644057005,0.07540722406216963,0.11965811965811966,-0.02031235478111523,2.7744689299186023,-0.022905982905982905,1.908334995014955,-13.453562998958695,1.2326683363148478,0.0,0.0,0.0,0.4070637278726144,1.9532575516395438,-0.014435097177615328,34.85585881294964,0.1042797533325948,0.5384615384615385,-1.469115361629545,-0.22141284433449748,-0.6191389891988628,0.7679465776293823,0.5240376672724268,0.530708396432778,-0.25822254814832757,-0.029187610904787657,-0.5706773670685356,Advertising Agencies,Communication Services,QNST
2016Q2,2016,Q2,2016-02-09,2015-12-31,-6053000.0,64961000.0,-5943000.0,-0.13,4792000.0,0.07376733732547221,189131000.0,126605000.0,98138000.0,41997000.0,62526000.0,0.0,-125537000.0,193594830.0,157893830.0,2.805526624858732,2.336785960901969,0.0795691874943822,0.11886576359543462,-0.042233430346184646,2.805526624858732,-0.047810118083803956,2.9801701020612366,-7.995821493474311,1.529124679120098,0.0,0.0,0.0,0.3434709275581475,2.173821939662357,-0.03200427217114064,-20.3462774566474,0.07376733732547221,0.07142857142857148,-1.887853767435205,-0.3235096065685206,-0.6060257412511316,-0.27327873824689114,0.00427701924658661,-0.07468354430379746,0.9096283176225153,-0.1417800531481973,-0.5644858819309417,Advertising Agencies,Communication Services,QNST
2016Q1,2016,Q1,2015-11-09,2015-09-30,-6079000.0,72389000.0,-5530000.0,-0.14,6594000.0,0.09109118788766249,197215000.0,130711000.0,112748000.0,45863000.0,66504000.0,0.0,-119484000.0,248839800.0,203228800.0,2.915313587295923,2.4583651309334322,0.0763075830945922,0.11513185577342382,-0.04036255771350587,2.915313587295923,-0.04650717996190068,3.437536089737391,-10.233582826122717,1.9037403125980217,0.0,0.0,0.0,0.3670562583981949,2.3225911955170835,-0.03082422736607256,168.36251691474965,0.09109118788766249,-0.2727272727272728,-1.81516101180859,-0.297289931400394,-0.5667960086200335,-0.1659499114596509,-0.20902943516308672,-0.5121684440798469,-41.36919693702857,-0.12088629323448677,-0.6283845146346739,Advertising Agencies,Communication Services,QNST
2015Q4,2015,Q4,2015-08-19,2015-06-30,-5028000.0,70912000.0,-3657000.0,-0.11,7906000.0,0.11149029783393502,205153000.0,135585000.0,118377000.0,48828000.0,69568000.0,0.0,-113405000.0,287599050.0,242180050.0,3.0407723878086523,2.424367166379946,0.07335500821338221,0.1109931039569274,-0.024085774413578582,3.0407723878086523,-0.03708374820223476,4.055717650045127,-14.299873210023868,2.12117158977763,0.0,0.0,0.0,0.3456542190462728,2.384431064143524,-0.024508537530526,-1106.1501923076924,0.11149029783393502,-0.5714285714285713,-1.7932298374548479,-0.19001787949784185,-0.5271643077235707,-0.2213138973702354,-0.5634328358208955,-0.3640432674375233,-25.626144658527988,-0.18539651736099477,-0.6055120930400476,Advertising Agencies,Communication Services,QNST
2015Q3,2015,Q3,2015-05-07,2015-03-31,-3216000.0,75345000.0,-2681000.0,-0.07,10153000.0,0.13475346738336982,259212000.0,137957000.0,171273000.0,70840000.0,121255000.0,0.0,-108377000.0,264905900.0,215366900.0,3.0986253986793044,2.4177442123094295,0.24906640124685586,0.46797915292446196,-0.012544038731509947,3.0986253986793044,-0.023311611589118347,3.515905501360409,-20.592809390547266,1.9202062961647473,0.0,0.0,0.0,0.2906694134530809,2.2453557312252963,-0.012406833016989954,79.7188985856154,0.13475346738336982,0.4166666666666666,-1.4237037227181424,-0.42587918664350594,-0.6596599203477896,0.6118431497063026,0.41281723571298157,0.5017654711020256,-2.1281369353325643,-0.18370807565675612,-0.5965781057371738,Advertising Agencies,Communication Services,QNST
2015Q2,2015,Q2,2015-02-06,2014-12-31,-5477000.0,66694000.0,-5381000.0,-0.12,6299000.0,0.09444627702641917,260247000.0,138848000.0,168897000.0,66005000.0,121399000.0,0.0,-105161000.0,269750800.0,251288800.0,3.124392439243924,2.558851602151352,0.266969455939934,0.5003889144964278,-0.025707671691798956,3.124392439243924,-0.03944601290619958,4.044603712477884,-12.312890268395106,1.9427777137589308,0.0,0.0,0.0,0.25627192628541345,2.378698583440648,-0.021045391493465824,78.16598087510866,0.09444627702641917,0.14285714285714296,-1.691449490384723,-0.7363428582635819,-0.5359334061536921,0.0897923875432526,0.12883728328296484,0.27849289353714135,-2.3081800070374734,-0.2198999159330667,-0.5888688295822174,Advertising Agencies,Communication Services,QNST
2015Q1,2015,Q1,2014-11-06,2014-09-30,-6287000.0,69189000.0,-7458000.0,-0.14,5780000.0,0.08353929092774863,265196000.0,141931000.0,169740000.0,62864000.0,123265000.0,0.0,-99684000.0,183703900.00000003,180434900.00000003,3.2063208783264807,2.7001145329600407,0.27584126457412633,0.5154053730333754,-0.034674985935662046,3.2063208783264807,-0.04429617208361809,2.655102689733918,-7.304910927310324,1.2943183659665614,0.0,0.0,0.0,0.26089760026546405,2.4971843980656656,-0.023706994072308783,-30.269220629428247,0.08353929092774863,0.0,-1.2948498527899974,-0.7309590797496496,-0.4695169707933832,-0.17452156526706655,0.9363425574354769,0.9270960615450786,-2.228072052117793,-0.2664620260142544,-0.5837431963770685,Advertising Agencies,Communication Services,QNST
2014Q4,2014,Q4,2014-09-12,2014-06-30,-98763000.0,67555000.0,-102299000.0,-0.14,7002000.0,0.1036488786914366,276843000.0,145151000.0,176656000.0,66244000.0,131692000.0,0.0,-93397000.0,241464730.0,234550730.0,3.3122104830796615,2.666747177102832,0.2790859801403684,0.5322939559493217,-0.44694694856885486,3.3122104830796615,-0.6804155672368775,3.5743428317667085,-0.6112226491702358,1.6635416221727717,0.0,0.0,0.0,0.2440191733220634,2.487561137612463,-0.35674732610179777,59.67986406327237,0.1036488786914366,-1.3333333333333337,-6.73315043125222,-0.6976757647955096,-0.3982119149357765,-0.3163444639718805,-35.94837261503928,-35.77174694464414,-17.608912223684577,-0.22192398841291008,-0.5572554046447714,Advertising Agencies,Communication Services,QNST
2014Q3,2014,Q3,2014-05-09,2014-03-31,-2673000.0,71888000.0,-2782000.0,-0.06,10242000.0,0.14247162252392612,374240000.0,239959000.0,170794000.0,63648000.0,134281000.0,0.0,5366000.0,289284880.0,288861880.0,5.507815548465582,2.6834150326797386,0.21729371526293287,0.3388912272513221,-0.006313661361342131,5.507815548465582,-0.011139402981342646,4.024105274872023,-27.056199027310136,1.205559616434474,0.0,0.0,0.0,0.19209063702436938,2.5462543991955755,-0.007142475416844806,222.52683076923077,0.14247162252392612,0.9405940594059405,-1.127611633347094,-0.6857204566517368,0.0,0.02123840861501645,0.939290013400259,0.012424565140220093,-1.4528894037916977,-0.28313976734044743,-0.24392298126893616,Advertising Agencies,Communication Services,QNST
2014Q2,2014,Q2,2014-02-07,2013-12-31,-44029000.0,66145000.0,-2817000.0,-1.01,10029000.0,0.15162143775039685,373221000.0,240143000.0,163679000.0,57353000.0,133078000.0,0.0,8039000.0,377319800.0,379525800.0,5.530700138185168,2.8538873293463287,0.22896085697214252,0.3558421440558334,-0.10037714237100834,5.530700138185168,-0.18334492364965874,5.70443419759619,-2.1424504303981466,1.571229642338107,0.0,0.0,0.0,0.17722743361172066,2.7472320541209703,-0.11797031785456874,1157.4226993865032,0.15162143775039685,-49.5,-6.834316071621077,-0.6522736341602787,0.0,-0.24983170020195974,-45.88924387646432,-34.2125,-7.712066236597687,-0.2840996138777509,-0.2233353025428929,Advertising Agencies,Communication Services,QNST
2014Q1,2014,Q1,2013-11-06,2013-09-30,-939000.0,76961000.0,-80000.0,-0.02,13369000.0,0.1737113602993724,425769000.0,280776000.0,177702000.0,65545000.0,144993000.0,0.0,52068000.0,407024480.0,408404480.0,6.511955841083563,2.7111450148752767,0.2106189036778159,0.31938271077300057,-0.00018468110639854686,6.511955841083563,-0.0033443029318745193,5.288710905523577,-108.36647497337593,1.4496412798814713,0.0,0.0,0.0,0.18075764088038349,2.54753222976581,-0.0022054212495508127,209.80643298969073,0.1737113602993724,0.5,-1.0891221860379785,-0.6209979452807725,0.0,-0.10160607486056045,0.40644753476611883,-1.0333472280116716,-1.1309348253454108,-0.22312235284925006,-0.03234929019622619,Advertising Agencies,Communication Services,QNST
2013Q4,2013,Q4,2013-08-20,2013-06-30,-1582000.0,75707000.0,2399000.0,-0.04,14881000.0,0.19656042373888807,429547000.0,278895000.0,177731000.0,66691000.0,150652000.0,0.0,53007000.0,371271520.0,373831520.0,6.50529483112521,2.6649922778185964,0.21575520257387434,0.3323006866383406,-0.007656634527084257,6.50529483112521,-0.005672385664855949,4.904058013129565,-58.67122629582806,1.3312232919198983,0.0,0.0,0.0,0.17624846640763409,2.494414538693377,-0.003682949712138602,19.42609460025115,0.19656042373888807,0.20000000000000004,-1.0938715315888374,-0.6536781742390857,0.18193241015319758,-0.018015045532532664,0.2682701202590194,0.09743824336688015,-1.2595758235205754,-0.10061482735435255,0.011563903062818291,Advertising Agencies,Communication Services,QNST
2013Q3,2013,Q3,2013-05-09,2013-03-31,-2162000.0,79017000.0,2186000.0,-0.05,15154000.0,0.19178151537011023,428299000.0,276618000.0,176154000.0,63548000.0,151681000.0,0.0,54589000.0,253399680.0,275063680.0,6.462433417437623,2.771983382639894,0.22735518878166888,0.35202336796593137,-0.034621696736618954,6.462433417437623,-0.007815832664540992,3.206900793500133,-29.301535615171137,0.9160635967290631,0.0,0.0,0.0,0.18449027431770795,2.4966009945238246,-0.005047875432816794,27.02641638225256,0.19178151537011023,0.9660739317383565,-1.1050558639321026,-0.648396208597158,0.0,0.5095128996912043,0.9659479296278213,1.023173963744302,-1.2962731119922037,-0.37373275021470814,-0.2901932886191196,Advertising Agencies,Communication Services,QNST
2013Q2,2013,Q2,2013-02-15,2012-12-31,-63491000.0,71751000.0,-94330000.0,-1.4737929433611885,10039000.0,0.1399144262797731,427372000.0,275564000.0,169015000.0,59949000.0,151808000.0,0.0,56751000.0,287461440.0,318799440.0,6.441872969118919,2.8193130827870356,0.2331949683179993,0.36166190068368875,-0.16685524346413824,6.441872969118919,-0.23040382633435427,4.006375381527784,-1.1318983792978532,1.0431748704475186,0.0,0.0,0.0,0.1678888649700963,2.4848454519675056,-0.1485614406184776,37.665283018867925,0.1399144262797731,-465.019783258443,-9.53970353923539,-0.6171328949328712,0.0,-0.252828222685323,-462.4379562043796,-102.8682505399568,-9.327096812117498,-0.7053242081435056,-0.04318740206238562,Advertising Agencies,Communication Services,QNST
2013Q1,2013,Q1,2012-11-05,2012-09-30,-137000.0,78626000.0,926000.0,-0.003162511542012927,13436000.0,0.17088494899905884,490304000.0,335859000.0,163950000.0,58264000.0,154445000.0,0.0,120243000.0,370323800.0,408678800.0,7.844973371951789,2.8139159686942192,0.20967195862158988,0.30608975790435866,0.024100180397055894,7.844973371951789,-0.00040790927145022165,4.70994073207336,-675.7733576642336,1.1026168719611504,0.0,0.0,0.0,0.16036173476047513,2.5488294658794453,-0.0002794184832267328,39.27498144023757,0.17088494899905884,-1.7028957245168432,-1.013095552456497,-0.6100399984368472,0.0,-0.27972552803688217,-1.681592039800995,-0.7573375262054507,-1.006643283481693,-0.6838798123594759,0.29794409116356635,Advertising Agencies,Communication Services,QNST
2012Q4,2012,Q4,2012-08-23,2012-06-30,201000.0,85698000.0,3816000.0,0.0044992613153064425,18654000.0,0.217671357557936,507160000.0,338357000.0,173536000.0,70314000.0,168803000.0,0.0,120379000.0,406476960.0,445541960.0,7.708151084381265,2.4680149045709245,0.21215395535925546,0.3179954899706523,0.0006206958016153165,7.708151084381265,0.0005940471159160295,4.7431323951550795,505.5683582089552,1.2013257003697277,0.0,0.0,0.0,0.1689762599574099,2.248442699889069,0.00039632463128006943,91.01588893864756,0.217671357557936,-0.9250123114115593,-0.9883514389839608,-0.6171194467577579,0.40047666177981694,-0.10079537237888647,-0.9300382875043508,-0.36852556677147114,-0.9883514389839608,-0.6171194467577579,0.40047666177981694,Advertising Agencies,Communication Services,QNST
2012Q3,2012,Q3,2012-05-08,2012-03-31,2873000.0,93023000.0,6043000.0,0.06,20745000.0,0.223009363275749,513578000.0,344640000.0,181713000.0,68530000.0,168938000.0,0.0,120178000.0,470686300.0,500986300.0,7.680855805660798,2.6515832482124617,0.2106028685029343,0.31383762766945217,0.007721010227080905,7.680855805660798,0.008336234911792015,5.059891639702009,40.95773581621998,1.365733228876509,0.0,0.0,0.0,0.1811273068550444,2.413877134101853,0.005594086974130512,29.17175704989154,0.223009363275749,-0.3333333333333333,-0.8668232167377464,-0.605132273014697,0.0,-0.06245763094861481,-0.3519061583577713,-0.28838907206782854,-0.8668232167377464,-0.605132273014697,0.0,Advertising Agencies,Communication Services,QNST
2012Q2,2012,Q2,2012-02-07,2011-12-31,4433000.0,90523000.0,8492000.0,0.09,22127000.0,0.24443511593738607,529016000.0,357587000.0,209414000.0,68568000.0,171429000.0,0.0,117305000.0,440425440.0,448940440.0,7.59950269902665,3.054106872010267,0.21563052913333433,0.3190048855243619,0.010903564823048679,7.59950269902665,0.012396983111802163,4.865342951515085,24.83788856304985,1.2316595401958124,0.0,0.0,0.0,0.17111580746140004,2.844679733986699,0.008379708742268665,33.58437090132683,0.24443511593738607,-0.18181818181818185,-0.4579465240931876,-0.560870300867019,0.0,-0.13145705762286072,-0.1931197670185657,-0.1634321741700325,-0.4579465240931876,-0.560870300867019,0.0,Advertising Agencies,Communication Services,QNST
2012Q1,2012,Q1,2011-11-08,2011-09-30,5494000.0,101224000.0,10151000.0,0.11,25476000.0,0.251679443610211,532734000.0,365919000.0,215306000.0,72509000.0,166815000.0,0.0,112872000.0,491676750.0,489008750.0,7.702747079254816,2.9693693196706614,0.19484583300483918,0.2836720695017203,0.013083134222861566,7.702747079254816,0.015014251787964002,4.857313976922469,22.373350473243537,1.3436764693825682,0.0,0.0,0.0,0.19000852207668367,2.789750237901502,0.010312839052885681,52.501521623064605,0.251679443610211,-0.18933447098976114,-0.5267200496035462,-0.5475573152510401,0.0,0.019203072491598656,-0.1476884889854173,-0.0479272181579441,-0.5267200496035462,-0.5475573152510401,0.0,Advertising Agencies,Communication Services,QNST
2011Q4,2011,Q4,2011-08-30,2011-06-30,6446000.0,94118000.0,10662000.0,0.13569097989685297,24996000.0,0.26558150406935976,524924000.0,355389000.0,231468000.0,69107000.0,169535000.0,0.0,107378000.0,616614900.0,590372900.0,7.481086201452479,3.3494146757926115,0.20202543606312534,0.2983997816477156,0.015691296709840916,7.481086201452479,0.01813787145916165,6.551508744342208,23.914633105802046,1.7350421650641972,0.0,0.0,0.0,0.1792983365210964,3.1175134212163744,0.01227987289588588,44.968997957993,0.26558150406935976,0.043776768437330506,-0.6548148154412753,-0.6114464002201778,0.35922175307727733,-0.141827170666392,0.016879634011673767,-0.11731103568176174,-0.6548148154412753,-0.6114464002201778,0.35922175307727733,Advertising Agencies,Communication Services,QNST
2011Q3,2011,Q3,2011-05-06,2011-03-31,6339000.0,107705000.0,12079000.0,0.13,29127000.0,0.2704331275242561,515839000.0,340867000.0,219109000.0,71383000.0,174972000.0,0.0,100932000.0,1063582160.0,1049988160.0,7.2847281586595996,3.06948433100318,0.2153578926758155,0.3259042383099567,0.01529163958665804,7.2847281586595996,0.018596696072075033,9.874956223016573,41.94597570594731,3.1202262466005806,0.0,0.0,0.0,0.20879576767169603,2.841124637518737,0.01228871799146633,33.910922076265784,0.2704331275242561,-0.07142857142857148,-0.718227822778146,-0.5615888160202642,0.0,0.08198365527488856,-0.08501732101616628,0.061516829246858244,-0.718227822778146,-0.5615888160202642,0.0,Advertising Agencies,Communication Services,QNST
2011Q2,2011,Q2,2011-02-11,2010-12-31,6928000.0,97582000.0,11379000.0,0.14,26920000.0,0.2758705498964973,499693000.0,326559000.0,197555000.0,68424000.0,173134000.0,0.0,94593000.0,880932180.0,891132180.0,7.121091194557111,2.8872179352274054,0.23418579007510612,0.358345658824286,0.017222746424759624,7.121091194557111,0.02121515560740938,9.02760939517534,31.788834439953813,2.697620276887178,0.0,0.0,0.0,0.1952839043172508,2.6035455395767566,0.013864512810865872,48.05171984945181,0.2758705498964973,-0.12499999999999993,-0.13077197602590052,-0.5142810751601653,0.0,-0.10227765364991497,-0.07638981469137449,-0.23982897989177634,-0.13077197602590052,-0.5142810751601653,0.0,Advertising Agencies,Communication Services,QNST
2011Q1,2011,Q1,2010-11-10,2010-09-30,7501000.0,103616000.0,14969000.0,0.16,29987000.0,0.2894051111797406,452106000.0,303494000.0,202740000.0,67497000.0,148612000.0,0.0,87665000.0,676019020.0,640948020.0,6.729655417091667,3.003689052846793,0.2039853485686985,0.30387091672323013,0.019966530525040972,6.729655417091667,0.024715480371934866,6.524272506176652,22.530963204906012,2.2274543154065647,0.0,0.0,0.0,0.22918519108350696,2.8036505326162646,0.016591241876904975,89.44416776925112,0.2894051111797406,0.12551552019965687,-0.31933932929706915,-0.5121470464374376,0.0,0.16730896492662228,0.17002027764779284,0.2864386387074596,-0.31933932929706915,-0.5121470464374376,0.0,Advertising Agencies,Communication Services,QNST
2010Q4,2010,Q4,2010-09-13,2010-06-30,6411000.0,88547000.0,11636000.0,0.14215708013659142,25689000.0,0.2901171129456673,434630000.0,290022000.0,218887000.0,63723000.0,144608000.0,0.0,80164000.0,519077980.0,456915980.0,6.430928200807132,3.4349763821540105,0.21537399627269171,0.322761721524574,0.016264136902082043,6.430928200807132,0.02210521960403004,5.862174664302573,20.2416931835907,1.7897882919226815,0.0,0.0,0.0,0.20372960909279156,3.2521381604758095,0.01475047741757357,68.389720685112,0.2901171129456673,0.29233709215083115,-0.6383656601155049,-0.6149349174367998,0.16842090408182486,0.0483166700673332,0.22114285714285714,0.14776089958571711,-0.6383656601155049,-0.6149349174367998,0.16842090408182486,Advertising Agencies,Communication Services,QNST
2010Q3,2010,Q3,2010-03-31,2010-03-31,5250000.0,90773000.0,10138000.0,0.11,24505000.0,0.26995912881583733,434167000.0,280373000.0,236505000.0,66383000.0,153794000.0,0.0,73753000.0,523822950.00000006,451236950.00000006,9.104497483357688,3.5627344350210146,0.19493881386655365,0.3018692955455768,0.01659273469033984,9.104497483357688,0.018725055550998133,5.770691174688509,24.943950000000005,1.8683073976452798,0.0,0.0,0.0,0.20907392777433567,3.354051489086061,0.012092121234455865,42.24378629032258,0.26995912881583733,1.7500000000000002,-0.6454087135154295,-0.43857228439873686,0.0,0.2008722924630011,1.1784232365145229,0.8520277676287906,-0.6454087135154295,-0.43857228439873686,0.0,Advertising Agencies,Communication Services,QNST
2010Q2,2010,Q2,2009-12-31,2009-12-31,2410000.0,76963000.0,5474000.0,0.04,20406000.0,0.26514039213648116,281845000.0,91032000.0,86652000.0,55125000.0,190813000.0,0.0,68503000.0,202815000.0,274371000.0,6.7326381184823605,1.5719183673469388,0.31750430200997004,0.983027946216715,0.015333626436091877,6.7326381184823605,0.02647420687230864,2.635227317022465,21.038900414937757,2.2279528078038493,0.0,0.0,0.0,0.2730685305753162,1.3456326530612246,0.008550799198140823,60.61416616855947,0.26514039213648116,-0.8958515050759374,0.025531914893617103,0.299282518781126,0.0,-0.1318442884492661,-0.629970827575618,-0.5426518506140864,0.025531914893617103,0.299282518781126,0.0,Advertising Agencies,Communication Services,QNST
2010Q1,2010,Q1,2009-09-30,2009-09-30,6513000.0,78552000.0,11969000.0,0.384067,23505000.0,0.2992285365108463,235410000.0,81723000.0,74123000.0,54181000.0,153687000.0,0.0,66093000.0,202815000.0,240897000.0,6.044153538939428,1.3680626049722227,0.22511787944437364,0.6484710546602548,0.050982069054280994,6.044153538939428,0.07969604640064608,2.5819202566452795,7.785006909258406,2.4817370874784332,0.0,0.0,0.0,0.3336816617815726,1.2386260866355365,0.027666624187587613,18.355959815367907,0.2992285365108463,-0.022969409030036424,0.9712469733656175,0.23358145670404218,0.0,0.10674263113287503,0.24603022766405203,0.22057923720171324,0.9712469733656175,0.23358145670404218,0.0,Advertising Agencies,Communication Services,QNST
2009Q4,2009,Q4,2009-06-30,2009-06-30,5227000.0,67801000.0,9806000.0,0.39309618710987443,21238000.0,0.3132402176959042,212878000.0,73186000.0,65236000.0,48810000.0,139692000.0,0.0,59580000.0,199455000.0,231513000.0,5.50394825900579,1.3365293997131735,0.2083352906359511,0.6059902167081136,0.048175800204619854,5.50394825900579,0.07142076353400924,2.9417707703426204,9.539649894777119,2.725316317328451,0.0,0.0,0.0,0.31849697949060024,1.1978078262651095,0.024553969879461474,31.41023622047244,0.3132402176959042,1.620641247399163,0.0,0.0,0.0,-0.07793166326574914,-0.18238698576568121,-0.24927269943347113,0.0,0.0,0.0,Advertising Agencies,Communication Services,QNST
2009Q3,2009,Q3,2009-03-31,2009-03-31,6393000.0,69813000.0,13062000.0,0.15,23033000.0,0.3299242261469927,,,,,,,,199455000.0,,,0.0,0.0,0.0,0.0,,0.0,2.856989385930987,7.799741905208822,0.0,0.0,0.0,0.0,0.0,0.0,0.0,12.527793480309025,0.3299242261469927,-0.13695744680851066,0.0,0.0,0.0,0.41602114840772164,1.7204255319148936,1.5080645161290323,0.0,0.0,0.0,Advertising Agencies,Communication Services,QNST
2009Q2,2009,Q2,2008-12-31,2008-12-31,2350000.0,59235000.0,5208000.0,0.1738037127431403,16266000.0,0.27460116485186126,,,,,,,,202815000.0,,,0.0,0.0,0.0,0.0,,0.0,3.4239047860217777,21.576063829787234,0.0,0.0,0.0,0.0,0.0,0.0,0.0,22.52749083638787,0.27460116485186126,-0.10793951392908685,0.0,0.0,0.0,-0.1158341033864217,-0.2887409200968523,-0.2162528216704289,0.0,0.0,0.0,Advertising Agencies,Communication Services,QNST
2009Q1,2009,Q1,2008-09-30,2008-09-30,3304000.0,63678000.0,6645000.0,0.194834,18397000.0,0.2889066867678005,,,,,,,,202815000.0,,,0.0,0.0,0.0,0.0,,0.0,3.1850089512861586,15.346171307506054,0.0,0.0,0.0,0.0,0.0,0.0,0.0,-182.55175517551754,0.2889066867678005,0.0,0.0,0.0,0.0,0.0,0.0,0.0,0.0,0.0,0.0,Advertising Agencies,Communication Services,QNST
