Quarters,Year,Quarter,FillingDate,Date,NetIncome,Revenue,OperatingIncome,EPSDiluted,GrossProfit,GrossProfitRatio,TotalAssets,CommonStockEquity,CurrentAssets,CurrentLiability,TotalLiability,Inventory,RetainedEarnings,MarketCap,EnterpriseValue,bookValuePerShare,currentRatio,debtToAssets,debtToEquity,roic,shareholdersEquityPerShare,roe,priceToSalesRatio,peRatio,pbRatio,payoutRatio,inventoryTurnover,dividendYield,assetTurnover,quickRatio,returnOnAssets,priceToFreeCashFlowsRatio,grossProfitMargin,epsdilutedGrowth,fiveYNetIncomeGrowthPerShare,fiveYRevenueGrowthPerShare,fiveYShareholdersEquityGrowthPerShare,grossProfitGrowth,netIncomeGrowth,operatingIncomeGrowth,threeYNetIncomeGrowthPerShare,threeYRevenueGrowthPerShare,threeYShareholdersEquityGrowthPerShare,Industry,Sector,Symbol
2018Q2,2018,Q2,2018-06-30,2018-06-30,0.0,0.0,0.0,0.0,0.0,0.0,600561884.0,410162315.0,0.0,0.0,190399569.0,0.0,1861443.0,0.0,164958015.0,0.0,0.0,0.2933919129639603,0.4295860286433189,,0.0,0.0,0.0,0.0,0.0,0.0,0.0,,0.0,0.0,0.0,0.0,0.0,0.0,0.0,0.0,0.0,0.0,0.0,0.0,0.0,0.0,0.0,Asset Management,Financial Services,BGH
2022Q4,2022,Q4,2022-12-31,2022-12-31,,,,,,,399275662.0,286041502.0,15652717.0,2204087.0,113234160.0,0.0,-180775755.0,0.0,103088418.0,0.0,7.10167838202394,0.2717420827919133,0.37931558616973,,0.0,,0.0,0.0,0.0,0.0,0.0,,,7.10167838202394,,0.0,0.0,0.0,0.0,0.0,0.0,0.0,0.0,0.0,0.0,0.0,0.0,Asset Management,Financial Services,BGH
2022Q2,2022,Q2,2022-06-30,2022-06-30,,,,,,,392612701.0,291232178.0,15450662.0,2202295.0,101380523.0,0.0,-176603491.0,0.0,95007291.0,0.0,7.015709521204017,0.25088337628690216,0.3382181209385455,,0.0,,0.0,0.0,0.0,0.0,0.0,,,7.015709521204017,,0.0,0.0,0.0,0.0,0.0,0.0,0.0,0.0,0.0,0.0,0.0,0.0,Asset Management,Financial Services,BGH
2021Q2,2021,Q2,2021-06-30,2021-06-30,,,,,,,525369586.0,360159457.0,0.0,0.0,165210129.0,0.0,-108275969.0,0.0,135428419.0,0.0,0.0,0.2855132919704263,0.4164821916643438,,0.0,,0.0,0.0,0.0,0.0,0.0,,,0.0,,0.0,0.0,0.0,0.0,0.0,0.0,0.0,0.0,0.0,0.0,0.0,0.0,Asset Management,Financial Services,BGH
2020Q4,2020,Q4,2020-12-31,2020-12-31,,,,,,,472591971.0,334576104.0,0.0,0.0,138015867.0,0.0,-133859322.0,0.0,133896349.0,0.0,0.0,0.287668873663535,0.4063350561341942,,0.0,,0.0,0.0,0.0,0.0,0.0,,,0.0,,0.0,0.0,0.0,0.0,0.0,0.0,0.0,0.0,0.0,0.0,0.0,0.0,Asset Management,Financial Services,BGH
2020Q2,2020,Q2,2020-06-30,2020-06-30,,,,,,,384973503.0,282081812.0,0.0,0.0,102891691.0,0.0,-186789798.0,0.0,86723280.0,0.0,0.0,0.2375488164441281,0.3241967263029351,,0.0,,0.0,0.0,0.0,0.0,0.0,,,0.0,,0.0,0.0,0.0,0.0,0.0,0.0,0.0,0.0,0.0,0.0,0.0,0.0,Asset Management,Financial Services,BGH
2019Q4,2019,Q4,2019-12-31,2019-12-31,,,,,,,519805256.0,367648802.0,0.0,0.0,152156454.0,0.0,-101176685.0,0.0,142644045.0,0.0,0.0,0.2831829772802451,0.40038210161228815,,0.0,,0.0,0.0,0.0,0.0,0.0,,,0.0,,0.0,0.0,0.0,0.0,0.0,0.0,0.0,0.0,0.0,0.0,0.0,0.0,Asset Management,Financial Services,BGH
2019Q2,2019,Q2,2019-06-30,2019-06-30,,,,,,,560014049.0,372489486.0,0.0,0.0,187524563.0,0.0,-96269325.0,0.0,139431704.0,0.0,0.0,0.2771359044958531,0.4166560556289097,,0.0,,0.0,0.0,0.0,0.0,0.0,,,0.0,,0.0,0.0,0.0,0.0,0.0,0.0,0.0,0.0,0.0,0.0,0.0,0.0,Asset Management,Financial Services,BGH
2018Q4,2018,Q4,2018-12-31,2018-12-31,,,,,,,528388622.0,366691377.0,0.0,0.0,161697245.0,0.0,-102067434.0,0.0,150135097.0,0.0,0.0,0.29750829873092915,0.42869838196386056,,0.0,,0.0,0.0,0.0,0.0,0.0,,,0.0,,0.0,0.0,0.0,0.0,0.0,0.0,0.0,0.0,0.0,0.0,0.0,0.0,Asset Management,Financial Services,BGH
