Quarters,Year,Quarter,FillingDate,Date,NetIncome,Revenue,OperatingIncome,EPSDiluted,GrossProfit,GrossProfitRatio,TotalAssets,CommonStockEquity,CurrentAssets,CurrentLiability,TotalLiability,Inventory,RetainedEarnings,MarketCap,EnterpriseValue,bookValuePerShare,currentRatio,debtToAssets,debtToEquity,roic,shareholdersEquityPerShare,roe,priceToSalesRatio,peRatio,pbRatio,payoutRatio,inventoryTurnover,dividendYield,assetTurnover,quickRatio,returnOnAssets,priceToFreeCashFlowsRatio,grossProfitMargin,epsdilutedGrowth,fiveYNetIncomeGrowthPerShare,fiveYRevenueGrowthPerShare,fiveYShareholdersEquityGrowthPerShare,grossProfitGrowth,netIncomeGrowth,operatingIncomeGrowth,threeYNetIncomeGrowthPerShare,threeYRevenueGrowthPerShare,threeYShareholdersEquityGrowthPerShare,Industry,Sector,Symbol
2023Q1,2023,Q1,2023-05-09,2023-03-31,30272000.0,161063000.0,33510000.0,0.0002,123303000.0,0.7655575768,1227515000.0,-397276000.0,408007000.0,430573000.0,722925000.0,24153000.0,-1001950000.0,162562722.0,141227722.0,-5.132047432128997,0.947590768580473,0.22971939243104972,-0.7097936950633816,-0.33051370806662717,-5.132047432128997,-0.07619891460848377,1.0093113998870007,1.3425171941067655,-0.4091934121366506,0.0,1.5633668695400158,0.0,0.13121061657087693,0.8125219184667872,0.0246612057693796,2.6008370984257008,0.7655575768488108,1.0,0.0,0.0,0.0,-0.026696136085566563,0.21897398727550937,0.3535565698590298,0.0,0.0,0.0,,,SEATW
2022Q4,2022,Q4,2023-03-07,2022-12-31,24834000.0,164990000.0,24757000.0,0.0001,126685000.0,0.7678344142,1151431000.0,-382698000.0,331516000.0,378015000.0,671269000.0,12783000.0,-1014132000.0,163154957.42630002,194171957.42630002,-4.768391818872132,0.876991653770353,0.24539811764665012,-0.7383341433715358,-0.3129618976868172,-4.768391818872132,-0.06489189909537024,0.9888778557870175,1.6424554786411776,-0.42632822075448534,0.0,2.9965579284987873,0.0,0.14329126104820872,0.7620676428184067,0.02156794458373971,17.24864757651972,0.7678344142069217,-0.9995652173913044,0.0,0.0,0.0,0.06278470818197834,0.32469195071211393,0.14082300354822358,0.0,0.0,0.0,,,SEATW
2022Q3,2022,Q3,2022-11-08,2022-09-30,18747000.0,156818000.0,21701000.0,0.23,119201000.0,0.7601232001,1180521000.0,-425463000.0,364045000.0,405293000.0,700572000.0,14123000.0,-1024217000.0,161533000.59,169540000.59,-5.18879799755226,0.898226714993844,0.2387894836262972,-0.662562902061989,-0.1661089528017539,-5.18879799755226,-0.0440625859357923,1.0300667052889336,2.154118000080013,-0.37966403797745046,0.0,2.663527579126248,0.0,0.13283795883343033,0.7756931405180943,0.015880276589743003,-32.47547257539204,0.7601232001428407,-0.20689655172413784,0.0,0.0,0.0,0.034084599902838505,-0.17581113162753892,-0.1890205164617512,0.0,0.0,0.0,,,SEATW
2022Q2,2022,Q2,2022-08-09,2022-06-30,22746000.0,147694000.0,26759000.0,0.29,115272000.0,0.780478557,1223052000.0,-425622000.0,412911000.0,473018000.0,765720000.0,21202000.0,-1031880000.0,144246564.28,134473564.28,-5.370194041477103,0.8729287257567365,0.2273312990780441,-0.6532510067618685,-0.1830532877057851,-5.370194041477103,-0.053441786373824664,0.9766582547699975,1.5854058326738767,-0.3389076793022917,0.0,1.529195358928403,0.0,0.12075856136942664,0.7022650300834218,0.01859773746332944,-5.632431248730964,0.7804785570165342,0.0,0.0,0.0,0.0,0.1689923738439072,6.248565965583174,0.9503644314868804,0.0,0.0,0.0,,,SEATW
2022Q1,2022,Q1,2022-05-10,2022-03-31,3138000.0,130772000.0,13720000.0,0.0,98608000.0,0.7540452085,1274218000.0,-875224000.0,461899000.0,539983000.0,842150000.0,17899000.0,-1041535000.0,0.0,-36522000.0,0.0,0.8553954476344625,0.21780652918103496,-0.3170993939837116,-0.022731169963117914,0.0,-0.0035853678601135254,0.0,0.0,0.0,0.0,1.7969718978713896,,0.10262922043166868,0.6815640492385872,0.002462686918564955,0.0,0.7540452084544093,0.0,0.0,0.0,0.0,0.0,0.0,0.0,0.0,0.0,0.0,,,SEATW
2021Q3,2021,Q3,2021-09-30,2021-09-30,-1847000.0,139538000.0,15472000.0,0.0,109063000.0,0.7816007109174562,1413055000.0,-303142000.0,656383000.0,573312000.0,1716197000.0,17122000.0,-1046128000.0,0.0,415800000.0,0.0,1.1448966705737889,0.6399375820474079,-2.982981572992195,0.025738407153254313,0.0,0.006092854173951482,0.0,0.0,0.0,0.0,1.7798738465132578,,0.09874916404527778,0.9462578840142889,-0.0013070970344395653,0.0,0.7816007109174562,0.0,0.0,0.0,0.0,0.1418774604238211,-1.6982986767485821,-0.2059125436255389,0.0,0.0,0.0,,,SEATW
2021Q2,2021,Q2,2021-06-30,2021-06-30,2645000.0,115498000.0,19484000.0,0.0,95512000.0,0.8269580425635076,1407121000.0,-300243000.0,653040000.0,575634000.0,1707364000.0,21712000.0,-1044281000.0,0.0,434872000.0,0.0,1.1344708616933676,0.6366097869337463,-2.98353999926726,0.03271630643579652,0.0,-0.008809530946599921,0.0,0.0,0.0,0.0,0.9205047899778924,,0.08208107191918819,0.8913788970074735,0.0018797246292252053,0.0,0.8269580425635076,0.0,0.0,0.0,0.0,0.0,0.0,0.0,0.0,0.0,0.0,,,SEATW
2020Q3,2020,Q3,2020-09-30,2020-09-30,-40216000.0,-7082000.0,-21906000.0,0.0,-7461000.0,-1.0535159559446483,,,,,,,,0.0,,0.0,0.0,0.0,0.0,0.0,0.0,0.0,0.0,0.0,0.0,-0.0008951661030435648,0.0,,0.0,0.0,0.0,0.0,1.0535159559446483,0.0,0.0,0.0,0.0,0.7531268612269207,0.9392607561594843,0.7044243250172034,0.0,0.0,0.0,,,SEATW
2020Q2,2020,Q2,2020-06-30,2020-06-30,-662109000.0,-28897000.0,-74113000.0,0.0,-30222000.0,-1.045852510641243,,,,,,,,0.0,,0.0,0.0,0.0,0.0,0.0,0.0,0.0,0.0,0.0,0.0,,0.0,,0.0,0.0,0.0,0.0,1.045852510641243,0.0,0.0,0.0,0.0,0.0,0.0,0.0,0.0,0.0,0.0,,,SEATW
