Quarters,Year,Quarter,FillingDate,Date,NetIncome,Revenue,OperatingIncome,EPSDiluted,GrossProfit,GrossProfitRatio,TotalAssets,CommonStockEquity,CurrentAssets,CurrentLiability,TotalLiability,Inventory,RetainedEarnings,MarketCap,EnterpriseValue,bookValuePerShare,currentRatio,debtToAssets,debtToEquity,roic,shareholdersEquityPerShare,roe,priceToSalesRatio,peRatio,pbRatio,payoutRatio,inventoryTurnover,dividendYield,assetTurnover,quickRatio,returnOnAssets,priceToFreeCashFlowsRatio,grossProfitMargin,epsdilutedGrowth,fiveYNetIncomeGrowthPerShare,fiveYRevenueGrowthPerShare,fiveYShareholdersEquityGrowthPerShare,grossProfitGrowth,netIncomeGrowth,operatingIncomeGrowth,threeYNetIncomeGrowthPerShare,threeYRevenueGrowthPerShare,threeYShareholdersEquityGrowthPerShare,Industry,Sector,Symbol
2023Q1,2023,Q1,2023-05-19,2023-03-31,90965.0,2204262.0,90965.0,0.0036,2204262.0,1.0,209561317.0,199426794.0,265167.0,3609523.0,10134523.0,0.0,-9869856.0,261380624.99999997,262181205.99999997,7.973085217391304,0.07346316951020952,0.0046525762194937915,0.004889012055220624,0.00045391310219508314,7.973085217391304,0.0004561322888237375,118.57965387054713,718.3549304677623,1.3106595144883089,0.0,0.0,0.0,0.010518458423316742,0.048321897380900466,0.00043407343159615664,-473.90711348505283,1.0,-0.9953846153846153,0.0,0.0,0.0,-0.25995964506457797,-0.9767596044035779,1.0145580197060198,0.0,0.0,0.0,Shell Companies,Financial Services,VHNA
2022Q4,2022,Q4,2023-04-14,2022-12-31,3914090.0,2978570.0,-6248446.0,0.78,2978570.0,1.0,207291404.0,199335829.0,199498.0,1430575.0,7955575.0,0.0,-7756577.0,204902400.0,205151437.0,9.961810544727637,0.13945301714345631,0.0014472380147514462,0.0015049978797339037,-0.23264923576200192,9.961810544727637,0.01963565717029225,68.79220565573412,13.087486491112877,1.027925591841294,0.0,0.0,0.0,0.01436899911199405,0.03562413714765042,0.01888206613719496,-948.2534569889488,1.0,25.0,23.733284896182507,0.0,44.336811770951236,1.9018989284124155,4.515482875481748,-9.804906609549711,23.733284896182507,0.0,44.336811770951236,Shell Companies,Financial Services,VHNA
2022Q3,2022,Q3,2022-11-14,2022-09-30,709655.0,1026421.0,709655.0,0.03,1026421.0,1.0,205846095.0,198809251.0,447945.0,511844.0,7036844.0,0.0,-6589399.0,251625750.0,251658703.0,7.948395842078961,0.8751592282023429,0.0014573995197722843,0.0015089841065796278,0.003564148809941533,7.948395842078961,0.0035695270538492196,245.1486768100029,88.64368953928319,1.2656641918539293,0.0,0.0,0.0,0.004986351574947293,0.5217351380498746,0.0034475028540133347,-1199.8004510711748,1.0,9.333333333333332,0.0,0.0,4379.83561364768,0.0,8.892597370821006,8.892597370821006,0.0,0.0,4379.83561364768,Shell Companies,Financial Services,VHNA
2022Q2,2022,Q2,2022-08-15,2022-06-30,-89914.0,0.0,-89914.0,-0.0036,0.0,0.0,205062607.0,198099596.0,690878.0,438011.0,6963011.0,-4734.0,-6272633.0,249624750.0,249452714.0,7.920023828085957,1.5773074192200653,0.0014629678437668551,0.0015143897618044612,-0.0004531964873557505,7.920023828085957,-0.00045388280347628774,0.0,-694.0653012878973,1.2600972189766606,0.0,0.0,0.0,0.0,1.0884886452623337,-0.00043847096901484335,-2101.094632471151,0.0,0.4461538461538461,0.0,0.0,0.0,0.0,0.44797396856581534,0.44797396856581534,0.0,0.0,0.0,Shell Companies,Financial Services,VHNA
2022Q1,2022,Q1,2022-05-16,2022-03-31,-162880.0,0.0,-162880.0,-0.0065,0.0,0.0,204786549.0,198189510.0,533442.0,72039.0,6597039.0,-4734.0,-5912990.0,249874875.0,249584032.0,7.923618590704647,7.404905676092117,0.0,0.0,-0.0008218396624523669,7.923618590704647,-0.0008218396624523669,0.0,-383.5260237598232,1.2607875916338862,0.0,0.0,0.0,0.0,4.103013645386527,-0.0007953647385307519,-387.4275341533338,0.0,0.24418604651162795,0.0,0.0,0.0,0.0,0.24318597886793855,0.24318597886793855,0.0,0.0,0.0,Shell Companies,Financial Services,VHNA
2021Q4,2021,Q4,2022-03-31,2021-12-31,-215218.0,0.0,-215218.0,-0.0086,0.0,0.0,205385429.0,-5749610.0,1180276.0,508039.0,7003039.0,0.0,-5750110.0,246873355.26,245937553.26,-0.22986948364773482,2.323199596881342,0.0,0.0,0.03743175624085807,-0.22986948364773482,0.03743175624085807,0.0,-286.7712682721705,-42.937408843382414,,0.0,,0.0,1.8419885087562176,-0.0010478737515503109,0.0,0.0,0.0,0.0,0.0,0.0,0.0,0.0,0.0,0.0,0.0,0.0,Shell Companies,Financial Services,VHNA
2021Q3,2021,Q3,2021-09-30,2021-09-30,0.0,0.0,0.0,0.0,0.0,0.0,237380.0,14344.0,0.0,223036.0,223036.0,0.0,-10656.0,78030591.44999999,78127431.44999999,0.0018143561053323273,0.0,0.4079534922908417,6.751254880089236,,0.0018143561053323273,0.0,0.0,0.0,5439.946420105967,0.0,0.0,,0.0,0.0,0.0,0.0,0.0,0.0,0.0,0.0,0.0,0.0,0.0,0.0,0.0,0.0,0.0,Shell Companies,Financial Services,VHNA
2021Q1,2021,Q1,2021-04-30,2021-04-30,,,,,,,90000.0,19000.0,0.0,71000.0,71000.0,0.0,-6000.0,0.0,0.0,0.0,0.0,0.0,0.0,,0.0,,0.0,0.0,0.0,0.0,0.0,,,0.0,,0.0,0.0,0.0,0.0,0.0,0.0,0.0,0.0,0.0,0.0,0.0,0.0,Shell Companies,Financial Services,VHNA
