Quarters,Year,Quarter,FillingDate,Date,NetIncome,Revenue,OperatingIncome,EPSDiluted,GrossProfit,GrossProfitRatio,TotalAssets,CommonStockEquity,CurrentAssets,CurrentLiability,TotalLiability,Inventory,RetainedEarnings,MarketCap,EnterpriseValue,bookValuePerShare,currentRatio,debtToAssets,debtToEquity,roic,shareholdersEquityPerShare,roe,priceToSalesRatio,peRatio,pbRatio,payoutRatio,inventoryTurnover,dividendYield,assetTurnover,quickRatio,returnOnAssets,priceToFreeCashFlowsRatio,grossProfitMargin,epsdilutedGrowth,fiveYNetIncomeGrowthPerShare,fiveYRevenueGrowthPerShare,fiveYShareholdersEquityGrowthPerShare,grossProfitGrowth,netIncomeGrowth,operatingIncomeGrowth,threeYNetIncomeGrowthPerShare,threeYRevenueGrowthPerShare,threeYShareholdersEquityGrowthPerShare,Industry,Sector,Symbol
2023Q4,2023,Q4,2023-05-24,2023-03-31,-12000000.0,1874000000.0,397000000.0,-0.0438,1426000000.0,0.7609391676,13459000000.0,7293000000.0,3969000000.0,3285000000.0,6166000000.0,0.0,7357000000.0,33003300000.0,32459300000.0,26.616788321167885,1.2082191780821918,0.1445872650271194,0.2668312080076786,-0.002828634281456238,26.616788321167885,-0.0016454134101192926,17.611152614727853,-687.56875,4.525339366515837,-4.333333333333333,0.0,0.001575600015756,0.13923768482056617,1.0505327245053273,-0.0008915967010922059,57.90052631578947,0.7609391675560299,-1.0599999999999998,-1.0221503385081592,0.3272444563381842,0.778314257801641,0.08606245239908607,-1.0588235294117647,0.3737024221453287,-1.0303845213564768,0.43001489324751724,0.034562205218963554,Electronic Gaming & Multimedia,Communication Services,EA
2023Q3,2023,Q3,2023-02-07,2022-12-31,204000000.0,1881000000.0,289000000.0,0.73,1313000000.0,0.6980329612,13470000000.0,7551000000.0,3842000000.0,3113000000.0,5919000000.0,0.0,7585000000.0,33721680000.0,33471680000.0,27.358695652173914,1.2341792483135239,0.14491462509279882,0.2585088067805589,0.021832062425567466,27.358695652173914,0.027016289233214145,17.927527910685804,41.32558823529412,4.465856177989671,0.2549019607843137,0.0,0.001542034679173754,0.13964365256124722,1.0886604561516222,0.015144766146993319,31.36900465116279,0.6980329611908559,-0.31775700934579443,2.2239364188873303,0.8095577211394301,1.0622805337419396,-0.08945908460471567,-0.3177257525083612,-0.3231850117096019,-0.37622518220658463,0.24924261033325135,0.10387441349105751,Electronic Gaming & Multimedia,Communication Services,EA
2023Q2,2023,Q2,2022-11-08,2022-09-30,299000000.0,1904000000.0,427000000.0,1.07,1442000000.0,0.7573529412,13079000000.0,7798000000.0,3442000000.0,2561000000.0,5281000000.0,0.0,7658000000.0,32167380000.0,32584380000.0,28.050359712230215,1.3440062475595471,0.1495527180977139,0.2508335470633496,0.030413996541552232,28.050359712230215,0.03834316491408053,16.894632352941176,26.895802675585283,4.12508078994614,0.17725752508361203,0.0,0.0016476318556251709,0.14557687896628183,1.090589613432253,0.022861075005734383,-194.95381818181818,0.7573529411764706,-0.036036036036036063,16.106442119032046,1.2067951478233472,0.9752874090882262,-0.007570543702684102,-0.03858520900321544,-0.031746031746031744,-0.6284728657355146,0.4988365390773435,0.15602907447721623,Electronic Gaming & Multimedia,Communication Services,EA
2023Q1,2023,Q1,2022-08-09,2022-06-30,311000000.0,1767000000.0,441000000.0,1.11,1453000000.0,0.8222976797,13192000000.0,7641000000.0,3517000000.0,2833000000.0,5551000000.0,0.0,7567000000.0,33940350000.0,33821350000.0,27.387096774193548,1.2414401694316979,0.1488023044269254,0.25690354665619686,0.03246635501718112,27.387096774193548,0.04070147886402303,19.207894736842107,27.28323954983923,4.441872791519435,0.17041800643086816,0.0,0.0015615631541807905,0.13394481503941782,1.0571831980232969,0.023574893875075803,-247.7397810218978,0.8222976796830787,0.38750000000000007,-0.4651539437654445,0.3505866114561766,0.886449599470755,0.033428165007112376,0.38222222222222224,0.20821917808219179,-0.7670200449479012,0.5558312655086847,0.2542741313701595,Electronic Gaming & Multimedia,Communication Services,EA
2022Q4,2022,Q4,2022-05-25,2022-03-31,225000000.0,1825000000.0,365000000.0,0.8,1406000000.0,0.7704109589,13800000000.0,7625000000.0,4151000000.0,3513000000.0,6175000000.0,0.0,7607000000.0,35549310000.0,34776310000.0,27.135231316725978,1.1816111585539426,0.14195652173913043,0.25691803278688524,0.023868412027645218,27.135231316725978,0.029508196721311476,19.47907397260274,39.499233333333336,4.662204590163935,0.21333333333333335,0.0,0.0013502371775992277,0.1322463768115942,1.0566467406774835,0.016304347826086956,90.91895140664961,0.7704109589041096,2.4782608695652177,-0.5642770016221722,0.3099907477970668,1.0585347895447295,0.2141623488773748,2.409090909090909,2.5784313725490198,0.14551584396124573,0.5685815142090042,0.5219347521480148,Electronic Gaming & Multimedia,Communication Services,EA
2022Q3,2022,Q3,2022-02-08,2021-12-31,66000000.0,1789000000.0,102000000.0,0.23,1158000000.0,0.6472889883,13930000000.0,7617000000.0,4358000000.0,3630000000.0,6313000000.0,0.0,7608000000.0,37327700000.0,36535700000.0,26.915194346289752,1.2005509641873278,0.13481694185211773,0.24655376132335566,0.007791260871829592,26.915194346289752,0.00866482867270579,20.865120178870878,141.39280303030304,4.900577655244847,0.7272727272727273,0.0,0.0012859083200947286,0.12842785355348169,1.096694214876033,0.004737975592246949,25.11958277254374,0.6472889882615986,-0.7745098039215687,71.66431095406361,0.6670418584911753,1.2979160008243997,-0.13063063063063063,-0.7755102040816326,-0.7,-0.7311790251665633,0.48107799894184805,0.5210308182222126,Electronic Gaming & Multimedia,Communication Services,EA
2022Q2,2022,Q2,2021-11-09,2021-09-30,294000000.0,1826000000.0,340000000.0,1.02,1332000000.0,0.7294633077765608,13019000000.0,7856000000.0,3390000000.0,2577000000.0,5163000000.0,0.0,7855000000.0,40541250000.0,40856250000.0,27.564912280701755,1.3154831199068684,0.14939703510254243,0.24758146639511203,0.031069588293764883,27.564912280701755,0.03742362525458248,22.20221796276013,34.473852040816325,5.160546079429735,0.16326530612244897,0.0,0.0011839792803625935,0.14025654812197558,1.1653084982537836,0.022582379599047547,1930.5357142857142,0.7294633077765608,0.43661971830985924,9.171191135734073,1.1475637869730007,1.299622670867857,0.07766990291262135,0.4411764705882353,0.055900621118012424,0.2338493292053664,0.5195492619573819,0.5812108793707043,Electronic Gaming & Multimedia,Communication Services,EA
2022Q1,2022,Q1,2021-08-10,2021-06-30,204000000.0,1551000000.0,322000000.0,0.71,1236000000.0,0.7969052224371374,12734000000.0,7728000000.0,4677000000.0,2471000000.0,5006000000.0,0.0,7760000000.0,41135380000.0,40250380000.0,27.02097902097902,1.8927559692432214,0.15336893356368778,0.25271739130434784,0.021858432640435306,27.02097902097902,0.026397515527950312,26.521843971631206,50.41100490196079,5.3229011387163565,0.24019607843137256,0.0,0.0011911887042249274,0.12179990576409612,1.7304734925131526,0.01602010365949427,-219.97529411764705,0.7969052224371374,1.7307692307692306,-0.5120470438652257,0.28430067179083707,1.1887283867908196,0.2035053554040896,1.6842105263157894,0.84,-0.2550657533592687,0.45950882890196876,0.571942886011327,Electronic Gaming & Multimedia,Communication Services,EA
2021Q4,2021,Q4,2021-05-26,2021-03-31,76000000.0,1346000000.0,175000000.0,0.26,1027000000.0,0.763001485884101,13288000000.0,7840000000.0,7213000000.0,2964000000.0,5448000000.0,0.0,7887000000.0,38986560000.0,35678560000.0,27.22222222222222,2.433535762483131,0.1468994581577363,0.24897959183673468,0.008168429327732124,27.22222222222222,0.009693877551020408,28.96475482912333,128.24526315789473,4.972775510204082,0.6447368421052632,0.0,0.0012568433839764267,0.10129440096327513,2.323549257759784,0.005719446116797111,114.66635294117647,0.763001485884101,-0.6388888888888888,-0.9098844395006798,0.09694083418280654,1.4609017144352834,-0.04197761194029851,-0.6398104265402843,-0.30278884462151395,-0.8665339557019953,-0.09304765416491081,0.8187643573933018,Electronic Gaming & Multimedia,Communication Services,EA
2021Q3,2021,Q3,2021-02-08,2020-12-31,211000000.0,1673000000.0,251000000.0,0.72,1072000000.0,0.6407650926479378,12420000000.0,7963000000.0,7721000000.0,3492000000.0,4457000000.0,0.0,8054000000.0,41644000000.0,37955000000.0,27.458620689655174,2.2110538373424973,0.08719806763285023,0.13600401858596006,0.02367141337481116,27.458620689655174,0.026497551174180584,24.89181111775254,49.34123222748815,5.229687303779982,0.23222748815165878,0.0,0.0011766400922101623,0.13470209339774558,2.1443298969072164,0.016988727858293074,38.06581352833638,0.6407650926479378,0.1428571428571428,6.028429118773946,0.6767740895907187,1.835202866694143,0.23930635838150288,0.14054054054054055,0.6845637583892618,2.204820170559881,0.5317598097502971,1.069812817526626,Electronic Gaming & Multimedia,Communication Services,EA
2021Q2,2021,Q2,2020-11-10,2020-09-30,185000000.0,1151000000.0,149000000.0,0.63,865000000.0,0.7515204170286707,11470000000.0,8075000000.0,6830000000.0,2485000000.0,3395000000.0,0.0,8016000000.0,37688490000.0,34711490000.0,27.941176470588236,2.7484909456740443,0.0943330427201395,0.1339938080495356,0.021455085201556378,27.941176470588236,0.022910216718266253,32.74412684622068,50.93039189189189,4.667305263157894,0.0,0.0,0.0,0.1003487358326068,2.5971830985915494,0.016129032258064516,1046.9025,0.7515204170286707,-0.496,2.426594167078596,0.5246651240792238,1.771025765678172,-0.26131511528608026,-0.4931506849315068,-0.6836518046709129,9.991034916640453,0.2832679658381171,0.9675987988632099,Electronic Gaming & Multimedia,Communication Services,EA
2021Q1,2021,Q1,2020-08-07,2020-06-30,365000000.0,1459000000.0,471000000.0,1.25,1171000000.0,0.8026045236463331,11284000000.0,7782000000.0,6690000000.0,2568000000.0,3502000000.0,0.0,7831000000.0,38030400000.0,35088400000.0,27.020833333333332,2.6051401869158877,0.09491315136476426,0.13762528912875868,0.041144684541861966,27.020833333333332,0.04690310974042663,26.066072652501713,26.048219178082192,4.886969930609099,0.0,0.0,0.0,0.1292981212336051,2.518302180685358,0.032346685572492026,111.85411764705883,0.8026045236463331,-0.12587412587412583,-0.1082594896933132,0.3096569917798097,1.5190285271782573,0.04740608228980322,-0.12679425837320574,0.1745635910224439,-0.3919028209109731,0.08032119852772025,0.8612210209540794,Electronic Gaming & Multimedia,Communication Services,EA
2020Q4,2020,Q4,2020-05-20,2020-03-31,418000000.0,1387000000.0,401000000.0,1.43,1118000000.0,0.806056236481615,11112000000.0,7461000000.0,6517000000.0,2664000000.0,3651000000.0,0.0,7508000000.0,29049300000.0,26346300000.0,25.72758620689655,2.4463213213213213,0.09584233261339092,0.14274225975070365,0.04710580525133982,25.72758620689655,0.05602466157351561,20.943979812545063,17.373983253588516,3.8934861278648976,0.0,0.0,0.0,0.12482001439884809,2.325825825825826,0.03761699064074874,63.4264192139738,0.806056236481615,0.21186440677966104,0.13120907900480142,0.25118579950531067,1.6269933215210577,0.030414746543778803,0.20809248554913296,0.11080332409972299,-0.21564518094309731,-0.035304744484339304,0.9517479191438762,Electronic Gaming & Multimedia,Communication Services,EA
2020Q3,2020,Q3,2020-02-04,2019-12-31,346000000.0,1593000000.0,361000000.0,1.18,1085000000.0,0.6811048336472065,11161000000.0,7237000000.0,6629000000.0,2338000000.0,3924000000.0,0.0,7267000000.0,31392920000.0,28859920000.0,24.784246575342465,2.8353293413173652,0.09586954573962907,0.1478513196075722,0.039844101888819566,24.784246575342465,0.04780986596656073,19.70679221594476,22.682745664739883,4.337836119939202,0.0,0.0,0.0,0.14272914613385898,2.737382378100941,0.031000806379356687,29.175576208178438,0.6811048336472065,-0.5916955017301039,1.5951668917615283,0.5067976106474612,1.8685897599298498,0.15058324496288442,-0.594847775175644,0.34701492537313433,360.0342465753425,0.438651239314711,1.1159838580808021,Electronic Gaming & Multimedia,Communication Services,EA
2020Q2,2020,Q2,2019-11-06,2019-09-30,854000000.0,1348000000.0,268000000.0,2.89,943000000.0,0.6995548961424333,10593000000.0,7158000000.0,6040000000.0,1818000000.0,3435000000.0,0.0,7165000000.0,28856899999.999996,26986899999.999996,24.264406779661016,3.3223322332233223,0.10101010101010101,0.14948309583682592,0.09705977645955222,24.264406779661016,0.11930706901369098,21.407195845697327,8.44757025761124,4.03141939089131,0.0,0.0,0.0,0.1272538468800151,3.1567656765676566,0.08061927688095913,2885.6899999999996,0.6995548961424333,-0.391578947368421,301.03615819209045,0.44469782571477484,1.8444791468291752,-0.07729941291585127,-0.39901477832512317,-0.3542168674698795,23.930776092774313,0.5316447095239893,1.0242756210304784,Electronic Gaming & Multimedia,Communication Services,EA
2020Q1,2020,Q1,2019-08-06,2019-06-30,1421000000.0,1209000000.0,415000000.0,4.75,1022000000.0,0.8453267162944582,9749000000.0,6485000000.0,5800000000.0,1650000000.0,3264000000.0,0.0,6499000000.0,29964330000.0,27481330000.0,21.835016835016834,3.515151515151515,0.10770335419017335,0.16191210485736315,0.17820254801706736,21.835016835016834,0.21912104857363146,24.78439205955335,5.271697748064743,4.620559753276793,0.0,0.0,0.0,0.12401271925325674,3.3430303030303032,0.14575853933736793,265.1710619469027,0.8453267162944582,5.884057971014494,3.470305040454294,0.04953155941623823,1.5191154697236524,0.062370062370062374,5.7990430622009566,1.1173469387755102,2.2730410162228347,-0.035969450603596895,0.7686598674219772,Electronic Gaming & Multimedia,Communication Services,EA
2019Q4,2019,Q4,2019-05-24,2019-03-31,209000000.0,1238000000.0,196000000.0,0.69,962000000.0,0.777059773828756,8957000000.0,5331000000.0,6381000000.0,2265000000.0,3626000000.0,0.0,5358000000.0,30698330000.0,27721330000.0,17.82943143812709,2.8172185430463577,0.1109746566930892,0.18645657475145377,0.02957315862616637,17.82943143812709,0.03920465203526543,24.796712439418418,36.720490430622014,5.758456199587319,0.0,0.0,0.0,0.13821592050909903,2.679028697571744,0.023333705481746122,54.429663120567376,0.777059773828756,-0.1976744186046512,-0.40956685773650586,0.1429609532517118,1.282049440883319,0.09817351598173515,-0.20229007633587787,-0.19008264462809918,-0.7612992511188575,-0.028192854878136036,0.611789002209958,Electronic Gaming & Multimedia,Communication Services,EA
2019Q3,2019,Q3,2019-02-06,2018-12-31,262000000.0,1289000000.0,242000000.0,0.86,876000000.0,0.6795965865011637,8857000000.0,5344000000.0,6247000000.0,2090000000.0,3513000000.0,0.0,5358000000.0,23830820000.0,22211820000.0,17.695364238410598,2.9889952153110046,0.11222761657446088,0.18600299401197604,0.03775013842828819,17.695364238410598,0.04902694610778443,18.487835531419705,22.7393320610687,4.459360029940119,0.0,0.0,0.0,0.14553460539686125,2.855023923444976,0.029581122276165744,25.5421436227224,0.6795965865011637,0.036144578313253045,1.870366388578309,0.6322741131729068,1.7284768211920534,0.009216589861751152,0.027450980392156862,-0.06201550387596899,6.995732155997056,0.24057374512595178,0.8271109821200849,Electronic Gaming & Multimedia,Communication Services,EA
2019Q2,2019,Q2,2018-11-06,2018-09-30,255000000.0,1286000000.0,258000000.0,0.83,868000000.0,0.6749611197511665,8450000000.0,5317000000.0,5803000000.0,1649000000.0,3133000000.0,0.0,5199000000.0,35852750000.0,35628750000.0,17.432786885245903,3.519102486355367,0.11751479289940829,0.18675945081813053,0.03777647626266106,17.432786885245903,0.04795937558773745,27.879276827371694,35.14975490196078,6.74304118864021,0.0,0.0,0.0,0.15218934911242604,3.3420254699818073,0.03017751479289941,-228.36146496815286,0.6749611197511665,-0.12631578947368421,1.943253467843632,0.8685599716947753,1.3487744359823877,-0.05856832971800434,-0.1296928327645051,-0.14,2.863231850117096,0.6141285326360253,0.7288714266359573,Electronic Gaming & Multimedia,Communication Services,EA
2019Q1,2019,Q1,2018-08-08,2018-06-30,293000000.0,1137000000.0,300000000.0,0.95,922000000.0,0.810905892700088,8247000000.0,5260000000.0,5624000000.0,1464000000.0,2987000000.0,0.0,4944000000.0,43152120000.0,41364120000.0,17.18954248366013,3.841530054644809,0.12040742088032011,0.1887832699619772,0.04406662231595919,17.18954248366013,0.05570342205323194,37.95261213720317,36.81921501706485,8.203825095057034,0.0,0.0,0.0,0.13786831575118225,3.648907103825137,0.0355280708136292,490.365,0.810905892700088,-0.5128205128205129,0.3111935464876642,0.1902725262918656,1.096958633640722,-0.31653076352853965,-0.5172981878088962,-0.601593625498008,-0.3262724395942389,-0.03941942529297673,0.6025023118759895,Electronic Gaming & Multimedia,Communication Services,EA
2018Q4,2018,Q4,2018-05-23,2018-03-31,607000000.0,1582000000.0,753000000.0,1.95,1349000000.0,0.8527180783817951,8584000000.0,4595000000.0,6004000000.0,2491000000.0,3989000000.0,0.0,4062000000.0,37220680000.0,35027680000.0,14.96742671009772,2.4102769971898836,0.11556383970177074,0.21588683351468987,0.1085009773066407,14.96742671009772,0.1321001088139282,23.527610619469026,15.32976935749588,8.100256800870511,0.0,0.0,0.0,0.1842963653308481,2.2946607788036935,0.07071295433364398,62.55576470588235,0.8527180783817951,4.25,0.8425288167727231,0.28294576776241165,0.9872939743005796,1.047040971168437,4.263440860215054,36.857142857142854,0.5517255597245702,0.34806690581233923,0.5282945586726923,Electronic Gaming & Multimedia,Communication Services,EA
2018Q3,2018,Q3,2018-02-06,2017-12-31,-186000000.0,1160000000.0,-21000000.0,-0.6,659000000.0,0.5681034482758621,8642000000.0,4086000000.0,5966000000.0,3107000000.0,4556000000.0,0.0,3455000000.0,32358480000.0,33102480000.0,13.266233766233766,1.92018023817187,0.11478824346216154,0.2427802251590798,-0.04807502953918866,13.266233766233766,-0.04552129221732746,27.895241379310345,-43.49258064516129,7.919353891336271,0.0,0.0,0.0,0.1342281879194631,1.8570968780173802,-0.02152279564915529,39.2224,0.5681034482758621,-7.571428571428571,-3.0796536796536804,0.24179508127447394,1.0597216879137206,0.156140350877193,-7.454545454545454,0.4878048780487805,-2.3226175233217488,0.04022975248552523,0.5354665803121329,Electronic Gaming & Multimedia,Communication Services,EA
2018Q2,2018,Q2,2017-11-07,2017-09-30,-22000000.0,959000000.0,-41000000.0,-0.07,570000000.0,0.59436913451512,7922000000.0,4388000000.0,5415000000.0,2272000000.0,3534000000.0,0.0,3641000000.0,36480540000.0,37692540000.0,14.200647249190938,2.383362676056338,0.125094673062358,0.22584320875113947,-0.004412872672478743,14.200647249190938,-0.005013673655423883,38.04018769551616,-414.5515909090909,8.313705560619873,0.0,0.0,0.0,0.12105528906841706,2.274207746478873,-0.002777076495834385,1658.2063636363637,0.59436913451512,-1.0339805825242718,0.940949128931699,0.37935994246673865,1.0832890114876215,-0.5598455598455598,-1.0341614906832297,-1.0551816958277254,-8.428263214670983,-0.01877349547252457,0.6647200707853047,Electronic Gaming & Multimedia,Communication Services,EA
2018Q1,2018,Q1,2017-08-08,2017-06-30,644000000.0,1449000000.0,743000000.0,2.06,1295000000.0,0.893719806763285,7375000000.0,4486000000.0,4902000000.0,1629000000.0,2889000000.0,0.0,3663000000.0,32667480000.0,33632480000.0,14.517799352750808,3.009208103130755,0.1343728813559322,0.22090949621043246,0.11664070138676778,14.517799352750808,0.14355773517610343,22.544844720496894,12.681475155279502,7.282095407935801,0.0,0.0,0.0,0.19647457627118645,2.8802946593001844,0.08732203389830509,228.4439160839161,0.893719806763285,0.13812154696132597,2.2869310405899306,0.5565597519442892,0.8033473333942032,-0.022641509433962263,0.13780918727915195,0.03626220362622036,0.9472733420277255,0.20902576734217307,0.6749248792521205,Electronic Gaming & Multimedia,Communication Services,EA
2017Q4,2017,Q4,2017-05-24,2017-03-31,566000000.0,1527000000.0,717000000.0,1.81,1325000000.0,0.8677144728225278,7718000000.0,4060000000.0,5199000000.0,2415000000.0,3658000000.0,0.0,3027000000.0,27572160000.0,27964160000.0,13.181818181818182,2.1527950310559008,0.12827157294635916,0.2438423645320197,0.11223574312738537,13.181818181818182,0.1394088669950739,18.056424361493125,12.17851590106007,6.791172413793103,0.0,0.0,0.0,0.197849183726354,2.0252587991718425,0.07333506089660534,72.94222222222223,0.8677144728225278,549.4848484848485,0.4563474025974026,0.1488451241740716,0.7000147939936386,1.0932069510268563,567.0,180.25,0.5522488410771789,0.36858021764522214,0.687185646723219,Electronic Gaming & Multimedia,Communication Services,EA
2017Q3,2017,Q3,2017-02-07,2016-12-31,-1000000.0,1149000000.0,-4000000.0,-0.0033,633000000.0,0.5509138381201044,7719000000.0,3549000000.0,5101000000.0,2937000000.0,4170000000.0,35000000.0,2461000000.0,23864280000.0,24107280000.0,11.712871287128714,1.7368062648961526,0.12825495530509134,0.2789518174133559,-0.00014687522949254604,11.712871287128714,-0.0002817695125387433,20.769608355091385,-5966.070000000001,6.724226542688081,0.0,14.742857142857142,0.0,0.14885347842984842,1.6363636363636365,-0.00012955045990413266,21.893834862385322,0.5509138381201044,0.9746153846153847,0.9946550752636238,0.18658840436352764,0.7168535396586017,0.27364185110663986,0.9736842105263158,0.9183673469387755,0.9966889546097466,0.45018870698951075,0.8060265607399065,Electronic Gaming & Multimedia,Communication Services,EA
2017Q2,2017,Q2,2016-11-08,2016-09-30,-38000000.0,898000000.0,-49000000.0,-0.13,497000000.0,0.5534521158129176,6892000000.0,3608000000.0,4260000000.0,2050000000.0,3284000000.0,50000000.0,2462000000.0,25705400000.0,26469400000.0,11.986710963455149,2.078048780487805,0.1436448055716773,0.27439024390243905,-0.00778766687857597,11.986710963455149,-0.010532150776053215,28.625167037861914,-169.11447368421054,7.124556541019956,0.0,8.02,0.0,0.1302959953569356,1.9458536585365853,-0.005513639001741149,321.3175,0.5534521158129176,-1.0928571428571427,0.8770959546609343,0.3811212043770182,0.5620477672849034,-0.5448717948717948,-1.0863636363636364,-1.0875,0.8575687878013459,0.3221348502593273,0.6150074263972817,Electronic Gaming & Multimedia,Communication Services,EA
2017Q1,2017,Q1,2016-08-09,2016-06-30,440000000.0,1271000000.0,560000000.0,1.4,1092000000.0,0.8591660110149488,6605000000.0,3716000000.0,3972000000.0,1650000000.0,2889000000.0,26000000.0,2500000000.0,22803760000.0,21886760000.0,12.345514950166113,2.4072727272727272,0.17032551097653292,0.3027448869752422,0.09220756281640216,12.345514950166113,0.11840688912809473,17.941589299763965,12.956681818181819,6.136641550053822,0.0,6.884615384615385,0.0,0.19242997728993186,2.226060606060606,0.06661619984859955,-79.17972222222222,0.8591660110149488,-0.49820788530465954,1.18938380361089,0.3990768176814688,0.4859510721836303,0.009242144177449169,-0.5105672969966629,0.04477611940298507,1.0017359552243275,0.35265308122906086,0.5060339265050153,Electronic Gaming & Multimedia,Communication Services,EA
2016Q4,2016,Q4,2016-05-27,2016-03-31,899000000.0,1308000000.0,536000000.0,2.79,1082000000.0,0.827217125382263,7050000000.0,3396000000.0,4354000000.0,2420000000.0,3654000000.0,33000000.0,2060000000.0,20295770000.0,18954770000.0,11.061889250814332,1.7991735537190083,0.16340425531914893,0.3392226148409894,0.2014272767706358,11.061889250814332,0.26472320376914016,15.51664373088685,5.643984983314795,5.976375147232038,0.0,6.848484848484849,0.0,0.18553191489361703,1.6805785123966943,0.1275177304964539,55.45292349726776,0.827217125382263,20.928571428571427,5.419073710550726,0.29381107491856684,0.4280364048438159,1.0648854961832062,20.977777777777778,18.29032258064516,1.7288853480703097,0.06074150710065398,0.4687378317137688,Electronic Gaming & Multimedia,Communication Services,EA
2016Q3,2016,Q3,2016-02-08,2015-12-31,-45000000.0,1070000000.0,-31000000.0,-0.14,524000000.0,0.4897196261682243,6470000000.0,3012000000.0,4152000000.0,3152000000.0,3458000000.0,42000000.0,1161000000.0,21371920000.0,19448920000.0,9.684887459807074,1.3172588832487309,0.05255023183925812,0.11288180610889774,-0.013872315035799523,9.684887459807074,-0.014940239043824702,19.973757009345796,-118.7328888888889,7.095590969455511,0.0,13.0,0.0,0.16537867078825347,1.2214467005076142,-0.006955177743431221,24.622027649769585,0.4897196261682243,0.6888888888888889,0.8508118471770086,0.08475859815624014,0.36360586796265837,0.29064039408866993,0.6785714285714286,0.7394957983193278,0.02250803858520894,0.13439956476553827,0.5036801776207102,Electronic Gaming & Multimedia,Communication Services,EA
2016Q2,2016,Q2,2015-11-10,2015-09-30,-140000000.0,815000000.0,-119000000.0,-0.45,406000000.0,0.498159509202454,6000000000.0,3146000000.0,3646000000.0,2538000000.0,2854000000.0,62000000.0,1206000000.0,21138000000.0,19975000000.0,10.083333333333334,1.4365642237982663,0.0725,0.1382708200890019,-0.03634634180396537,10.083333333333334,-0.04450095359186268,25.936196319018403,-37.746428571428574,6.7190082644628095,0.0,6.596774193548387,0.0,0.13583333333333333,1.310086682427108,-0.023333333333333334,-2348.6666666666665,0.498159509202454,-1.3409090909090908,0.2655313177701237,0.3619763094802715,0.2575499115491534,-0.6058252427184466,-1.3167420814479638,-1.232421875,0.6278349821656909,0.160968660968661,0.47926338594862283,Electronic Gaming & Multimedia,Communication Services,EA
2016Q1,2016,Q1,2015-08-11,2015-06-30,442000000.0,1203000000.0,512000000.0,1.32,1030000000.0,0.8561928512053201,5721000000.0,3336000000.0,3326000000.0,2054000000.0,2385000000.0,34000000.0,1346000000.0,20681500000.0,19504500000.0,10.72668810289389,1.6192794547224927,0.11064499213424227,0.18974820143884893,0.11201942757747792,10.72668810289389,0.13249400479616308,17.191604322527017,11.697680995475112,6.199490407673861,0.0,5.088235294117647,0.0,0.21027792343995805,1.4717624148003894,0.07725922041601119,-217.7,0.8561928512053201,0.1092436974789917,3.8558413719185425,0.5567593158818772,0.2784715471472368,0.08307045215562565,0.1189873417721519,0.28,1.2414295084065203,0.2839884850423395,0.3324295174832928,Electronic Gaming & Multimedia,Communication Services,EA
2015Q4,2015,Q4,2015-05-21,2015-03-31,395000000.0,1185000000.0,400000000.0,1.19,951000000.0,0.8025316455696202,6147000000.0,3036000000.0,3720000000.0,2778000000.0,3111000000.0,36000000.0,904000000.0,18232650000.0,16797650000.0,9.793548387096774,1.3390928725701945,0.10297706198145437,0.208498023715415,0.1084723048923069,9.793548387096774,0.1301054018445323,15.38620253164557,11.539651898734178,6.005484189723321,0.0,6.5,0.0,0.19277696437286482,1.2177825773938085,0.06425898812428828,109.83524096385543,0.8025316455696202,1.7045454545454546,12.931182795698923,0.2807011763155294,0.17709192780056493,0.3117241379310345,1.7816901408450705,1.4691358024691359,0.009798387096774235,-0.11421194114318045,0.26304102469881097,Electronic Gaming & Multimedia,Communication Services,EA
2015Q3,2015,Q3,2015-02-04,2014-12-31,142000000.0,1126000000.0,162000000.0,0.44,725000000.0,0.6438721136767318,6167000000.0,2687000000.0,3754000000.0,3106000000.0,3480000000.0,39000000.0,509000000.0,14621665000.0,13088665000.0,8.639871382636656,1.2086284610431424,0.10264310037295281,0.2355787123185709,0.044416126042632065,8.639871382636656,0.05284704131001117,12.985492895204263,25.74236795774648,5.441631931522144,0.0,10.282051282051283,0.0,0.18258472514999188,1.1036703155183516,0.023025782390141074,21.921536731634184,0.6438721136767318,43.0,2.809661987295114,-0.05334826798560689,0.08039946108384506,0.2877442273534636,46.333333333333336,5.75,1.7394557289624344,0.13292380239475576,0.2664182335696997,Electronic Gaming & Multimedia,Communication Services,EA
2015Q2,2015,Q2,2014-11-04,2014-09-30,3000000.0,990000000.0,24000000.0,0.01,563000000.0,0.5686868686868687,6031000000.0,2670000000.0,3532000000.0,2387000000.0,3361000000.0,67000000.0,367000000.0,11145930000.0,10876930000.0,8.53035143769968,1.4796816087138667,0.09799369922069309,0.22134831460674156,0.0012266176019625878,8.53035143769968,0.0011235955056179776,11.258515151515152,928.8275,4.174505617977528,0.0,6.373134328358209,0.0,0.164151881943293,1.3477167993297026,0.000497429945282706,68.80203703703704,0.5686868686868687,-0.9903846153846154,1.0079422795649722,0.30049788358930274,0.04060010008083441,-0.33530106257378983,-0.991044776119403,-0.9337016574585635,1.0093309528284158,0.4642418284590808,0.11163241176322614,Electronic Gaming & Multimedia,Communication Services,EA
2015Q1,2015,Q1,2014-08-05,2014-06-30,335000000.0,1214000000.0,362000000.0,1.04,847000000.0,0.6976935749588138,5476000000.0,2713000000.0,2930000000.0,1786000000.0,2763000000.0,37000000.0,364000000.0,11227310000.0,11021310000.0,8.667731629392971,1.6405375139977603,0.10701241782322864,0.21599705123479543,0.10384074612577343,8.667731629392971,0.1234795429413933,9.2481960461285,8.378589552238806,4.138337633615923,0.0,9.91891891891892,0.0,0.22169466764061357,1.4193729003359463,0.06117604090577063,-488.1439130434783,0.6976935749588138,-0.09565217391304338,2.4773627153818847,0.9453197864782807,-0.06708519950218933,-0.058888888888888886,-0.08719346049046321,0.05232558139534884,0.6030098448816735,0.28509979628190485,0.04327969793784493,Electronic Gaming & Multimedia,Communication Services,EA
2014Q4,2014,Q4,2014-05-21,2014-03-31,367000000.0,1123000000.0,344000000.0,1.15,900000000.0,0.8014247551202137,5716000000.0,2422000000.0,3138000000.0,2390000000.0,3294000000.0,56000000.0,29000000.0,8993100000.0,8374100000.0,7.812903225806451,1.3129707112970712,0.10146955913226033,0.23947151114781173,0.1247911876750811,7.812903225806451,0.15152766308835672,8.008103294746215,6.126089918256131,3.7130883567299757,0.0,3.982142857142857,0.0,0.19646606018194543,1.1263598326359832,0.06420573827851644,33.93622641509434,0.8014247551202137,2.15,10.10453149001536,0.36057389347336827,-0.19477736377297902,2.0927835051546393,2.1915584415584415,2.1780821917808217,1.5951078829309977,0.10006806747558453,0.008608021740224415,Electronic Gaming & Multimedia,Communication Services,EA
2014Q3,2014,Q3,2014-02-04,2013-12-31,-308000000.0,808000000.0,-292000000.0,-1.0,291000000.0,0.36014851485148514,5573000000.0,2004000000.0,2921000000.0,2659000000.0,3569000000.0,55000000.0,-338000000.0,7088460000.0,6241460000.0,6.485436893203883,1.0985332831891688,0.10317602727435851,0.2869261477045908,-0.1170215811237382,6.485436893203883,-0.1536926147704591,8.772846534653466,-5.75362012987013,3.5371556886227546,0.0,9.4,0.0,0.1449847478916203,0.9763068822865739,-0.05526646330522161,10.789132420091324,0.36014851485148514,-0.12359550561797751,0.5008406161489177,-0.4925159366525399,-0.3181050629811836,0.031914893617021274,-0.1282051282051282,-0.15873015873015872,-0.027719150133671114,-0.1755532812706491,-0.0868680879797756,Electronic Gaming & Multimedia,Communication Services,EA
2014Q2,2014,Q2,2013-11-05,2013-09-30,-273000000.0,695000000.0,-252000000.0,-0.89,282000000.0,0.40575539568345326,5036000000.0,2286000000.0,2340000000.0,1851000000.0,2750000000.0,58000000.0,-30000000.0,7869400000.0,7677400000.0,7.422077922077922,1.2641815235008105,0.11318506751389992,0.24934383202099739,-0.09264705882352942,7.422077922077922,-0.1194225721784777,11.322877697841726,-7.206410256410257,3.442432195975503,0.0,7.120689655172414,0.0,0.1380063542494043,1.0869800108049703,-0.05420969023034154,-262.31333333333333,0.40575539568345326,-2.2535211267605635,0.08790322580645159,-0.1948306168104826,-0.4122038587033622,-0.6264900662251656,-2.22972972972973,-2.0815450643776825,-0.45081411126187254,0.17652355568361913,-0.07435040319801506,Electronic Gaming & Multimedia,Communication Services,EA
2014Q1,2014,Q1,2013-08-02,2013-06-30,222000000.0,949000000.0,233000000.0,0.71,755000000.0,0.7955742887249737,4605000000.0,2492000000.0,1884000000.0,1226000000.0,2113000000.0,41000000.0,243000000.0,7046720000.0,6909720000.0,8.197368421052632,1.536704730831974,0.12247557003257328,0.22632423756019263,0.07423704877376688,8.197368421052632,0.08908507223113965,7.425416227608008,7.935495495495496,2.827736757624398,0.0,4.7317073170731705,0.0,0.20608034744842563,1.2487765089722676,0.04820846905537459,-25.43942238267148,0.7955742887249737,-0.3238095238095239,3.4444598337950136,0.23470640219952868,-0.3974195196729688,-0.16111111111111112,-0.3126934984520124,-0.2459546925566343,1.4950657894736843,0.256344849854698,-0.022988066095471243,Electronic Gaming & Multimedia,Communication Services,EA
2013Q4,2013,Q4,2013-05-22,2013-03-31,323000000.0,1209000000.0,309000000.0,1.05,900000000.0,0.7444168734491315,5070000000.0,2267000000.0,2325000000.0,1917000000.0,2803000000.0,42000000.0,21000000.0,5392415000.0,5047415000.0,7.53156146179402,1.2128325508607198,0.11025641025641025,0.24658138509042787,0.10702245383774046,7.53156146179402,0.14247904719894133,4.460227460711332,4.173695820433436,2.378656815174239,0.0,7.357142857142857,0.0,0.23846153846153847,1.0391236306729263,0.06370808678500986,25.925072115384616,0.7444168734491315,8.0,4.6692744614725115,0.13234254612285282,-0.4480210774716529,0.8255578093306288,8.177777777777777,8.923076923076923,10.732447397563677,0.3457083809840537,-0.09477751576825268,Electronic Gaming & Multimedia,Communication Services,EA
2013Q3,2013,Q3,2013-02-05,2012-12-31,-45000000.0,922000000.0,-39000000.0,-0.15,493000000.0,0.53470715835141,5039000000.0,1958000000.0,2229000000.0,2146000000.0,3081000000.0,59000000.0,-302000000.0,4414080000.0,4144080000.0,6.440789473684211,1.038676607642125,0.10994244889859099,0.28294177732379977,-0.021171105964099598,6.440789473684211,-0.022982635342185902,4.787505422993492,-24.52266666666667,2.25438202247191,0.0,7.271186440677966,0.0,0.1829728120658861,0.8732525629077353,-0.008930343322087716,13.059408284023668,0.53470715835141,0.8760330578512397,-0.4129784688995214,-0.3643633785061456,-0.5285036755262547,0.8533834586466166,0.8818897637795275,0.8928571428571429,0.41331033376123233,-0.2070066054113562,-0.19459154330612985,Electronic Gaming & Multimedia,Communication Services,EA
2013Q2,2013,Q2,2012-11-06,2012-09-30,-381000000.0,711000000.0,-364000000.0,-1.21,266000000.0,0.37412095639943743,5191000000.0,2154000000.0,2332000000.0,2046000000.0,3037000000.0,71000000.0,-257000000.0,3902600000.0,4024600000.0,6.8164556962025316,1.1397849462365592,0.10575996917742246,0.25487465181058494,-0.13942238092940212,6.8164556962025316,-0.17688022284122562,5.488888888888889,-2.560761154855643,1.8117920148560818,0.0,6.267605633802817,0.0,0.13696782893469467,0.956989247311828,-0.07339626276247352,-73.63396226415094,0.37412095639943743,-2.9206349206349205,-0.9352969814995131,0.10039062500000005,-0.47591485312911025,-0.6453333333333333,-2.8955223880597014,-2.6930232558139533,0.0009064715594548587,-0.07487309644670057,-0.16847453103553464,Electronic Gaming & Multimedia,Communication Services,EA
2013Q1,2013,Q1,2012-08-03,2012-06-30,201000000.0,955000000.0,215000000.0,0.63,750000000.0,0.7853403141361257,4825000000.0,2552000000.0,1951000000.0,1336000000.0,2273000000.0,60000000.0,124000000.0,3914950000.0,4059950000.0,8.050473186119874,1.4603293413173652,0.11274611398963731,0.21316614420062696,0.06646825396825397,8.050473186119874,0.07876175548589341,4.099424083769634,4.8693407960199,1.53407131661442,0.0,3.4166666666666665,0.0,0.19792746113989637,1.160179640718563,0.0416580310880829,-14.236181818181818,0.7853403141361257,-0.500725,2.4939059363349587,1.3719602284071397,-0.38226075477836646,-0.2454728370221328,-0.4975,-0.410958904109589,1.875232548734126,0.5109871269863041,-0.13352121322335248,Electronic Gaming & Multimedia,Communication Services,EA
2012Q4,2012,Q4,2012-05-25,2012-03-31,400000000.0,1368000000.0,365000000.0,1.2618296529968454,994000000.0,0.7266081871345029,5491000000.0,2458000000.0,2609000000.0,2120000000.0,3033000000.0,59000000.0,-77000000.0,5225745000.0,5027745000.0,7.753943217665615,1.2306603773584905,0.09816062647969405,0.2192839707078926,0.13494565664464095,7.753943217665615,0.16273393002441008,3.8199890350877195,3.266090625,2.126015052888527,0.0,6.338983050847458,0.0,0.2491349480968858,1.044811320754717,0.072846476051721,21.505123456790123,0.7266081871345029,3.035209117736847,16.59621451104101,1.1753284513768454,-0.4057617920985429,0.9528487229862476,2.951219512195122,2.9945355191256833,10.704070902809072,0.6208055168366223,-0.2008539695896638,Electronic Gaming & Multimedia,Communication Services,EA
2012Q3,2012,Q3,2012-02-07,2011-12-31,-205000000.0,1061000000.0,-183000000.0,-0.62,509000000.0,0.47973609802073514,5696000000.0,2265000000.0,2806000000.0,2397000000.0,3431000000.0,69000000.0,-477000000.0,6839200000.0,6680200000.0,6.822289156626506,1.1706299541093033,0.09375,0.23576158940397351,-0.06944560140834903,6.822289156626506,-0.09050772626931568,6.445994344957588,-8.34048780487805,3.019514348785872,0.0,8.0,0.0,0.18627106741573032,0.966624947851481,-0.035990168539325844,15.868213457076566,0.47973609802073514,0.3980582524271845,-2.192488704819277,-0.2291202279845377,-0.4563983111403841,0.7985865724381626,0.39705882352941174,0.5106951871657754,0.6907834144691088,-0.3797784851619294,-0.2826875796668495,Electronic Gaming & Multimedia,Communication Services,EA
2012Q2,2012,Q2,2011-11-08,2011-09-30,-340000000.0,715000000.0,-374000000.0,-1.03,283000000.0,0.3958041958041958,5435000000.0,2540000000.0,2568000000.0,1854000000.0,2895000000.0,90000000.0,-272000000.0,6768950331.0,6936950331.0,7.673716012084592,1.3851132686084142,0.09733210671573136,0.20826771653543308,-0.10903603093755895,7.673716012084592,-0.13385826771653545,9.4670634,-4.977169361029412,2.6649410751968508,0.0,4.8,0.0,0.13155473781048757,1.1116504854368932,-0.062557497700092,-25.737453730038023,0.3958041958041958,-2.5606060606060606,-15.333974182916782,-0.15413635242616675,-0.3439624573350126,-0.6271409749670619,-2.5384615384615383,-2.647577092511013,-0.0570119871357569,-0.22921862433004184,-0.39227522148585287,Electronic Gaming & Multimedia,Communication Services,EA
2012Q1,2012,Q1,2011-08-09,2011-06-30,221000000.0,999000000.0,227000000.0,0.66,759000000.0,0.7597597597597597,4355000000.0,2750000000.0,2354000000.0,1225000000.0,1605000000.0,75000000.0,68000000.0,7811600000.0,6638600000.0,8.308157099697885,1.9216326530612244,0.0,0.0,0.07931541501976284,8.308157099697885,0.08036363636363636,7.819419419419419,8.836651583710408,2.8405818181818185,0.0,3.2,0.0,0.2293915040183697,1.5330612244897959,0.050746268656716415,-25.5281045751634,0.7597597597597597,0.44675496688741734,3.522322927156764,1.2361908663306584,-0.2585896551450706,-0.003937007874015748,0.46357615894039733,0.5655172413793104,3.2349499125457144,0.19373675429499038,-0.38927555300417765,Electronic Gaming & Multimedia,Communication Services,EA
2011Q4,2011,Q4,2011-05-24,2011-03-31,151000000.0,1090000000.0,145000000.0,0.4561933534743202,762000000.0,0.6990825688073394,4928000000.0,2564000000.0,3032000000.0,2001000000.0,2364000000.0,77000000.0,-153000000.0,6464430331.0,4885430331.0,7.746223564954683,1.5152423788105946,0.0,0.0,0.05731135285679883,7.746223564954683,0.058892355694227766,5.930670028440367,10.702699223509933,2.5212286782371294,0.0,4.259740259740259,0.0,0.22118506493506493,1.2853573213393303,0.030641233766233768,27.86392384051724,0.6990825688073394,1.4703024262621858,9.724697885196374,0.5720338783339852,-0.30447640525935066,0.6316916488222698,1.468944099378882,1.4785478547854785,2.559886950589611,-0.07163977630648588,-0.43228875463111566,Electronic Gaming & Multimedia,Communication Services,EA
2011Q3,2011,Q3,2011-02-07,2010-12-31,-322000000.0,1053000000.0,-303000000.0,-0.97,467000000.0,0.44349477682811017,4727000000.0,2358000000.0,2714000000.0,2008000000.0,2369000000.0,105000000.0,-304000000.0,5438159668.000001,4085159668.000001,7.102409638554217,1.3515936254980079,0.0,0.0,-0.13655640373197625,7.102409638554217,-0.13655640373197625,5.164444129154797,-4.222173655279503,2.306259401187447,0.0,5.580952380952381,0.0,0.22276285170298288,1.175796812749004,-0.06811931457584092,16.2819151736527,0.44349477682811017,-0.5901639344262295,-2.127157277759687,-0.24828526705246182,-0.3601241241530023,0.7425373134328358,-0.6019900497512438,-0.20238095238095238,-8.257940854326396,-0.3352752326671957,-0.48006994279698384,Electronic Gaming & Multimedia,Communication Services,EA
2011Q2,2011,Q2,2010-11-08,2010-09-30,-201000000.0,631000000.0,-252000000.0,-0.61,268000000.0,0.4247226624405705,4494000000.0,2638000000.0,2485000000.0,1568000000.0,1856000000.0,155000000.0,18000000.0,5412050329.0,4356050329.0,8.01823708206687,1.5848214285714286,0.0,0.0,-0.08807756779879114,8.01823708206687,-0.07619408642911296,8.576941884310617,-6.7314058818407965,2.051573286201668,0.0,2.3419354838709676,0.0,0.14040943480195817,1.339923469387755,-0.04472630173564753,-37.06883786986301,0.4247226624405705,-3.103448275862069,-4.617736456284641,-0.14190251041314872,-0.18850281542084626,-0.5480607082630692,-3.09375,-3.5714285714285716,0.019359364040215172,-0.06201082826747718,-0.38351554736258164,Electronic Gaming & Multimedia,Communication Services,EA
2011Q1,2011,Q1,2010-08-09,2010-06-30,96000000.0,815000000.0,98000000.0,0.29,593000000.0,0.7276073619631902,4245000000.0,2752000000.0,2228000000.0,1165000000.0,1493000000.0,82000000.0,219000000.0,4723200000.0,3666200000.0,8.390243902439025,1.9124463519313304,0.0,0.0,0.03675918979744936,8.390243902439025,0.03488372093023256,5.795337423312883,12.3,1.716279069767442,0.0,2.707317073170732,0.0,0.19199057714958775,1.5733905579399141,0.022614840989399292,-29.70566037735849,0.7276073619631902,2.1706666666666665,2.554247266610597,1.0967256932843301,-0.18402427472332814,-0.12922173274596183,2.2,0.18072289156626506,1.689578713968958,0.9563522692188948,-0.3561890319125248,Electronic Gaming & Multimedia,Communication Services,EA
2010Q4,2010,Q4,2010-05-28,2010-03-31,30000000.0,979000000.0,83000000.0,0.09146341463414634,681000000.0,0.6956077630234934,4646000000.0,2729000000.0,2585000000.0,1574000000.0,1917000000.0,100000000.0,123000000.0,6120480000.0,4847480000.0,8.320121951219512,1.642312579415502,0.0,0.0,0.011405276658116525,8.320121951219512,0.010993037742762916,6.251767109295199,51.004000000000005,2.2427555881275194,0.0,2.98,0.0,0.2107188979767542,1.3989834815756035,0.0064571674558760225,26.495584415584414,0.6956077630234934,1.3658536585365852,2.7955715046236964,0.6600543140755905,-0.26741064580457125,0.15619694397283532,1.3658536585365855,1.7757009345794392,2.130487804878049,0.5045507897982732,-0.362371606416957,Electronic Gaming & Multimedia,Communication Services,EA
2010Q3,2010,Q3,2010-02-09,2009-12-31,-82000000.0,1243000000.0,-107000000.0,-0.25,589000000.0,0.47385358004827033,4939000000.0,2599000000.0,2782000000.0,1871000000.0,2340000000.0,144000000.0,93000000.0,5768750000.0,4654750000.0,7.996923076923077,1.48690539818279,0.0,0.0,-0.030690125572772745,7.996923076923077,-0.031550596383224314,4.6409895414320195,-17.587652439024392,2.219603693728357,0.0,4.541666666666667,0.0,0.2516703786191537,1.2180652057723143,-0.01660255112370925,28.140243902439025,0.47385358004827033,0.7933884297520661,-1.2055806574657015,-0.1813397551769973,-0.2671014291307546,2.0205128205128204,0.7902813299232737,0.7434052757793765,-1.4872692307692306,-0.07743469645109,-0.3628031895901932,Electronic Gaming & Multimedia,Communication Services,EA
2010Q2,2010,Q2,2009-11-10,2009-09-30,-391000000.0,788000000.0,-417000000.0,-1.21,195000000.0,0.24746192893401014,5002000000.0,2656000000.0,3227000000.0,1913000000.0,2346000000.0,250000000.0,175000000.0,6172199676.0,5130199676.0,8.197530864197532,1.6868792472556196,0.0,0.0,-0.14686166916469706,8.197530864197532,-0.14721385542168675,7.832740705583756,-3.946419230179028,2.3238703599397588,0.0,2.372,0.0,0.15753698520591763,1.389440669106116,-0.0781687325069972,-24.396046150197627,0.24746192893401014,-0.6805555555555556,-4.773209192315372,0.03327362377541597,-0.1424532174575406,-0.39628482972136225,-0.6709401709401709,-0.7020408163265306,-17.8402076318743,-0.047634794658604054,-0.29918073647768245,Electronic Gaming & Multimedia,Communication Services,EA
2010Q1,2010,Q1,2009-08-10,2009-06-30,-234000000.0,644000000.0,-245000000.0,-0.72,323000000.0,0.5015527950310559,4722000000.0,3001000000.0,3176000000.0,1260000000.0,1721000000.0,215000000.0,566000000.0,7015559677.0,5810559677.0,9.291021671826625,2.5206349206349206,0.0,0.0,-0.0740450857466116,9.291021671826625,-0.07797400866377874,10.89372620652174,-7.49525606517094,2.3377406454515164,0.0,1.4930232558139536,0.0,0.13638288860652267,2.1063492063492064,-0.04955527318932656,-20.879641895833334,0.5015527950310559,-4.537142857142857,-10.03854690450402,0.39607812343021576,0.02239311148878356,-0.3679060665362035,-4.571428571428571,-2.9516129032258065,-1.736842105263158,0.4772524531668152,-0.17087995579499926,Electronic Gaming & Multimedia,Communication Services,EA
2009Q4,2009,Q4,2009-05-22,2009-03-31,-42000000.0,860000000.0,-62000000.0,-0.13003095975232198,511000000.0,0.5941860465116279,4678000000.0,3134000000.0,3120000000.0,1136000000.0,1544000000.0,217000000.0,800000000.0,5875370323.0,4254370323.0,9.702786377708978,2.7464788732394365,0.0,0.0,-0.01408283127643235,9.702786377708978,-0.013401403956604978,6.831825956976744,-34.97244239880952,1.8747193117421823,0.0,1.608294930875576,0.0,0.1838392475416845,2.3204225352112675,-0.00897819581017529,30.9230017,0.5941860465116279,0.934984520123839,-1.4364759797159294,0.34471480722459347,0.09490618850280881,-0.299039780521262,0.9344773790951638,0.7960526315789473,-1.4868421052631577,0.2710403152968224,-0.12879911045218675,Electronic Gaming & Multimedia,Communication Services,EA
2009Q3,2009,Q3,2009-02-04,2008-12-31,-641000000.0,1654000000.0,-304000000.0,-2.0,729000000.0,0.4407496977025393,5204000000.0,3053000000.0,3637000000.0,1788000000.0,2151000000.0,295000000.0,842000000.0,5148840321.0,3769840321.0,9.510903426791277,2.0341163310961967,0.0,0.0,-0.20134717777724967,9.510903426791277,-0.20995741893219783,3.112962709189843,-2.0081280503120125,1.6864855293154275,0.0,3.135593220338983,0.0,0.3178324365872406,1.708612975391499,-0.12317448116833206,27.831569302702704,0.4407496977025393,-1.0618556701030928,-2.5158102928445474,0.04003772906307107,0.13428680084019268,1.1632047477744807,-1.0677419354838709,0.16483516483516483,-3.320703881451545,0.2212181421247578,-0.14313620728399454,Electronic Gaming & Multimedia,Communication Services,EA
2009Q2,2009,Q2,2008-11-06,2008-09-30,-310000000.0,894000000.0,-364000000.0,-0.97,337000000.0,0.3769574944071588,5962000000.0,4028000000.0,3835000000.0,1534000000.0,1934000000.0,328000000.0,1483000000.0,11799810637.999998,9974810637.999998,12.626959247648903,2.5,0.0,0.0,-0.07164680992642297,12.626959247648903,-0.07696127110228401,13.198893331096194,-9.515976320967741,2.929446533763654,0.0,1.6981707317073171,0.0,0.14994968131499498,1.9634941329856583,-0.0519959745051996,-75.63981178205127,0.3769574944071588,-2.2333333333333334,-4.741026570046332,0.5590045388759716,0.7972478773120143,-0.33661417322834647,-2.263157894736842,-2.752577319587629,-6.75450242793042,0.2538627655869036,0.27792952171245605,Electronic Gaming & Multimedia,Communication Services,EA
2009Q1,2009,Q1,2008-08-04,2008-06-30,-95000000.0,804000000.0,-97000000.0,-0.3,508000000.0,0.6318407960199005,5774000000.0,4326000000.0,3617000000.0,1036000000.0,1448000000.0,223000000.0,1793000000.0,14128740000.0,12929740000.0,13.60377358490566,3.491312741312741,0.0,0.0,-0.02420617408481486,13.60377358490566,-0.021960240406842347,17.573059701492536,-37.180894736842106,3.266005547850208,0.0,1.3273542600896862,0.0,0.13924489089019743,2.8455598455598454,-0.016453065465881538,-43.87807453416149,0.6318407960199005,-0.025806451612903222,-5.715174941927991,1.0741918778881718,1.0665358446274322,-0.23609022556390977,-0.021505376344086023,-1.5526315789473684,-0.5864237692474517,1.133471181183768,0.32300671428826766,Electronic Gaming & Multimedia,Communication Services,EA
2008Q4,2008,Q4,2008-05-23,2008-03-31,-93000000.0,1128000000.0,-38000000.0,-0.29245283018867924,665000000.0,0.5895390070921985,6059000000.0,4339000000.0,3925000000.0,1299000000.0,1720000000.0,168000000.0,1888000000.0,15874559364.0,14321559364.0,13.644654088050315,3.0215550423402617,0.0,0.0,-0.0059887748600246735,13.644654088050315,-0.021433510025351463,14.073190925531915,-42.67354667741935,3.6585755621110856,0.0,2.755952380952381,0.0,0.18616933487374154,2.5573518090839107,-0.015349067502888265,60.35954130798479,0.5895390070921985,-1.9245283018867922,-10.1758658008658,1.2204564593094813,1.2164146503587734,-0.07766990291262135,-1.8181818181818181,-6.428571428571429,-13.136280207237027,0.9728561917851718,0.20141608322455595,Electronic Gaming & Multimedia,Communication Services,EA
2008Q3,2008,Q3,2008-02-05,2007-12-31,-33000000.0,1503000000.0,7000000.0,-0.1,721000000.0,0.479707252162342,6445000000.0,4303000000.0,4897000000.0,1748000000.0,2142000000.0,178000000.0,1981000000.0,18399150000.0,16521150000.0,13.66031746031746,2.801487414187643,0.0,0.0,-0.001988276912748212,13.66031746031746,-0.007669068092028817,12.241616766467066,-139.3875,4.275888914710667,0.0,4.393258426966292,0.0,0.23320403413498836,2.431350114416476,-0.005120248254460822,56.7875,0.479707252162342,0.8387096774193549,-1.118812415562063,0.09750986616384599,1.2649059818059363,1.9428571428571428,0.8307692307692308,1.0255474452554745,-1.085360145231113,0.021325934668853515,0.25193490646142047,Electronic Gaming & Multimedia,Communication Services,EA
2008Q2,2008,Q2,2007-11-06,2007-09-30,-195000000.0,640000000.0,-274000000.0,-0.62,245000000.0,0.3828125,5520000000.0,4071000000.0,3853000000.0,1060000000.0,1449000000.0,103000000.0,2014000000.0,18222860313.0,17148860313.0,13.006389776357828,3.6349056603773584,0.0,0.0,-0.05423363398844071,13.006389776357828,-0.047899778924097275,28.4732192390625,-23.36264142692308,4.476261437730288,0.0,3.8349514563106797,0.0,0.11594202898550725,3.128301886792453,-0.035326086956521736,-143.48708907874015,0.3828125,-0.4761904761904762,-4.468672046133997,0.261068418119269,1.611029897919272,0.06986899563318777,-0.4772727272727273,-0.4972677595628415,-2.9479123470619712,-0.13130009801142442,0.3606033194607111,Electronic Gaming & Multimedia,Communication Services,EA
2008Q1,2008,Q1,2007-08-06,2007-06-30,-132000000.0,395000000.0,-183000000.0,-0.42,229000000.0,0.579746835443038,5025000000.0,4053000000.0,3395000000.0,602000000.0,972000000.0,74000000.0,2209000000.0,14716520000.0,14053520000.0,13.032154340836012,5.6395348837209305,0.0,0.0,-0.03820531799806411,13.032154340836012,-0.03256846780162842,37.25701265822785,-27.872196969696972,3.6310189982728844,0.0,2.2432432432432434,0.0,0.07860696517412935,4.93687707641196,-0.02626865671641791,-71.43941747572815,0.579746835443038,-4.1912,-16.907570601447727,0.061912660223604435,1.8064883308807251,-0.3941798941798942,-4.28,-1.5416666666666667,-6.295400635122893,-0.11066971211956982,0.43407100925531233,Electronic Gaming & Multimedia,Communication Services,EA
2007Q4,2007,Q4,2007-03-31,2007-03-31,-25000000.0,613000000.0,-72000000.0,-0.08090614886731391,378000000.0,0.6166394779771615,5146000000.0,4032000000.0,3597000000.0,1026000000.0,1114000000.0,62000000.0,2323000000.0,15561240308.999998,14190240308.999998,13.048543689320388,3.5058479532163744,0.0,0.0,-0.010629251700680272,13.048543689320388,-0.006200396825396825,25.385383864600325,-155.61240309,3.8594346004464284,0.0,3.7903225806451615,0.0,0.11912164788184998,3.1500974658869394,-0.004858142246404975,101.04701499350648,0.6166394779771615,-1.161812297734628,-1.4747041481358314,0.1720509302132321,1.905120282873807,-0.5339087546239211,-1.15625,-1.3348837209302327,-1.2715783276472592,0.0019273993966368566,0.47245653776411334,Electronic Gaming & Multimedia,Communication Services,EA
2007Q3,2007,Q3,2006-12-31,2006-12-31,160000000.0,1281000000.0,215000000.0,0.5,811000000.0,0.6330991412958626,5043000000.0,3878000000.0,3531000000.0,1096000000.0,1165000000.0,72000000.0,2342000000.0,,,,,,,,,,,,,,,,,,,,,,,,,,,,,,,Electronic Gaming & Multimedia,Communication Services,EA
2007Q2,2007,Q2,2006-09-30,2006-09-30,22000000.0,784000000.0,14000000.0,0.07,445000000.0,0.5676020408163265,4511000000.0,3591000000.0,3009000000.0,833000000.0,907000000.0,67000000.0,2182000000.0,,,,,,,,,,,,,,,,,,,,,,,,,,,,,,,Electronic Gaming & Multimedia,Communication Services,EA
2007Q1,2007,Q1,2006-06-30,2006-06-30,-81000000.0,413000000.0,-119000000.0,-0.26,245000000.0,0.5932203389830508,4193000000.0,3429000000.0,2814000000.0,675000000.0,751000000.0,59000000.0,2160000000.0,,,,,,,,,,,,,,,,,,,,,,,,,,,,,,,Electronic Gaming & Multimedia,Communication Services,EA
