Quarters,Year,Quarter,FillingDate,Date,NetIncome,Revenue,OperatingIncome,EPSDiluted,GrossProfit,GrossProfitRatio,TotalAssets,CommonStockEquity,CurrentAssets,CurrentLiability,TotalLiability,Inventory,RetainedEarnings,MarketCap,EnterpriseValue,bookValuePerShare,currentRatio,debtToAssets,debtToEquity,roic,shareholdersEquityPerShare,roe,priceToSalesRatio,peRatio,pbRatio,payoutRatio,inventoryTurnover,dividendYield,assetTurnover,quickRatio,returnOnAssets,priceToFreeCashFlowsRatio,grossProfitMargin,epsdilutedGrowth,fiveYNetIncomeGrowthPerShare,fiveYRevenueGrowthPerShare,fiveYShareholdersEquityGrowthPerShare,grossProfitGrowth,netIncomeGrowth,operatingIncomeGrowth,threeYNetIncomeGrowthPerShare,threeYRevenueGrowthPerShare,threeYShareholdersEquityGrowthPerShare,Industry,Sector,Symbol
2023Q1,2023,Q1,2023-05-12,2023-03-31,1062420.0,0.0,-1766800.0,0.0672,-1766800.0,0.0,133559899.0,127069939.0,613998.0,2762460.0,6489960.0,0.0,-5876278.0,33332749.999999996,33308312.999999996,40.18021786561265,0.22226493777285464,0.003369274785090995,0.00354135685860367,0.04179540244730939,40.18021786561265,0.008360907452706024,0.0,7.843590576231621,0.26231813961915884,0.0,0.0,0.0,0.0,48.297654264677135,0.007954633149280833,-115.05398427414622,0.0,-0.552,3.9344970929028165,0.0,0.0006462664453993512,0.035284623251562584,-0.4367046996946047,-2.5924734549802158,3.9344970929028165,0.0,0.0006462664453993512,Shell Companies,Financial Services,FRBN
2022Q4,2022,Q4,2023-03-30,2022-12-31,1886080.0,0.0,-491806.0,0.15,-1831421.0,0.0,132043138.0,127422129.0,511804.0,893509.0,4621009.0,0.0,-4109521.0,130674500.0,130360349.0,10.07289557312253,0.5728022885052081,0.0,0.0,-0.011743832776121465,10.07289557312253,0.014801824571617384,0.0,17.320911626230064,1.0255243812477814,0.0,0.0,0.0,0.0,147.5592131696491,0.014283816853852715,-914.8056621209151,0.0,2.5460992907801416,11.788548153567355,0.0,69920.76806782091,-2.49999426675636,1.8209139612866172,0.060118792808219176,11.788548153567355,0.0,69920.76806782091,Shell Companies,Financial Services,FRBN
2022Q3,2022,Q3,2022-11-10,2022-09-30,668606.0,0.0,-523264.0,0.0423,-523264.0,0.0,131205212.0,126802261.0,785449.0,675451.0,4402951.0,0.0,-3617818.0,31941250.0,31484255.0,40.095576600790515,1.1628511912781239,0.0,0.0,-0.03796671239800886,40.095576600790515,0.005272823960134275,0.0,11.943225905839912,0.2518981108704363,0.0,0.0,0.0,0.0,193.76203159074456,0.005095879880137689,-100.47008977157631,0.0,5.5978260869565215,0.0,0.0,44462.93610382379,-0.4091540723665076,5.603773325070578,-0.4091540723665076,0.0,0.0,44462.93610382379,Shell Companies,Financial Services,FRBN
2022Q2,2022,Q2,2022-08-11,2022-06-30,-145230.0,0.0,-371332.0,-0.0092,-371332.0,0.0,131059723.0,126729590.0,1235832.0,602633.0,4330133.0,0.0,-3094617.0,31625000.0,30850087.0,40.072597628458496,2.050720753758921,0.0,0.0,-0.0016475865009492488,40.072597628458496,-0.0011459833492714685,0.0,-54.43950974316601,0.24954708683268054,0.0,0.0,0.0,0.0,216.71366154857103,-0.001108120761097595,-234.86992105399966,0.0,0.5982532751091704,0.0,0.0,0.0,0.0,0.5988620199146515,0.16558169426473926,0.0,0.0,0.0,Shell Companies,Financial Services,FRBN
2022Q1,2022,Q1,2022-05-13,2022-03-31,-362045.0,0.0,-445019.0,-0.0229,0.0,0.0,131238432.0,126987871.0,1430510.0,523061.0,4250561.0,0.0,-2723307.0,31530125.000000004,30620563.000000004,40.15426750988142,2.7348817824307297,0.0,0.0,-0.0031441328311818577,40.15426750988142,-0.0028510203151606503,0.0,-21.772241710284636,0.24829241369043822,0.0,0.0,0.0,0.0,1.7389214642269257,-0.0027586812375204237,-197.38897305554167,0.0,-0.6594202898550725,0.0,0.0,0.0,0.0,-0.6567442158441938,-0.9153288629888184,0.0,0.0,0.0,Shell Companies,Financial Services,FRBN
2021Q4,2021,Q4,2022-04-14,2021-12-31,-218528.0,0.0,-232346.0,-0.0138,0.0,0.0,131446.35,-2278.006,1567.889,327.447,4054.947,0.0,-2278.322,155911240.14,155910170.84199998,-0.00014406362966410305,4.788222216114363,0.0,0.0,98.8694757117815,-0.00014406362966410305,95.92951028223807,0.0,-178.36528973403864,-68441.97958214334,0.0,0.0,0.0,0.0,3.2655605334603766,-1.66248815581414,-195.80738681918194,0.0,0.0,0.0,0.0,0.0,0.0,0.0,0.0,0.0,0.0,0.0,Shell Companies,Financial Services,FRBN
2021Q3,2021,Q3,2022-01-24,2021-09-30,0.0,0.0,0.0,0.0,0.0,0.0,354615.0,14259.0,0.0,340356.0,340356.0,0.0,-10741.0,155911240.14,155911240.14,0.0009017549977394465,0.0,0.0,0.0,,0.0009017549977394465,0.0,0.0,0.0,10934.233827056596,0.0,0.0,,0.0,0.0,0.0,0.0,0.0,0.0,0.0,0.0,0.0,0.0,0.0,0.0,0.0,0.0,0.0,Shell Companies,Financial Services,FRBN
2021Q2,2021,Q2,2021-07-31,2021-07-31,,,,,,,251111.0,18059.0,0.0,233052.0,233052.0,0.0,-6941.0,0.0,0.0,0.0,0.0,0.0,0.0,,0.0,,0.0,0.0,0.0,0.0,0.0,,,0.0,,0.0,0.0,0.0,0.0,0.0,0.0,0.0,0.0,0.0,0.0,0.0,0.0,Shell Companies,Financial Services,FRBN
