Quarters,Year,Quarter,FillingDate,Date,NetIncome,Revenue,OperatingIncome,EPSDiluted,GrossProfit,GrossProfitRatio,TotalAssets,CommonStockEquity,CurrentAssets,CurrentLiability,TotalLiability,Inventory,RetainedEarnings,MarketCap,EnterpriseValue,bookValuePerShare,currentRatio,debtToAssets,debtToEquity,roic,shareholdersEquityPerShare,roe,priceToSalesRatio,peRatio,pbRatio,payoutRatio,inventoryTurnover,dividendYield,assetTurnover,quickRatio,returnOnAssets,priceToFreeCashFlowsRatio,grossProfitMargin,epsdilutedGrowth,fiveYNetIncomeGrowthPerShare,fiveYRevenueGrowthPerShare,fiveYShareholdersEquityGrowthPerShare,grossProfitGrowth,netIncomeGrowth,operatingIncomeGrowth,threeYNetIncomeGrowthPerShare,threeYRevenueGrowthPerShare,threeYShareholdersEquityGrowthPerShare,Industry,Sector,Symbol
2023Q2,2023,Q2,2023-05-02,2023-04-02,908300000.0,8719800000.0,1327500000.0,0.79,2282100000.0,0.2617147182,28609000000.0,-8506900000.0,7046200000.0,9121800000.0,37108400000.0,2000600000.0,-8024600000.0,120262950000.0,141700450000.0,-7.416652136006975,0.7724571904667938,0.856698940892726,-2.881108276810589,0.039832818546832606,-7.416652136006975,-0.10677214966674112,13.791939035298975,33.10110921501706,-14.137106348963782,0.6705934162721567,3.217884634609617,0.005064735232255653,0.30479219825928905,0.5083426516696266,0.0317487503932329,425.8603045325779,0.26171471822748227,0.06756756756756763,0.6584022895793838,0.7423279287604815,-3.1762565615588474,0.019522873481057898,0.062090739008419084,0.05937275556619583,1.8256361721038943,0.48578751708995044,-0.1541457580872728,Restaurants,Consumer Cyclical,SBUX
2023Q1,2023,Q1,2023-02-02,2023-01-01,855200000.0,8713900000.0,1253100000.0,0.74,2238400000.0,0.2568769437,28256100000.0,-8673800000.0,6934900000.0,9246200000.0,36922000000.0,2088100000.0,-8203200000.0,113931200000.0,134563600000.0,-7.55228558989987,0.750027038134585,0.8429648819193024,-2.746074384929327,0.039278892121248556,-7.55228558989987,-0.09859577117295765,13.074650845201345,33.30542563143124,-13.135096497498212,0.7112956033676333,3.1011445811982186,0.005339187158565871,0.30839004675096704,0.48379874975665677,0.03026603105170211,105.8446674098848,0.2568769437335751,-0.026315789473684233,-0.534204991288541,0.7583587764425119,-2.848124545182291,0.03701644660643966,-0.02630080837982466,0.04818067754077792,-0.00761715348632543,0.261914261067237,-0.31876476136005066,Restaurants,Consumer Cyclical,SBUX
2022Q4,2022,Q4,2022-11-18,2022-10-02,878300000.0,8414200000.0,1195500000.0,0.76,2158500000.0,0.2565306268,27978400000.0,-8706600000.0,7018700000.0,9151800000.0,36677100000.0,2176600000.0,-8449800000.0,98283198000.0,119269598000.0,-7.584807038940674,0.7669201687099806,0.8508277814313899,-2.7341097558174257,0.039973399697357206,-7.584807038940674,-0.10087749523350102,11.680634879132894,27.9754064670386,-11.288355730135759,0.6401001935557327,2.874069649912708,0.005720204586749405,0.30073914162353815,0.4762341834393234,0.03139207388556887,177.4705633802817,0.2565306267975565,-0.037974683544303826,0.38900479140231964,0.8415569528925563,-2.992332206188413,-0.0337958818263205,-0.03790119399715193,-0.0771902740254728,0.12902404525184588,0.2869740585953202,-0.4416999483856621,Restaurants,Consumer Cyclical,SBUX
2022Q3,2022,Q3,2022-08-02,2022-07-03,912900000.0,8150100000.0,1295500000.0,0.79,2234000000.0,0.2741070662,28156200000.0,-8666500000.0,7067500000.0,8402400000.0,36815100000.0,2132900000.0,-8719700000.0,90911220000.0,111632820000.0,-7.555797733217088,0.8411287251261544,0.8488041710173958,-2.7576414931056368,0.041366436674549645,-7.555797733217088,-0.10533664108925171,11.15461405381529,24.896270128162996,-10.489957883805458,0.6155110088728228,2.7737352899807775,0.006180755246712122,0.2894602254565602,0.5420832143197182,0.03242269908581414,108.06040651372875,0.27410706617096725,0.36206896551724155,0.6637305279495435,0.8144549462671012,-2.8693597533819255,0.20424774944746915,0.35244444444444445,0.36526504373485086,-0.3005126820651014,0.25646812201562963,-1.109908337991579,Restaurants,Consumer Cyclical,SBUX
2022Q2,2022,Q2,2022-05-03,2022-04-03,675000000.0,7635600000.0,948900000.0,0.58,1855100000.0,0.2429540573,29021500000.0,-8768000000.0,7541100000.0,9104300000.0,37782700000.0,1920000000.0,-9070500000.0,101233028000.0,122237428000.0,-7.629655412460842,0.8283009127555111,0.8585979360129559,-2.8419023722627736,0.029179850706114917,-7.629655412460842,-0.0769844890510949,13.258031850804128,37.49371407407408,-11.545737682481752,0.8343703703703703,3.0106770833333334,0.005563401699295214,0.263101493720173,0.5797040958667882,0.02325861861034061,-345.2695361527967,0.24295405731049297,-0.15942028985507245,0.30258653398271934,0.8169467079544569,-2.9706426655877896,-0.12639510242524135,-0.17289547849528245,-0.1942085597826087,0.07164022845703334,0.27492853931837063,-0.8328501755201847,Restaurants,Consumer Cyclical,SBUX
2022Q1,2022,Q1,2022-02-01,2022-01-02,816100000.0,8050400000.0,1177600000.0,0.69,2123500000.0,0.263775713,28833900000.0,-8457200000.0,7255100000.0,8921100000.0,37284200000.0,1637100000.0,-8753000000.0,134368688000.00002,154146188000.0,-7.343869399096909,0.8132517290468664,0.8235757216332165,-2.807891500733103,0.037301256487746376,-7.343869399096909,-0.0964976587996027,16.690933121335586,41.16183310868766,-15.888082107553327,0.7057958583506924,3.620365280068414,0.004286712987775842,0.2791991371267848,0.5838181390187309,0.028303489989214083,92.40677257410083,0.2637757130080493,-0.5369127516778524,0.37359456212118836,0.7768902309237556,-2.8461661126115336,-0.10859709512215598,-0.5374631602811154,-0.20550532991499124,0.15840742948314973,0.3103924516250867,-2.164973768205895,Restaurants,Consumer Cyclical,SBUX
2021Q4,2021,Q4,2021-11-19,2021-10-03,1764400000.0,8146700000.0,1482200000.0,1.49,2382200000.0,0.29241287883437467,31392600000.0,-5321200000.0,9756400000.0,8151400000.0,36707100000.0,1603900000.0,-6315700000.0,131522800000.0,148672200000.0,-4.509491525423729,1.1968986922491842,0.7519319839707447,-4.436048259791025,0.04266757525339751,-4.509491525423729,-0.33157934300533715,16.14430382854407,18.635626841985943,-24.716755619033297,0.3008388120607572,3.594051998254255,0.0040358021574966475,0.2595102030414811,0.9508796035036926,0.05620432840860585,126.90351215746816,0.29241287883437467,0.5360824742268041,1.7267059727298315,0.7655251515903335,-2.1193256921960155,0.025219487002926495,0.5297381654239639,-0.0043662255659300065,1.5909163759548623,0.43378453770296455,-6.047777132049768,Restaurants,Consumer Cyclical,SBUX
2021Q3,2021,Q3,2021-07-27,2021-06-27,1153400000.0,7496500000.0,1488700000.0,0.97,2323600000.0,0.30995798039084904,29476800000.0,-6800800000.0,7931700000.0,7799800000.0,36271100000.0,1548200000.0,-7501600000.0,132274840000.0,151046040000.0,-5.770725498515062,1.0169106900176927,0.7980615263529284,-3.4590489354193625,0.047503476482402066,-5.770725498515062,-0.16959769438889544,17.644879610484892,28.67063464539622,-19.44989413010234,0.45968441130570487,3.3412349825603926,0.004008320856785766,0.25431865059979375,0.7753403933434191,0.039129077783205776,93.7388136914464,0.30995798039084904,0.732142857142857,0.9031537339900104,0.780803154649867,-2.478938772942516,0.2544404254170491,0.7491659084015772,0.5073916565411097,0.5685632688304756,0.377288813580878,-2.9757291323880843,Restaurants,Consumer Cyclical,SBUX
2021Q2,2021,Q2,2021-04-27,2021-03-28,659400000.0,6668000000.0,987600000.0,0.56,1852300000.0,0.2777894421115777,28371700000.0,-7654000000.0,6979500000.0,6505100000.0,36020000000.0,1503600000.0,-8124300000.0,128500575000.0,148142575000.0,-6.500212314225053,1.0729273954282026,0.8290902554305876,-3.0732558139534882,0.029576036437949475,-6.500212314225053,-0.08615103214005748,19.27123200359928,48.71874999999999,-16.7886823882937,0.8034576888080073,3.202779994679436,0.004122938749495868,0.23502292777662248,0.8029238597408187,0.023241469492487232,229.42434386716658,0.2777894421115777,0.05660377358490571,0.42604764388801963,0.6609061359542395,-2.86855904961775,0.010529187124931805,0.05978784956605593,0.08111658456486043,0.17276776246023334,0.2978409334983187,-2.9073470672407695,Restaurants,Consumer Cyclical,SBUX
2021Q1,2021,Q1,2021-01-26,2020-12-27,622200000.0,6749400000.0,913500000.0,0.53,1833000000.0,0.2715796959729754,29968400000.0,-7909700000.0,8357500000.0,7883900000.0,37872400000.0,1471500000.0,-8253600000.0,122599500000.0,142509600000.0,-6.731659574468085,1.0600717918796534,0.8321498645239652,-3.152862940440219,0.02699281941329156,-6.731659574468085,-0.0786629075691872,18.164503511423238,49.260486981677914,-15.499892537011517,0.8489231758277082,3.341080530071356,0.004308337309695391,0.2252172288143511,0.8413982927231446,0.020761869168857864,81.11114786635792,0.2715796959729754,0.6060606060606061,0.1440846607998219,0.5880783973360205,-2.6719139787394113,0.18786857624262848,0.5848191543555782,0.6362170875873187,-0.6687542781067215,0.3312303853481999,-2.6473086380663196,Restaurants,Consumer Cyclical,SBUX
2020Q4,2020,Q4,2020-11-12,2020-09-27,392600000.0,6203100000.0,558300000.0,0.33,1543100000.0,0.2487627154164853,29374500000.0,-7805100000.0,7806400000.0,7346800000.0,37173900000.0,1551400000.0,-7815600000.0,100985930999.99998,121893830999.99998,-6.652262848376374,1.0625578483149125,0.8598886789562376,-3.23619172079794,0.018797444588024476,-6.652262848376374,-0.050300444581107225,16.27991343038158,64.30586538461539,-12.93845447207595,1.2208354559347936,3.003738558721155,0.004746205686809978,0.21117295613542358,0.8204252191430282,0.013365333878023456,88.1588223483195,0.2487627154164853,1.568597889295714,-0.2384184634294405,0.5975319781472092,-2.6980535503822196,6.703944083874188,1.5787146226415094,1.7931524364256286,-0.39255614703334857,0.328238583027941,-2.747377019455719,Restaurants,Consumer Cyclical,SBUX
2020Q3,2020,Q3,2020-07-28,2020-06-28,-678400000.0,4222100000.0,-703900000.0,-0.580375,200300000.0,0.047440846971886025,29140600000.0,-8621600000.0,7581000000.0,8002000000.0,37764900000.0,1583800000.0,-8208300000.0,85890772000.0,107647272000.0,-7.375823423731713,0.9473881529617596,0.8826997385091591,-2.9834833441588566,-0.022616080247530715,-7.375823423731713,0.07868609074881693,20.34314014353047,-31.651964917452833,-9.962277535492253,-0.7060731132075472,2.53933577471903,0.00557685056084954,0.14488720204800176,0.7149087728067983,-0.023280234449530895,-114.85794597485959,0.047440846971886025,-3.072767857142857,-2.3806009566887636,0.10317379801119685,-2.8775510219583778,-0.8430988563371455,-3.065773447015834,-2.444193680755027,-2.2131979758223053,-0.07764559535684107,-2.824832789760916,Restaurants,Consumer Cyclical,SBUX
2020Q2,2020,Q2,2020-04-28,2020-03-29,328400000.0,5995700000.0,487400000.0,0.28,1276600000.0,0.21291925880214155,27478900000.0,-7530100000.0,5749900000.0,8265800000.0,35011800000.0,1492200000.0,-7050600000.0,79518348000.0,99865148000.0,-6.426096603515958,0.695625347818723,0.8340617710315915,-3.043664758768144,0.016700709352300475,-6.426096603515958,-0.04361163862365706,13.262562836699635,60.53467417783191,-10.560065337777718,1.4646772228989038,3.162511727650449,0.006048918420689524,0.2181928679823428,0.4787195431779138,0.011950987848858579,-46.08957746478873,0.21291925880214155,-0.6216216216216216,-0.15001180672316583,0.6829415705737998,-2.6052675290624348,-0.37397018438603374,-0.6292198261262278,-0.6004262993933431,-0.37849005342877895,0.39920400053569693,-2.6597787783960842,Restaurants,Consumer Cyclical,SBUX
2020Q1,2020,Q1,2020-01-28,2019-12-29,885700000.0,7097100000.0,1219800000.0,0.74,2039200000.0,0.2873286271857519,27731300000.0,-6759900000.0,5899700000.0,8675500000.0,34490400000.0,1408700000.0,-6414800000.0,103214176000.0,120804076000.0,-5.726787529650966,0.6800414961673679,0.7439391590008402,-3.051879465672569,0.041316344520210435,-5.726787529650966,-0.13102264826402757,14.543148046385143,29.133503443603928,-15.268595097560615,0.5466862368747883,3.590473486192944,0.004691216059313403,0.25592381172177286,0.47928073309895686,0.031938639731999584,71.58702732695242,0.2873286271857519,0.10447761194029843,0.14546696507472387,0.8786413372673046,-2.4881675251065154,0.09705186141596729,0.10326357747882411,0.12600387704237054,0.4543679152863806,0.528257444343536,-2.4396499306847783,Restaurants,Consumer Cyclical,SBUX
2019Q4,2019,Q4,2019-11-15,2019-09-29,802800000.0,6747000000.0,1083300000.0,0.67,1858800000.0,0.27550022232103155,19219600000.0,-6232200000.0,5653900000.0,6168700000.0,25450600000.0,1529400000.0,-5771200000.0,104742332000.0,113222732000.0,-5.2610163768360625,0.9165464360400084,0.581021457262378,-1.7918231122236128,0.17546061726697185,-5.2610163768360625,-0.1288148647347646,15.524282199496072,32.61781639262581,-16.806638426237928,0.5363726955655207,3.1961553550411925,0.004111040796762096,0.35104788861370684,0.6123494415354938,0.041769859934650044,179.8769225485145,0.27550022232103155,-0.4017857142857143,0.7282544612305695,1.0421686752096768,-2.4958770009251245,-0.06869081617315496,-0.4152097902097902,-0.033889235708552574,0.2358304825356127,0.4565090055771768,-2.305865808696307,Restaurants,Consumer Cyclical,SBUX
2019Q3,2019,Q3,2019-07-30,2019-06-30,1372800000.0,6823000000.0,1121300000.0,1.12,1995900000.0,0.2925252821339587,20894400000.0,-4320600000.0,7734800000.0,5895800000.0,25213400000.0,1517200000.0,-4013900000.0,102009575000.0,108405375000.0,-3.5811023622047244,1.3119169578343906,0.5340713301171606,-2.5827662824607693,0.13427266258347687,-3.5811023622047244,-0.31773364810442994,14.950839073721237,18.576918524184148,-23.61004837291117,0.31774475524475526,3.18158449775903,0.004276069182721328,0.32654682594379353,0.9724719291699175,0.06570181484033999,138.92084297970857,0.2925252821339587,1.1132075471698115,2.3340436014506545,1.044950741244673,-2.0611615664519207,0.13888730385164053,1.0699638118214716,0.3073335665150985,1.21260278868941,0.5831971627529197,-1.9177756132575428,Restaurants,Consumer Cyclical,SBUX
2019Q2,2019,Q2,2019-04-30,2019-03-31,663200000.0,6305900000.0,857700000.0,0.53,1752500000.0,0.27791433419496026,17641900000.0,-5036900000.0,4952300000.0,5273400000.0,22677100000.0,1443000000.0,-4807700000.0,89491600000.0,96653000000.0,-4.162727272727273,0.9391094929267645,0.5224210544215759,-1.8297961047469673,0.1648695405558707,-4.162727272727273,-0.1316682880343068,14.191725209724227,33.734770808202654,-17.767198078183007,0.6752110977080821,3.1555093555093556,0.005003821587724435,0.3574388246163962,0.5749042363560511,0.03759232282237174,-3760.1512605042017,0.27791433419496026,-0.13114754098360648,0.9359324907581239,1.029006557722594,-2.269585098931725,-0.06831472620946305,-0.12805679726531685,-0.1555577434281776,0.3957420268986636,0.5285235109832015,-2.1966227163877616,Restaurants,Consumer Cyclical,SBUX
2019Q1,2019,Q1,2019-01-29,2018-12-30,760600000.0,6632700000.0,1015700000.0,0.61,1881000000.0,0.28359491609751686,19981300000.0,-2884900000.0,7676300000.0,5427500000.0,22860100000.0,1354600000.0,-2584000000.0,80068520000.0,84437620000.0,-2.3203571141317463,1.4143344081068632,0.4569622597128315,-3.1649970536240426,0.12807583889537932,-2.3203571141317463,-0.26364865333287113,12.071783738145854,26.317551932684726,-27.754348504280912,0.5872995003944255,3.507825188247453,0.005578971610815336,0.33194536891994014,1.0750806080147397,0.03806559132789158,41.11137810638735,0.28359491609751686,0.08928571428571416,0.711839115881952,0.9038313119429682,-1.7183165514754943,0.010638297872340425,0.006750496360026472,0.06200334588038477,0.32174114685780364,0.4748880548544517,-1.576297338251964,Restaurants,Consumer Cyclical,SBUX
2018Q4,2018,Q4,2018-11-16,2018-09-30,755500000.0,6303600000.0,956400000.0,0.56,1861200000.0,0.2952598515134209,24156400000.0,1169500000.0,12494200000.0,5684200000.0,22980600000.0,1400500000.0,1457400000.0,72759778000.0,73443578000.0,0.893361851653808,2.198057774181063,0.39079084631815997,8.071911073108167,0.07316279951972335,0.893361851653808,0.646002565198803,11.542575353766102,24.076696889477166,62.21443180846515,0.6395764394440767,3.1720099964298463,0.006641031807436247,0.26094947922703715,1.8624080785334787,0.03127535559934427,9.25131955040179,0.2952598515134209,-0.081967213114754,1.70565308574246,0.9113681758852519,-0.6996204871810865,-0.035847492747617074,-0.11378299120234604,-0.07879021383163166,0.3135204174960364,0.4550089758963364,-0.7719608652645118,Restaurants,Consumer Cyclical,SBUX
2018Q3,2018,Q3,2018-07-31,2018-07-01,852500000.0,6310300000.0,1038200000.0,0.61,1930400000.0,0.3059125556629637,17182100000.0,3990700000.0,5583400000.0,5551600000.0,13185400000.0,1387400000.0,4150900000.0,67030678000.0,71937478000.0,2.920808021664349,1.005728078391815,0.39569668434009814,1.7036860701130128,0.07984163370293325,2.920808021664349,0.21362167038364197,10.622423339619353,19.657090322580647,16.796721878367205,0.48363636363636364,3.156912209889001,0.006150914958670118,0.36726011372300243,0.682271777505584,0.0496155883157472,95.10595629965948,0.3059125556629637,0.298917001332987,1.2434047822915888,0.8542262799757098,-0.23580287204664546,0.11829451975437377,0.29147098924405396,0.3439482200647249,0.48425325053934254,0.41057674531903265,-0.25649439107022765,Restaurants,Consumer Cyclical,SBUX
2018Q2,2018,Q2,2018-05-01,2018-04-01,660100000.0,6031800000.0,772500000.0,0.469622,1726200000.0,0.28618322888689945,17553500000.0,4711200000.0,5657000000.0,5187000000.0,12835800000.0,1375900000.0,4635800000.0,77746176000.0,82138976000.0,3.407986111111111,1.0906111432427221,0.372279032671547,1.3870776023093905,0.055569373824332684,3.407986111111111,0.1401129223976906,12.889382273948074,29.444847750340855,16.502414671421295,0.6359642478412362,3.129297187295588,0.005399622484326432,0.3436237787335859,0.5999807210333526,0.03760503603270003,-6026.8353488372095,0.28618322888689945,-0.7008777070063694,0.8305092992823124,0.8364089875277706,-0.041531925078195836,-0.058675973388592,-0.706648297929073,-0.30785771884239765,0.4482356903845147,0.43514520789963845,-0.14866990317742979,Restaurants,Consumer Cyclical,SBUX
2018Q1,2018,Q1,2018-01-31,2017-12-31,2250200000.0,6073700000.0,1116100000.0,1.57,1833800000.0,0.30192469170357444,18518500000.0,5752100000.0,6883500000.0,6841100000.0,12759600000.0,1313200000.0,5834900000.0,80838468000.0,82093468000.0,4.086459221369707,1.006197833681718,0.2654858654858655,0.8547139305644895,0.07831176960919072,4.086459221369707,0.3911962587576711,13.309591846814957,8.98125366634077,14.053731332904505,0.19024975557728202,3.228678038379531,0.00529574607970057,0.327980127980128,0.7652716668372045,0.12151092151092151,57.54856410621485,0.30192469170357444,1.9074074074074074,4.54001481216728,0.700944040534202,0.18404786368899984,0.07516416510318949,1.8534111082931777,0.09143360062585566,1.4404335515162197,0.34823696204046223,0.061910516922058484,Restaurants,Consumer Cyclical,SBUX
2017Q4,2017,Q4,2017-11-17,2017-10-01,788600000.0,5698300000.0,1022600000.0,0.54,1705600000.0,0.2993173402593756,14365600000.0,5450100000.0,5283400000.0,4220700000.0,8908600000.0,1364000000.0,5563200000.0,77034396000.0,78504696000.0,3.806999161777033,1.251782879617125,0.2737511833825249,0.7215647419313407,0.07468962890313784,3.806999161777033,0.14469459275976587,13.518838250004388,24.421251585087496,14.13449221115209,0.4572660410854679,2.927199413489736,0.004681025862784722,0.3966628612797238,0.8437699907598266,0.05489502700896586,130.43412800541822,0.2993173402593756,0.1489361702127661,1.3013858292569183,0.7731294842650946,0.11668994790351558,-0.04367816091954023,0.14025448235974552,-0.020685692396092702,0.40477617868628213,0.4271717766548851,0.0824529103762846,Restaurants,Consumer Cyclical,SBUX
2017Q3,2017,Q3,2017-08-01,2017-07-02,691600000.0,5661500000.0,1044200000.0,0.47,1783500000.0,0.31502252053342755,14522700000.0,5843400000.0,5509300000.0,4026500000.0,8673200000.0,1357300000.0,5986000000.0,84212025000.0,85431325000.0,4.04191741025109,1.368260275673662,0.270989554283983,0.6734948831159941,0.07014220290516907,4.04191741025109,0.1183557517883424,14.874507639318201,30.44101539907461,14.411477051031932,0.523423944476576,2.857142857142857,0.004298673497045108,0.38983797778649976,0.9430522786539178,0.047621998664160246,110.3407036163522,0.31502252053342755,0.049292174289662594,1.182385441130642,0.8013377815275151,0.1405938155278655,0.13859805924412666,0.05943627450980392,0.11631387641650631,0.4017421556428009,0.416081133759894,0.19771148007361444,Restaurants,Consumer Cyclical,SBUX
2017Q2,2017,Q2,2017-05-02,2017-04-02,652800000.0,5294000000.0,935400000.0,0.447921,1566400000.0,0.29588213071401587,14227900000.0,5605000000.0,4919400000.0,4000100000.0,8616500000.0,1323600000.0,5768900000.0,84603588000.0,86407188000.0,3.8716584927816537,1.229819254518637,0.27885352019623416,0.707850133809099,0.0650652096846427,3.8716584927816537,0.11646743978590544,15.981032867397053,32.40027113970588,15.094306512042818,0.5572916666666666,2.8162586884255063,0.0043000540355333395,0.37208583135951195,0.7964550886227845,0.04588168317179626,750.0318085106383,0.29588213071401587,-0.12172352941176469,1.2055753422944604,0.734419244066559,0.14311925502219186,-0.12963271656387176,-0.13168395849960096,-0.17411266113367474,0.5926950590608151,0.4237282555287269,0.18081238778048772,Restaurants,Consumer Cyclical,SBUX
2017Q1,2017,Q1,2017-01-31,2017-01-01,751800000.0,5732900000.0,1132600000.0,0.51,1799700000.0,0.3139248896718938,14017300000.0,5796600000.0,4616200000.0,4397300000.0,8214200000.0,1218700000.0,5996300000.0,80903744000.0,82054844000.0,3.9779028273401043,1.0497805471539354,0.22726916025197436,0.5495807887382259,0.08364238529554766,3.9779028273401043,0.12969671876617328,14.112184758150326,26.903346634743286,13.957103129420696,0.48417132216014896,3.2273734307048496,0.004499173734159942,0.4089874654890742,0.6914470243103723,0.05363372404100647,68.08360178406126,0.3139248896718938,-0.0555555555555556,1.0323585588204167,0.7234905163294254,0.2545129349045267,-0.050139863830685596,-0.061306030715445124,-0.07723643474010103,0.4436626385992962,0.40400692002262406,0.23144554932388947,Restaurants,Consumer Cyclical,SBUX
2016Q4,2016,Q4,2016-11-18,2016-10-02,800900000.0,5711200000.0,1227400000.0,0.54,1894700000.0,0.3317516458887799,14329500000.0,5884000000.0,4760500000.0,4546900000.0,8438800000.0,1378500000.0,5949800000.0,78633320000.0,80106720000.0,4.028757274905854,1.0469770612945084,0.25138350954324995,0.6122025832766825,0.08536069942507107,4.028757274905854,0.1361148878314072,13.768265863566326,24.545299038581597,13.363922501699525,0.3660881508303159,2.768589046064563,0.0037286992333529856,0.3985624062249206,0.6668279487123094,0.05589169196412994,87.60396613190731,0.3317516458887799,0.058823529411764754,1.3523600310072397,0.9825011659012391,0.4121644579192908,0.14948735060365226,0.06206073465057685,0.20062603932309497,1.6705116554106625,0.552223786771455,0.3546091600638764,Restaurants,Consumer Cyclical,SBUX
2016Q3,2016,Q3,2016-07-27,2016-06-26,754100000.0,5238000000.0,1022300000.0,0.51,1648300000.0,0.3146811760213822,13833200000.0,5721800000.0,4856200000.0,4245200000.0,8109200000.0,1325100000.0,5702000000.0,78731016000.0,80191416000.0,3.901936715766503,1.1439272590219542,0.2604025099037099,0.6295571323709322,0.07706793973563118,3.901936715766503,0.1317941906393093,15.030739977090493,26.100986606550855,13.759833618791289,0.3885426336029704,2.709003094106105,0.0037215320579630272,0.37865425208917675,0.7216621125035334,0.05451377844605731,109.36382275316016,0.3146811760213822,0.30769230769230765,1.7365386912144347,0.8092742125891298,0.3356280186813271,0.08691064952192548,0.3112502173535037,0.18294376301781995,0.8489953153935208,0.4340749041183876,0.020898603923093395,Restaurants,Consumer Cyclical,SBUX
2016Q2,2016,Q2,2016-04-26,2016-03-27,575100000.0,4993200000.0,864200000.0,0.39,1516500000.0,0.30371304974765684,12519400000.0,5094600000.0,3883500000.0,4351200000.0,7423000000.0,1293100000.0,5241200000.0,86346920000.0,88049020000.0,3.4787299419597133,0.8925124103695532,0.2393485310797642,0.5881717897381541,0.07137960431881347,3.4787299419597133,0.1128842303615593,17.292902347192182,37.535611198052514,16.948714324971537,0.5126065032168319,2.6886551697471193,0.0034141345168999656,0.3988370049682892,0.4967135502849789,0.04593670623192805,405.19436884091976,0.30371304974765684,-0.15217391304347827,1.2480816635918575,0.8329519193847063,0.20657417228191824,-0.09791208137528999,-0.16361256544502617,-0.1831758034026465,0.5053931082056762,0.434979799920138,-0.02163580427389284,Restaurants,Consumer Cyclical,SBUX
2016Q1,2016,Q1,2016-01-26,2015-12-27,687600000.0,5373500000.0,1058000000.0,0.46,1681100000.0,0.3128500977016842,12943500000.0,5981500000.0,4727700000.0,4420100000.0,6960100000.0,1242600000.0,6164000000.0,89418264000.0,89502464000.0,4.026319332256327,1.0695911857197802,0.1813806157530807,0.3924935216918833,0.08322572355644499,4.026319332256327,0.11495444286550197,16.640599981390157,32.5110034904014,14.949137172949928,0.4319371727748691,2.9715113471752774,0.0033214690904757446,0.41515046162166336,0.7113639962896767,0.053123189245567276,68.56177273424322,0.3128500977016842,0.06976744186046518,0.9998676270849898,0.835741048182109,0.4882187308998878,0.08206745623069,0.05379310344827586,0.09139674025170208,0.6039951138518858,0.4258416929129461,0.1666223852075768,Restaurants,Consumer Cyclical,SBUX
2015Q4,2015,Q4,2015-11-12,2015-09-27,652500000.0,4914800000.0,969400000.0,0.43,1553600000.0,0.3161064539757467,12446100000.0,5818000000.0,4352700000.0,3653500000.0,6626300000.0,1306400000.0,5974800000.0,82824027000.0,83641427000.0,3.91758130765605,1.1913781305597373,0.18861330055198014,0.4034891715366105,0.08640730389236091,3.91758130765605,0.11215194224819526,16.85196284691137,31.73334367816092,14.235824510140942,0.32015325670498085,2.572872014696877,0.002522214960641795,0.3948867516732149,0.6378541124948679,0.052426061175790004,135.84390191897654,0.3161064539757467,0.04878048780487809,1.39736346984323,0.7745790093742547,0.6223842038781336,0.012183204117532086,0.0411680229775012,0.03281483059876412,0.8356047358786715,0.4742359000768072,0.1491265115782651,Restaurants,Consumer Cyclical,SBUX
2015Q3,2015,Q3,2015-07-28,2015-06-28,626700000.0,4881200000.0,938600000.0,0.41,1534900000.0,0.31445136441858557,12868800000.0,5856500000.0,4760700000.0,4049200000.0,7010500000.0,1166000000.0,5945000000.0,79832340000.0,80649040000.0,3.928427689830963,1.1757137212288846,0.2251336565957976,0.49469819858277125,0.07108503113392474,3.928427689830963,0.10700930589942799,16.355064328443824,31.846314025849686,13.631407837445574,0.38311791925961386,2.8698970840480276,0.0030075530793660815,0.37930498570185256,0.703324113405117,0.04869917941066766,180.8616674218396,0.31445136441858557,0.24350194410913692,2.015238823127205,0.869260982417531,0.6637994180680884,0.11297222826481039,0.26631642756112345,0.20720257234726688,0.9177631210642727,0.5060834838874377,0.10856800695768457,Restaurants,Consumer Cyclical,SBUX
2015Q2,2015,Q2,2015-04-28,2015-03-29,494900000.0,4563500000.0,777500000.0,0.329714,1379100000.0,0.302202257039553,12190700000.0,6008700000.0,4245400000.0,3521200000.0,6180000000.0,1061100000.0,6083000000.0,72032990000.0,72331090000.0,4.0031312458361095,1.2056685220947405,0.16803793055361874,0.34092232928919736,0.0627696313138198,4.0031312458361095,0.08236390567011168,15.784592965925277,36.38764902000404,11.988115565762977,0.48514851485148514,3.001036660069739,0.0033331949708043495,0.37434273667631884,0.7115188004089515,0.04059652029826015,276.09425067075506,0.302202257039553,-0.49274769230769233,1.2583783230262506,0.785296933985988,0.6826491234968836,-0.07844971600400935,-0.49659241175872243,-0.1507373020207537,0.6127130047108532,0.44200273339056445,0.1819369957417119,Restaurants,Consumer Cyclical,SBUX
2015Q1,2015,Q1,2015-01-27,2014-12-28,983100000.0,4803200000.0,915500000.0,0.65,1496500000.0,0.3115631245836109,12351100000.0,5775400000.0,4546100000.0,3557500000.0,6193300000.0,1018300000.0,5832200000.0,61817952000.0,62009352000.0,3.8482142857142856,1.2778917779339425,0.16584757632923383,0.35467673234754304,0.08865026644315067,3.8482142857142856,0.1702219759670326,12.870159893404397,15.720158681721086,10.703665893271461,0.24361712948835318,3.2472748698811746,0.0038742791090846883,0.38888843908639714,0.7359100491918482,0.07959614933082883,54.542043409211225,0.3115631245836109,0.6883116883116883,3.138618078639632,0.7935177070484483,0.7520381216670715,0.1463040980467254,0.6725076556651922,0.07101076275152082,1.5804297901452469,0.4020436789000328,0.21361300344811068,Restaurants,Consumer Cyclical,SBUX
2014Q4,2014,Q4,2014-11-14,2014-09-28,587800000.0,4180700000.0,854800000.0,0.385,1305500000.0,0.3122682804315067,10752900000.0,5272000000.0,4168700000.0,3038700000.0,5479200000.0,1090900000.0,5206600000.0,56414865000.0,56754765000.0,3.517011340893929,1.3718695494783955,0.19048814738349654,0.38852427921092564,0.07423770448653706,3.517011340893929,0.11149468892261001,13.494119405841127,23.994073239197004,10.700846927162367,0.332255869343314,2.6356219635163627,0.003461853538070152,0.3887974406904184,0.8144272221673742,0.05466432311283468,144.09927203065135,0.3122682804315067,0.14925373134328354,2.962585012230376,0.745336915497404,0.7503647077936164,0.03144505016986648,0.14670308232539991,0.11229668184775536,0.6821123841608426,0.41395313558314867,0.23278670686993305,Restaurants,Consumer Cyclical,SBUX
2014Q3,2014,Q3,2014-07-29,2014-06-29,512600000.0,4153700000.0,768500000.0,0.335,1265700000.0,0.30471627705419263,10385300000.0,5068800000.0,3356900000.0,2883900000.0,5314500000.0,1025800000.0,4957700000.0,58112380000.0,59141080000.0,3.3747003994673768,1.1640140088075177,0.19721144309745506,0.40406013257575757,0.07173167094796047,3.3747003994673768,0.10112847222222222,13.990509666080843,28.341972298088177,11.464721433080808,0.3813889972688256,2.815363618639111,0.0033641712832962615,0.39995955822171725,0.616248829709768,0.04935822749463183,107.11959447004608,0.30471627705419263,0.1964285714285714,2.3641254564870606,0.7180070567750839,0.7884235544941735,0.1401675524727502,0.20046838407494144,0.19313771153547585,0.816074971815914,0.40073682081440926,0.155155692292735,Restaurants,Consumer Cyclical,SBUX
2014Q2,2014,Q2,2014-04-29,2014-03-30,427000000.0,3873800000.0,644100000.0,0.28,1110100000.0,0.28656616242449273,10097000000.0,4945100000.0,3579000000.0,2733500000.0,5149900000.0,954700000.0,4705400000.0,55335858000.0,56193558000.0,3.2788091765017904,1.3093104079019573,0.20283252451223135,0.41414733776870033,0.060941811095115164,3.2788091765017904,0.08634810216173586,14.284645051370747,32.39804332552693,11.190038219651775,0.4599531615925059,2.894836074159422,0.0035492356511396283,0.3836585124294345,0.7607462959575636,0.042289789046251365,323.79086015213574,0.28656616242449273,-0.2112676056338027,15.71534279273306,0.6247780181693124,0.8398427404640519,-0.12549235859461164,-0.21028296652487516,-0.2082360172095882,0.6207910517306615,0.3808285106904812,0.13723299428622937,Restaurants,Consumer Cyclical,SBUX
2014Q1,2014,Q1,2014-01-28,2013-12-29,540700000.0,4239600000.0,813500000.0,0.355,1269400000.0,0.29941503915463724,10255200000.0,4887400000.0,3759400000.0,2953000000.0,5365700000.0,943300000.0,4474200000.0,59423075000.0,59925175000.0,3.230270984798414,1.273078225533356,0.19969381387003665,0.4190162458566927,0.07745881359378133,3.230270984798414,0.11063141956868683,14.016198462119068,27.475067042722394,12.158422678724884,0.36230811910486405,3.14873317078342,0.003296699135815506,0.4134097823543178,0.7763630206569591,0.05272447148763554,-35.84021411338963,0.29941503915463724,1.4329268292682926,7.184483260164115,0.5778504718057855,0.8404770766130714,0.16737171234136472,1.4388798701298702,1.3845790195244174,0.5441330359046372,0.4221388874031136,0.19398124906436912,Restaurants,Consumer Cyclical,SBUX
2013Q4,2013,Q4,2013-11-18,2013-09-29,-1232000000.0,3795000000.0,-2115300000.0,-0.82,1087400000.0,0.2865349143610013,11516700000.0,4480200000.0,5471400000.0,5377300000.0,7034400000.0,1111200000.0,4130300000.0,57973804000.0,56697504000.0,2.9741104620286776,1.0174994885909285,0.11282745925482127,0.2900316950136155,-0.21973561890833077,2.9741104620286776,-0.27498772376233205,15.276364690382081,-11.764164772727273,12.94000357126914,-0.12824675324675325,2.4366450683945287,0.002725368857975923,0.3295214775065774,0.7057817120116043,-0.10697508834996136,115.60080558325025,0.2865349143610013,-3.9818181818181815,-225.72532011565465,0.48607176711267414,0.7716428212927663,0.025849056603773585,-3.948779320248923,-4.438394018205462,-5.46251271258169,0.35087965764675383,0.2316655240197137,Restaurants,Consumer Cyclical,SBUX
2013Q3,2013,Q3,2013-07-30,2013-06-30,417800000.0,3741700000.0,615200000.0,0.275,1060000000.0,0.2832936900339418,9062400000.0,5741500000.0,4239700000.0,2424400000.0,3314800000.0,1173800000.0,5558500000.0,49752863999.99999,48871763999.99999,3.822060977233391,1.748762580432272,0.06065722104519774,0.09574153095880868,0.06671386297295699,3.822060977233391,0.0727684403030567,13.296860785204585,29.77074198180948,8.665481842724025,0.3767352800382958,2.2846311126256604,0.003163636971732924,0.4128817973163842,1.05226035307705,0.04610257768361582,135.19799999999998,0.2832936900339418,0.07843137254901968,61.74757221746414,0.41610584196791095,1.2577822767058264,0.07385269982777834,0.0701844262295082,0.13067450836243338,0.9949043791408323,0.42201418521849415,0.6187501290154315,Restaurants,Consumer Cyclical,SBUX
2013Q2,2013,Q2,2013-04-30,2013-03-31,390400000.0,3555900000.0,544100000.0,0.255,987100000.0,0.27759498298602325,8502800000.0,5321400000.0,3810200000.0,2269700000.0,3175300000.0,1124500000.0,5298600000.0,42555821000.0,41882221000.0,3.555659494855005,1.6787240604485174,0.06463753116620408,0.10328109144210171,0.06149534685502803,3.555659494855005,0.07336415229075055,11.96766528867516,27.251422259221307,7.9971099710602465,0.4031762295081967,2.284393063583815,0.0036986714461459927,0.41820341534553324,0.9770894831916113,0.04591428705838077,679.8054472843451,0.27759498298602325,-0.10526315789473675,2.4974642922608634,0.37084772991385384,1.123081837021339,-0.09390490178079677,-0.0967144840351689,-0.1371709483032033,0.7867508736938259,0.39520137229189106,0.49456187295741,Restaurants,Consumer Cyclical,SBUX
2013Q1,2013,Q1,2013-01-29,2012-12-30,432200000.0,3799600000.0,630600000.0,0.285,1089400000.0,0.2867143909885251,8490100000.0,5169300000.0,4416000000.0,2390900000.0,3315100000.0,1093200000.0,5117300000.0,40163507000.0,38861007000.0,3.4512618507143813,1.8470032205445648,0.06473421985606766,0.10632000464279497,0.07676541813963247,3.4512618507143813,0.08360899928423578,10.57045662701337,23.232014692272095,7.7696219991101305,0.36117538176770014,2.479143798024149,0.0038866127900633774,0.4475330090340514,1.225019866995692,0.050906349748530644,48.683038787878786,0.2867143909885251,0.22914691943127946,1.0289089062163834,0.3411718311296516,1.2412064352766212,-0.4281064622814846,0.2049066071926401,0.2138594802694899,0.8231038649646811,0.4216145899528513,0.5713112320054913,Restaurants,Consumer Cyclical,SBUX
2012Q4,2012,Q4,2012-11-16,2012-09-30,358700000.0,3364100000.0,519500000.0,0.23186813186813188,1904900000.0,0.5662435718319907,8219200000.0,5109000000.0,4199600000.0,2209800000.0,3104700000.0,1241500000.0,5046200000.0,37573648500.0,36934648500.0,3.409181903109569,1.9004434790478777,0.06686782168580883,0.1075748678802114,0.06112531661845875,3.409181903109569,0.07020943433157173,11.169004637198656,26.18737698633956,7.354403699354081,0.359632004460552,1.1753523962948047,0.003433257220149914,0.40929774187268836,1.1416870305004978,0.043641716955421454,132.4414821995065,0.5662435718319907,0.07845642729363665,1.3060867421379818,0.40441167521391425,1.279288532171786,0.025518169582772542,0.07685379765836085,0.05675345809601302,1.41877957204502,0.40480185381621103,0.6966995858861623,Restaurants,Consumer Cyclical,SBUX
2012Q3,2012,Q3,2012-08-02,2012-07-01,333100000.0,3303600000.0,491600000.0,0.215,1857500000.0,0.5622654074343141,8308900000.0,5385000000.0,4569600000.0,2018200000.0,2920900000.0,1249200000.0,4935800000.0,40109842000.0,39158142000.0,3.54369570939721,2.2641958180556934,0.06614593989577441,0.10206128133704735,0.05607092121344425,3.54369570939721,0.06185701021355618,12.141252572950721,30.103453917742417,7.448438625812441,0.387271089762834,1.1576208773615113,0.0032161682412012492,0.3975977566224169,1.4520860172430878,0.04008954253872354,115.05978772231784,0.5622654074343141,0.07499999999999993,1.061225118669706,0.372031482017808,1.2397508905626524,0.04119955156950673,0.07486285898676992,0.1421933085501859,1.1607715944008195,0.3505725609677377,0.8779826729644405,Restaurants,Consumer Cyclical,SBUX
2012Q2,2012,Q2,2012-05-02,2012-04-01,309900000.0,3195900000.0,430400000.0,0.2,1784000000.0,0.5582152132419663,8006500000.0,5133900000.0,4351500000.0,1971400000.0,2869800000.0,1205000000.0,4732100000.0,42950193000.0,42067593000.0,3.3869243963583586,2.207314598762301,0.06864422656591519,0.10705311751300181,0.051396909605148644,3.3869243963583586,0.060363466370595455,13.439154228855722,34.648429332042596,8.365997195114826,0.4136818328493062,1.171701244813278,0.0029848527106735,0.399163179916318,1.3552297859389266,0.0387060513332917,-842.1606470588235,0.5582152132419663,-0.19999999999999996,1.0398485226366077,0.4067765388096085,1.3040741305641559,-0.08031755851118672,-0.18895577074064382,-0.22589928057553957,11.070521176936271,0.3337273449560767,0.900509583722984,Restaurants,Consumer Cyclical,SBUX
2012Q1,2012,Q1,2012-01-31,2012-01-01,382100000.0,3435900000.0,556000000.0,0.25,1939800000.0,0.5645682353968392,7835600000.0,4772800000.0,4237100000.0,2158800000.0,3060300000.0,1124000000.0,4551200000.0,34627126000.0,33607026000.0,3.1708743024182833,1.962710765239948,0.07012864362652509,0.11513157894736842,0.06997362228441319,3.1708743024182833,0.08005782769024472,10.078036613405512,22.6558008374771,7.255096798524974,0.3318503009683329,1.331049822064057,0.0036618690214140215,0.4384986471999592,1.2526403557531962,0.04876461279289397,110.70053069053708,0.5645682353968392,0.07181136120042866,0.8779338279910907,0.46916881529247423,0.9712543453150528,0.13485052360615457,0.06642478370080938,-0.016103344540789242,4.813753999096549,0.2853641840132142,0.8066352618359375,Restaurants,Consumer Cyclical,SBUX
2011Q4,2011,Q4,2011-11-18,2011-10-02,358300000.0,3031700000.0,565100000.0,0.23325,1709300000.0,0.5638090840122704,7360400000.0,4384900000.0,3794900000.0,2075800000.0,2973100000.0,965800000.0,4297400000.0,27819700000.000004,27221100000.000004,2.8528952504879634,1.828162636092109,0.07465626868104994,0.12531642682843394,0.08137007941011466,2.8528952504879634,0.08171223973180688,9.176270739189235,19.41089868825007,6.344432028096422,0.27183924085961486,1.3692275833505902,0.0035011161155583987,0.4118933753600348,1.1741015512091724,0.048679419596761045,85.2841814837523,0.5638090840122704,0.29583333333333345,2.1180511680402754,0.54462131154299,1.008350917146069,0.013759563489709982,0.28376925833034755,0.5789326627549595,63.0552230174221,0.16353825432085264,0.6994363373375245,Restaurants,Consumer Cyclical,SBUX
2011Q3,2011,Q3,2011-08-05,2011-07-03,279100000.0,2932200000.0,357900000.0,0.18,1686100000.0,0.575028988472819,7097800000.0,4338900000.0,3587000000.0,1859400000.0,2756300000.0,856700000.0,4065700000.0,29845094000.0,28673694000.0,2.9214247239429034,1.9291169194363773,0.07740426611062583,0.126621954873355,0.050001794794263775,2.9214247239429034,0.06432505934683906,10.178396425891822,26.73333393049086,6.878493166470764,0.35041203869580795,1.4545348430022178,0.003276920488171356,0.4131139226239116,1.2444874690760461,0.039322043450083125,92.14292682926829,0.575028988472819,0.058823529411764594,0.9885654000787815,0.547966245882031,0.7955293416891139,0.05013702042850025,0.06689602446483181,-0.048391385269875034,42.04527255990449,0.12244005657687315,0.7257550320986739,Restaurants,Consumer Cyclical,SBUX
2011Q2,2011,Q2,2011-05-06,2011-04-03,261600000.0,2785700000.0,376100000.0,0.17,1605600000.0,0.5763721865240334,7027600000.0,4317800000.0,3540300000.0,1794200000.0,2700400000.0,772400000.0,3883700000.0,27503423999.999996,26407623999.999996,2.8831463675213675,1.9731913944933674,0.07817747168307815,0.12724072444300338,0.052137479081324635,2.8831463675213675,0.06058640974570383,9.873074631151953,26.283853211009173,6.36977720135254,0.37232415902140675,1.5278353184878302,0.003541377248156448,0.39639421708691447,1.2725448667929997,0.03722465706642381,-240.62488188976374,0.5763721865240334,-0.2444444444444444,1.1058924100421241,0.5139623376828343,0.8302229438927899,-0.08251428571428572,-0.24523946912867858,-0.25064753935046824,1.3420228575472364,0.07320807512130247,0.7215247115804823,Restaurants,Consumer Cyclical,SBUX
2011Q1,2011,Q1,2011-02-04,2011-01-02,346600000.0,2950800000.0,501900000.0,0.225,1750000000.0,0.5930595092856175,6931100000.0,4051700000.0,3400400000.0,1956400000.0,2870800000.0,620500000.0,3720100000.0,24897600000.0,23655000000.0,2.705462072649573,1.7380903700674708,0.07926591738685057,0.13559740355899993,0.07458126568132777,2.705462072649573,0.08554433941308587,8.437576250508338,17.958453548759376,6.1449761828368334,0.2795729948066936,1.9352135374697825,0.0038919413919413924,0.4257332890883121,1.2097219382539357,0.05000649247594177,45.70883054892602,0.5930595092856175,0.22769684072679663,1.0381998157650822,0.5628023838271528,0.8587904510816485,0.050798606941275366,0.24273933309429904,0.2569496619083396,0.6272876904183969,0.041703957145133606,0.7568933537639158,Restaurants,Consumer Cyclical,SBUX
2010Q4,2010,Q4,2010-11-22,2010-10-03,278900000.0,2838000000.0,399300000.0,0.18327,1665400000.0,0.5868217054263566,6385900000.0,3674700000.0,2756400000.0,1779100000.0,2703600000.0,543300000.0,3471200000.0,19547521000.0,18932921000.0,2.4147062688921013,1.549322691248384,0.08603329209665043,0.14950880343973658,0.0638059376371414,2.4147062688921013,0.07589735216480258,6.887780479210711,17.521980100394405,5.319487577217188,0.34492649695231264,2.158291919749678,0.004921340153567298,0.44441660533362565,0.984992411893654,0.04367434504141938,112.08440940366972,0.5868217054263566,0.3575555555555554,1.2798448502918347,0.7281789504699018,0.7759456504813825,0.08438598775882276,0.3415103415103415,0.21849252364967958,0.7657162956154946,0.16671847190248806,0.614408519014187,Restaurants,Consumer Cyclical,SBUX
2010Q3,2010,Q3,2010-08-02,2010-06-27,207900000.0,2612000000.0,327700000.0,0.135,1535800000.0,0.5879785604900459,6206900000.0,3520900000.0,2610900000.0,1726600000.0,2672300000.0,496600000.0,3288300000.0,19676384000.0,19100584000.0,2.3611185622317596,1.5121626317618442,0.0885143952697804,0.1560396489533926,0.05272092503151584,2.3611185622317596,0.059047402652730833,7.533071975497703,23.66087542087542,5.588452952370133,0.0,2.167136528393073,0.0,0.4208219884322286,0.9716205258890305,0.033494981391677,62.16866982622433,0.5879785604900459,-0.03571428571428574,0.7400333231085504,0.7138445089557794,0.6259791903962316,0.04433564531483748,-0.04325816843074091,-0.03560918187168923,0.31098786818364293,0.10546037919656352,0.4923170148212717,Restaurants,Consumer Cyclical,SBUX
2010Q2,2010,Q2,2010-05-04,2010-03-28,217300000.0,2534700000.0,339800000.0,0.14,1470600000.0,0.5801870043792164,6144700000.0,3541000000.0,2490400000.0,1646600000.0,2590000000.0,488700000.0,3177100000.0,18314762000.0,17778062000.0,2.379064767535609,1.5124498967569537,0.08939411199895846,0.15512567071448743,0.053770121672631135,2.379064767535609,0.06136684552386332,7.225613287568549,21.070826046939715,5.172200508330979,0.0,2.1774094536525475,0.0,0.412501830846095,0.9678124620429976,0.03536380946181262,175.5969511025887,0.5801870043792164,-0.11548035734593556,3.658142268753643,2.5968689997771985,1.9303008316616173,-0.06746987951807229,-0.10020703933747412,-0.036301758366420876,0.4566603861518024,0.1362679090609441,0.6184422633434659,Restaurants,Consumer Cyclical,SBUX
2010Q1,2010,Q1,2010-02-02,2009-12-27,241500000.0,2722700000.0,352600000.0,0.158278,1577000000.0,0.5792044661549197,6101600000.0,3351300000.0,2583900000.0,1779200000.0,2737500000.0,544900000.0,3034600000.0,18164649000.0,17407849000.0,2.19642154935116,1.4522819244604317,0.09005834535203881,0.16396622206308,0.059568017552487064,2.19642154935116,0.07206158804046191,6.671557277702281,18.803984472049688,5.420179930176349,0.0,2.102587630757937,0.0,0.44622721909007473,0.9105777877697842,0.039579782352169926,27.151941704035874,0.5792044661549197,0.5994139046079223,0.7517837258346917,0.7985319730977526,0.25623343207761434,0.14192614047791455,0.61,0.7683049147442327,0.1708923852337094,0.14849094749540764,0.3654611032673302,Restaurants,Consumer Cyclical,SBUX
2009Q4,2009,Q4,2009-11-20,2009-09-27,150000000.0,2422200000.0,199400000.0,0.09896,1381000000.0,0.570142845347205,5576800000.0,3045700000.0,2035800000.0,1581000000.0,2531100000.0,664900000.0,2793200000.0,15627898000.0,15577598000.0,2.009302018735981,1.2876660341555977,0.09853320900875054,0.18041829464490922,0.03986308529564735,2.009302018735981,0.04924976195948386,6.451943687556766,26.04649666666667,5.131135042847292,0.0,1.565949766882238,0.0,0.4343351025677808,0.5927261227071474,0.02689714531631043,57.68880767811,0.570142845347205,-0.010399999999999993,0.5756141872188041,0.8097440824990145,0.32988983339233313,0.015067989709665565,-0.009900990099009901,-0.022549019607843137,0.32360882303332145,0.25134701922140984,0.4144871079516983,Restaurants,Consumer Cyclical,SBUX
2009Q3,2009,Q3,2009-08-05,2009-06-28,151500000.0,2403900000.0,204000000.0,0.1,1360500000.0,0.5659553226007737,5333100000.0,2818000000.0,1717700000.0,1557900000.0,2515100000.0,703600000.0,2643200000.0,10931688000.0,11189488000.0,1.8869693317262621,1.1025739777906156,0.10309201027544955,0.19510290986515258,0.04223152665862046,1.8869693317262621,0.05376153300212917,4.5474803444402845,18.03908910891089,3.8792363378282473,0.0,1.4829448550312678,0.0,0.45075097035495304,0.4056101161820399,0.02840749282781122,56.348907216494844,0.5659553226007737,5.666666666666667,0.6459988984558234,0.9430186892431066,0.22622404269601526,1.8934495959166313,5.06,3.9877750611246943,0.07349856585708625,0.26209802773160457,0.15974537156967672,Restaurants,Consumer Cyclical,SBUX
2009Q2,2009,Q2,2009-05-06,2009-03-29,25000000.0,2333300000.0,40900000.0,0.015,470200000.0,0.20151716453092186,5281300000.0,2630400000.0,1604100000.0,1685900000.0,2650900000.0,627800000.0,2491700000.0,8309880000.0,8832580000.0,1.7821138211382115,0.9514799217035411,0.14691458542404331,0.2949741484184915,0.00860111976905762,1.7821138211382115,0.00950425790754258,3.5614280204002915,83.09880000000001,3.159169708029197,0.0,2.9676648614208347,0.0,0.4418041012629466,0.3581469838068687,0.00473368299471721,-195.9877358490566,0.20151716453092186,-0.6666666666666666,-0.3222937777385021,3.0511473281037964,1.4084445233905882,-0.6684997179921037,-0.6111975116640747,-0.6525063721325404,-0.7958036747180756,0.28665106039502153,0.1312868610550808,Restaurants,Consumer Cyclical,SBUX
2009Q1,2009,Q1,2009-02-04,2008-12-28,64300000.0,2615200000.0,117700000.0,0.045,1418400000.0,0.5423676965432854,5530400000.0,2584600000.0,1693900000.0,1953000000.0,2927500000.0,590400000.0,2466700000.0,6648789000.0,7132289000.0,1.7551269862827652,0.8673323092677931,0.1519419933458701,0.3251180066548015,0.022479467660200345,1.7551269862827652,0.024878124274549253,2.5423634903640258,25.850657076205287,2.5724634372823645,0.0,2.02710027100271,0.0,0.4728771879068422,0.3725038402457757,0.011626645450600319,12.764041082741409,0.5423676965432854,11.362637362637363,-0.377322668696559,1.1904128824047078,0.2346221181718613,1.5863095238095237,10.907407407407407,7.288732394366197,-0.6154611636123622,0.4085758334395876,0.2058617696100603,Restaurants,Consumer Cyclical,SBUX
2008Q4,2008,Q4,2008-11-24,2008-09-28,5400000.0,2515400000.0,14200000.0,0.00364,-2419200000.0,-0.9617555855927487,5672600000.0,2490900000.0,1748000000.0,2189700000.0,3163400000.0,692800000.0,2402400000.0,10512723000.0,11506223000.0,1.6787302871006875,0.7982828697995159,0.2227021119063569,0.5071660845477538,-0.01702093655106281,1.6787302871006875,0.0021678911236902325,4.179344438260316,486.7001388888889,4.220451643984102,0.0,7.122690531177829,0.0,0.44342982054084545,0.2976663469881719,0.0009519444346507774,-148.90542492917848,-0.9617555855927487,1.728,-0.9152444093220091,1.5373413010383776,0.3043365287373398,-2.714650223261748,1.8059701492537314,1.6574074074074074,-0.9547276798987081,0.5709616726646961,0.23465689807303286,Restaurants,Consumer Cyclical,SBUX
2008Q3,2008,Q3,2008-08-06,2008-06-29,-6700000.0,2574000000.0,-21600000.0,-0.005,1410900000.0,0.5481351981351982,5552300000.0,2477300000.0,1657300000.0,2061900000.0,3057500000.0,662700000.0,2357600000.0,11516958000.0,12386358000.0,1.6928385950526172,0.8037732188757941,0.21007510401095042,0.4708351834658701,-0.010659758996465596,1.6928385950526172,-0.0027045573810196583,4.474342657342658,-429.7372388059702,4.648996084446777,0.0,1.7550928021729288,0.0,0.4635916647155233,0.30738639119258937,-0.0012067071303784017,135.81318396226416,0.5481351981351982,-1.0666666666666667,-1.1049524516741742,1.6606415928739484,0.3429952132986777,2.4462628236443575,-1.06163753449862,-1.121212121212121,-1.0571413798018794,0.7209950914454091,0.165769636596915,Restaurants,Consumer Cyclical,SBUX
2008Q2,2008,Q2,2008-05-08,2008-03-30,108700000.0,2526000000.0,178200000.0,0.075,409400000.0,0.1620744259699129,5534100000.0,2440800000.0,1579200000.0,2079400000.0,3075300000.0,607300000.0,2315600000.0,12752250000.0,13701250000.0,1.6747632770687526,0.7594498413003751,0.2263059937478542,0.5131104555883317,0.031368817228818825,1.6747632770687526,0.04453457882661423,5.048396674584323,29.329001839926402,5.224618977384464,0.0,3.485262637905483,0.0,0.4564427820241774,0.32307396364335866,0.019641856851159177,-44.90228873239437,0.1620744259699129,-0.46428571428571436,3.4674179154873856,4.663009864686217,1.7560264696644092,-0.7411482043500253,-0.4776549735703988,-0.46502551786250373,1.3797068598820545,2.6607687746316437,1.0628106853578743,Restaurants,Consumer Cyclical,SBUX
2008Q1,2008,Q1,2008-02-08,2007-12-30,208100000.0,2767600000.0,333100000.0,0.14,1581600000.0,0.5714698655875127,5506400000.0,2253200000.0,1737600000.0,2253200000.0,3234600000.0,580900000.0,2148600000.0,14975852000.0,15706852000.0,1.539912520503007,0.7711698917095686,0.1961898881301758,0.47945144683117347,0.06364981108153041,1.539912520503007,0.09235753594887272,5.411133111721347,17.9911725132148,6.646481448606426,0.0,2.041659493888793,0.0,0.5026151387476391,0.37795135806852476,0.03779238704053465,27.529139705882354,0.5714698655875127,0.3488325142110877,1.7646865398810754,1.9301638006673867,0.33657245759446414,1.0913940246640625,0.31290890393241766,0.34296646010813076,0.5740892414471215,0.9064069451107383,-0.1192539559165018,Restaurants,Consumer Cyclical,SBUX
2007Q4,2007,Q4,2007-11-29,2007-09-30,158503000.0,2440935000.0,248033000.0,0.10379346473708335,756242000.0,0.309816525224965,5343878000.0,2284117000.0,1696487000.0,2155566000.0,3042509000.0,691658000.0,2189366000.0,20096788710.0,21076671710.0,1.4957219566498592,0.7870262381202895,0.2359979026467296,0.5521363397759397,0.044923402820810025,1.4957219566498592,0.06939355558406159,8.23323386735001,31.697804946909525,8.798493557904433,0.0,2.4357312428975013,0.0,0.4567722167309957,0.33708965533878343,0.029660669648521168,-1193.8213561839136,0.309816525224965,-0.011490812027777539,1.8348946215582878,1.95019655522854,0.3862555963866281,0.6452740702063549,0.0010104646242650448,0.0114960809741695,0.6526106064578948,0.8102468719795397,-0.010031640250043432,Restaurants,Consumer Cyclical,SBUX
2007Q3,2007,Q3,2007-08-10,2007-07-01,158343000.0,2359245000.0,245214000.0,0.105,459645000.0,0.19482715868847872,4903923000.0,2355785000.0,1467796000.0,2223418000.0,2532108000.0,657466000.0,2264992000.0,19393521650.0,20102832650.0,1.582182967011564,0.6601529716859358,0.17987639691732518,0.3744399425244664,0.04935426570247774,1.582182967011564,0.06721453782921616,8.220223694444622,30.6194805738176,8.23229694135925,0.0,2.889274882655529,0.0,0.4810934021598626,0.26125946628119406,0.03228904695281716,522.8773699110272,0.19482715868847872,0.1052631578947368,1.9393394791844338,1.9457143239230807,0.4348146346691844,0.01198365484960436,0.04974144789180589,0.017595259239586013,0.7254921027227699,0.9126293831683224,0.028162334953699717,Restaurants,Consumer Cyclical,SBUX
2007Q2,2007,Q2,2007-05-11,2007-04-01,150840000.0,2255594000.0,240974000.0,0.095,454202000.0,0.20136691266247383,4636875000.0,2212299000.0,1384862000.0,2119832000.0,2409564000.0,578877000.0,2121783000.0,23515531250.0,24164672250.0,1.4699719733101926,0.6532885624898577,0.18316646448308396,0.3839083234228285,0.04938938539593278,1.4699719733101926,0.06818246539007612,10.425427293209681,38.97429602559003,10.629454359469493,0.0,3.1118735068071457,0.0,0.4864470144224289,0.27577940138652496,0.032530529720986655,-132.67246607802758,0.20136691266247383,-0.2692307692307693,3.80363906488678,1.9418898892288088,0.4265658387308351,-0.13714605951804254,-0.2640227955814044,-0.2463061890880885,3.0102327289359114,2.840784816122835,0.9865992321385058,Restaurants,Consumer Cyclical,SBUX
2007Q1,2007,Q1,2007-02-09,2006-12-31,204952000.0,2355723000.0,319724000.0,0.13,526395000.0,0.2234536912871335,4527634000.0,2438855000.0,1429536000.0,1804237000.0,2075294000.0,547277000.0,2349918000.0,,,,,,,,,,,,,,,,,,,,,,,,,,,,,,,Restaurants,Consumer Cyclical,SBUX
