Quarters,Year,Quarter,FillingDate,Date,NetIncome,Revenue,OperatingIncome,EPSDiluted,GrossProfit,GrossProfitRatio,TotalAssets,CommonStockEquity,CurrentAssets,CurrentLiability,TotalLiability,Inventory,RetainedEarnings,MarketCap,EnterpriseValue,bookValuePerShare,currentRatio,debtToAssets,debtToEquity,roic,shareholdersEquityPerShare,roe,priceToSalesRatio,peRatio,pbRatio,payoutRatio,inventoryTurnover,dividendYield,assetTurnover,quickRatio,returnOnAssets,priceToFreeCashFlowsRatio,grossProfitMargin,epsdilutedGrowth,fiveYNetIncomeGrowthPerShare,fiveYRevenueGrowthPerShare,fiveYShareholdersEquityGrowthPerShare,grossProfitGrowth,netIncomeGrowth,operatingIncomeGrowth,threeYNetIncomeGrowthPerShare,threeYRevenueGrowthPerShare,threeYShareholdersEquityGrowthPerShare,Industry,Sector,Symbol
2023Q1,2023,Q1,2023-04-24,2023-03-31,107015000.0,469119000.0,139424000.0,0.79,241032000.0,0.5137971389,2318494000.0,2014334000.0,1431420000.0,272505000.0,304160000.0,352000.0,729988000.0,7712851000.0,6906484000.0,15.030099985076854,5.252821049155061,0.012071629255887659,0.013894418701168724,0.05146773187756025,15.030099985076854,0.053126740649763145,16.441139668186537,18.01815399710321,3.8289831775663816,0.5404382563192076,647.9744318181819,0.007498524216272296,0.2023378106650265,5.06450890809343,0.04615711750817557,81.45972349841048,0.513797138892264,-0.04819277108433726,-0.10102343968622234,0.35867672068926787,0.46639165586339404,0.053908344009479546,-0.04641609637867123,0.02658802912828669,0.0925306334376095,0.2614285977320234,0.29537163536012756,Asset Management,Financial Services,SEIC
2022Q4,2022,Q4,2023-02-21,2022-12-31,112224000.0,456590000.0,135813000.0,0.83,228703000.0,0.5008935807,2383553000.0,1953824000.0,1453308000.0,397883000.0,429729000.0,351000.0,694287000.0,7853826200.0,7029948200.0,14.503496295856406,3.652601392871774,0.012221251216146652,0.014909224167581113,0.055249415270998345,14.503496295856406,0.0574381315819644,17.201047329113646,17.495870312945534,4.0197204047038015,0.0,649.2507122507122,0.0,0.1915585682382561,3.5293138937828457,0.04708265350088712,65.3059669721109,0.5008935806741278,0.8444444444444443,0.07344058120447289,0.30676527339961,0.5456696918247959,0.20392811269503697,0.820074928234321,0.6631113614655532,-0.028506262112354207,0.20229966929201618,0.2522728044599242,Asset Management,Financial Services,SEIC
2022Q3,2022,Q3,2022-10-28,2022-09-30,61659000.0,471334000.0,81662000.0,0.45,189964000.0,0.4030347906,2295431000.0,1930313000.0,1452220000.0,327423000.0,365118000.0,351000.0,711330000.0,6631707150.0,5869833150.0,14.277146217169737,4.435302345895066,0.012879062799099603,0.015315132830789618,0.031592417973788006,14.277146217169737,0.031942488083538785,14.070080134257235,26.88864216902642,3.4355605282666595,0.0,801.6239316239316,0.0,0.2053357299783788,4.26646264923356,0.026861622065747128,89.15022785933215,0.40303479061557196,-0.4444444444444445,-0.29220039652975965,0.42600981723748127,0.573700118868176,-0.2867050416981139,-0.4458912973147849,-0.2951665803556016,-0.47947266652162496,0.26340831285414706,0.2644689962473826,Asset Management,Financial Services,SEIC
2022Q2,2022,Q2,2022-07-25,2022-06-30,111276000.0,481670000.0,115860000.0,0.81,266319000.0,0.5529075923,2234929000.0,1922088000.0,1375531000.0,253560000.0,312841000.0,351000.0,693525000.0,7370218700.0,6631213700.0,14.087939311760179,5.4248737971288845,0.014617019153628594,0.01699610007450231,0.04483229546663758,14.087939311760179,0.05789329104598749,15.301386218780493,16.558419380639133,3.834485569859445,0.4882184837700852,613.5356125356126,0.007371151686448599,0.21551915072022423,5.224234895093863,0.04978950114298933,140.5725481594507,0.5529075923350012,-0.40441176470588236,0.40711375376344033,0.5012191735447894,0.6260232417591081,-0.2608081402449179,-0.4152846963869096,-0.46061201402241164,-0.02118671446722398,0.30897295605353553,0.30892347432142053,Asset Management,Financial Services,SEIC
2022Q1,2022,Q1,2022-04-25,2022-03-31,190308000.0,581443000.0,214799000.0,1.36,360284000.0,0.6196376945,2372606000.0,1973083000.0,1480983000.0,285146000.0,399523000.0,351000.0,733572000.0,8305066350.0,7463451350.0,14.304440497335701,5.1937709103406675,0.0279085528739285,0.033559662720726906,0.0796199062370997,14.304440497335701,0.0964521005958695,14.283543442779429,10.910033143640835,4.209182457098866,0.29164827542720223,630.0826210826211,0.006683029088623717,0.24506513091512033,5.030815792611504,0.08021053643124902,33.95991228966899,0.6196376944945592,0.3203883495145632,1.4735656171633607,0.8629237545705785,0.6698851132649155,0.2745069600438651,0.3097591190640055,0.20684443545487236,0.8557547749838221,0.6123293775110862,0.3400224696138439,Asset Management,Financial Services,SEIC
2021Q4,2021,Q4,2022-02-22,2021-12-31,145300000.0,501650000.0,177984000.0,1.03,282685000.0,0.5635104156,2354702000.0,1860763000.0,1404229000.0,355743000.0,493939000.0,0.0,632614000.0,8475535200.0,7723095200.0,13.37908398044291,3.947313088381219,0.03353587842538037,0.0424379676509045,0.0735184927159529,13.37908398044291,0.07808624741571066,16.89531585766969,14.582820371644873,4.554870878236509,0.0,0.0,0.0,0.21304182015388784,3.8238812850850192,0.06170632207387602,61.11136491455765,0.5635104156284262,0.06185567010309284,0.8825542469920531,0.5615922731908704,0.639374494858655,0.038645390513912414,0.05255532616175885,0.2611798051372896,0.3960695207754232,0.3807382936960062,0.3021526731403545,Asset Management,Financial Services,SEIC
2021Q3,2021,Q3,2021-10-25,2021-09-30,138045000.0,485322000.0,141125000.0,0.97,272167000.0,0.560796749374642,2191801000.0,1838088000.0,1370614000.0,253462000.0,353713000.0,0.0,629153000.0,8332065100.0,7578451100.0,13.08182510479905,5.40757194372332,0.018372562107600098,0.021908091451551828,0.057579607140379886,13.08182510479905,0.07510249781294476,17.168117456039496,15.08940037668876,4.533006635155662,0.0,0.0,0.0,0.22142612399574596,5.238055408700318,0.06298245141780663,57.61430181581822,0.560796749374642,0.043010752688171956,0.8234036286982241,0.5672645236255617,0.6029994963211092,0.005887483645878762,0.031896126418394656,0.037523617676682275,0.19658483036108224,0.32086443514629576,0.2538818362679836,Asset Management,Financial Services,SEIC
2021Q2,2021,Q2,2021-07-26,2021-06-30,133778000.0,475651000.0,136021000.0,0.93,270574000.0,0.5688498499950594,2139690000.0,1805606000.0,1311356000.0,232899000.0,334084000.0,0.0,599231000.0,8804325780.0,8065438780.0,12.708912256992834,5.630578061734915,0.019648173333520275,0.02328359564600472,0.05591645993276006,12.708912256992834,0.07409036079853523,18.510054178378684,16.453239284486237,4.876105739568876,0.3916114757284456,0.0,0.005950370455283176,0.2222990246250625,5.465231709882825,0.06252214105781678,51.40851899428945,0.5688498499950594,0.04494382022471914,0.8807166136286806,0.5754109952886256,0.5961077330215142,0.030526472145308292,0.03327411755619062,0.023969225441706755,0.21915227127376877,0.30285916471983976,0.25853925985155723,Asset Management,Financial Services,SEIC
2021Q1,2021,Q1,2021-04-26,2021-03-31,129470000.0,455686000.0,132837000.0,0.89,262559000.0,0.5761840390093178,2150901000.0,1829108000.0,1324851000.0,215912000.0,321793000.0,0.0,634651000.0,8725236930.0,7985556930.0,12.773011361652502,6.136069324539627,0.019946059814003526,0.023455148629823935,0.053670671163375074,12.773011361652502,0.07078313582358177,19.14747639822158,16.847989746659458,4.770214186368437,0.41034216420792463,0.0,0.006088889095645452,0.2118581933803555,5.923436400014821,0.060193379425645344,69.25066018492798,0.5761840390093178,0.03488372093023259,0.9017807472253054,0.5518636787514527,0.6010941479371297,0.0347601275326221,0.028502883652944823,0.071179743569067,0.01787962991594946,0.23515755842247216,0.24618181512914164,Asset Management,Financial Services,SEIC
2020Q4,2020,Q4,2021-02-22,2020-12-31,125882000.0,443723000.0,124010000.0,0.86,253739000.0,0.5718409908884597,2167256000.0,1739907000.0,1300977000.0,317275000.0,427349000.0,0.0,565270000.0,8280105190.0,7538116190.0,12.076230071420143,4.100471200063037,0.01967326425673755,0.024505332756290996,0.054646705758366734,12.076230071420143,0.0723498439859142,18.66052737856726,16.444180244196946,4.758935500575605,0.0,0.0,0.0,0.20473954161391178,3.968733748325585,0.05808358588002525,109.89734006689318,0.5718409908884597,0.14666666666666664,0.7658395620897372,0.510263491329274,0.5400348824060147,0.06606754224541414,0.1330921005256715,0.11382559257030457,0.12583300025421404,0.1874113736704571,0.28699055952667574,Asset Management,Financial Services,SEIC
2020Q3,2020,Q3,2020-10-26,2020-09-30,111096000.0,424927000.0,111337000.0,0.75,238014000.0,0.5601291515954505,2085617000.0,1729433000.0,1274908000.0,250515000.0,356184000.0,0.0,581244000.0,7395584640.0,6671099640.0,11.860704194442159,5.089148354389956,0.020719528082097528,0.024986802032804973,0.04821626581668769,11.860704194442159,0.06423839489589941,17.404365079178305,16.642328796716352,4.276305956923454,0.0,0.0,0.0,0.20374162657860959,4.9231862363531125,0.053267690088832226,62.88013875899128,0.5601291515954505,0.10294117647058816,0.5883755286115251,0.43772523177646483,0.49941786444850994,0.06377824656750572,0.09924207943324165,0.10990708987957572,0.18251136075067634,0.192068288097605,0.3073475130630158,Asset Management,Financial Services,SEIC
2020Q2,2020,Q2,2020-07-28,2020-06-30,101066000.0,400646000.0,100312000.0,0.68,223744000.0,0.5584580901843522,2053600000.0,1708625000.0,1232899000.0,236125000.0,344975000.0,0.0,566929000.0,8108340440.0,7393573440.0,11.585626330706953,5.2213827421916355,0.0211866965329178,0.02546433535737801,0.042866617946507445,11.585626330706953,0.059150486502304485,20.238166461165218,20.05704302139196,4.745535410051942,0.5091920131399283,0.0,0.0063467981371537,0.1950944682508765,5.060002117522498,0.04921406310868719,55.7976041344096,0.5584580901843522,-0.055555555555555455,0.32030620283580047,0.3364423110220985,0.4739674712971707,-0.02929756135654694,-0.07484300909906447,-0.08995899408498748,0.18230992569889076,0.15519119964526215,0.33720746996262263,Asset Management,Financial Services,SEIC
2020Q1,2020,Q1,2020-04-28,2020-03-31,109242000.0,414762000.0,110228000.0,0.72,230497000.0,0.5557331674550706,2058031000.0,1734266000.0,1233150000.0,207551000.0,323765000.0,0.0,597486000.0,6926347120.000001,6225200120.000001,11.602925040811412,5.941431262677607,0.0,0.0,0.048599788168590466,11.602925040811412,0.06299033712244835,16.6995701631297,15.850925285146738,3.9938205096565347,0.48014499917614106,0.0,0.007572822887917867,0.20153340741708944,5.724048547104085,0.05308083308754825,96.41351781737195,0.5557331674550706,-0.14285714285714285,0.4399160239102011,0.4213369320416424,0.5060432433629497,-0.03351097954203339,-0.15143276602686095,-0.050495305366525974,0.3103348411032551,0.22634637021205944,0.3545130828142853,Asset Management,Financial Services,SEIC
2019Q4,2019,Q4,2020-02-24,2019-12-31,128737000.0,423225000.0,116090000.0,0.84,238489000.0,0.5635040463110639,2151370000.0,1738778000.0,1304845000.0,293565000.0,412592000.0,0.0,601885000.0,9830577880.0,9036737880.0,11.58173861494295,4.444824825847768,0.0,0.0,0.05229862372671804,11.58173861494295,0.07403877895855596,23.227781629157068,19.09042831509201,5.6537280089810205,0.0,0.0,0.0,0.1967234831758368,4.324272307666105,0.05983954410445437,68.38567727753353,0.5635040463110639,-0.023255813953488393,0.8590519062522157,0.45989376606084287,0.551636030189854,0.021370541201461247,-0.025959385025119543,-0.03769158715816872,0.545181764846442,0.2204850194321883,0.41914102035769746,Asset Management,Financial Services,SEIC
2019Q3,2019,Q3,2019-10-24,2019-09-30,132168000.0,416254000.0,120637000.0,0.86,233499000.0,0.5609531680176046,2040605000.0,1703307000.0,1240137000.0,216048000.0,337298000.0,0.0,599949000.0,8938913025.0,8216808025.0,11.291021179278115,5.740099422350589,0.0,0.0,0.055972307264786775,11.291021179278115,0.07759493737770114,21.474659763029305,16.90823993894135,5.247975276917197,0.0,0.0,0.0,0.20398558270708933,5.564240353995409,0.06476902683272853,62.0839765316257,0.5609531680176046,0.04878048780487809,0.7518244431422081,0.4387813834603776,0.5233679871531345,0.015138011538277606,0.04447605500237079,0.004170273689818206,0.6260230728031617,0.2520134554699649,0.38356086542496404,Asset Management,Financial Services,SEIC
2019Q2,2019,Q2,2019-07-25,2019-06-30,126540000.0,409586000.0,120136000.0,0.82,230017000.0,0.5615841361765295,1952799000.0,1634501000.0,1137541000.0,196931000.0,318298000.0,0.0,541664000.0,8604557580.0,7969977580.0,10.762996911690141,5.77634298307529,0.0,0.0,0.055665374195701965,10.762996911690141,0.0774181233293831,21.00793869907663,16.99967911332385,5.2643330166209745,0.3950134344871187,0.0,0.005809130746731548,0.2097430406303977,5.5964068633176085,0.06479929578005725,62.545394663196994,0.5615841361765295,0.12328767123287668,0.6964863229978273,0.4263542733878172,0.5080549480467133,0.05245891138035799,0.11018503083847307,0.1600505981981634,0.6642904654467421,0.2691507030857878,0.3517209225976795,Asset Management,Financial Services,SEIC
2019Q1,2019,Q1,2019-04-25,2019-03-31,113981000.0,400820000.0,103561000.0,0.73,218552000.0,0.5452622124644478,1953121000.0,1636550000.0,1127608000.0,192529000.0,316571000.0,0.0,552381000.0,8272607600.0,7653570600.0,10.674776596438589,5.856821569737546,0.0,0.0,0.04784528834438222,10.674776596438589,0.06964712352204332,20.639208622324237,18.144707451241874,5.05490672451193,0.44533738079153545,0.0,0.006135912937536165,0.20522026029109308,5.656508889569883,0.05835839151798583,193.98775002931177,0.5452622124644478,0.0,0.6823510542232195,0.46382637914168884,0.5006191828078299,-0.007240649387224842,-0.017693089956392093,0.005817680309240302,0.5638652463840096,0.2750077759305021,0.33808088438769496,Asset Management,Financial Services,SEIC
2018Q4,2018,Q4,2019-02-25,2018-12-31,116034000.0,405057000.0,102962000.0,0.73,220146000.0,0.5434938786393027,1971668000.0,1593147000.0,1190812000.0,295708000.0,378521000.0,0.0,517970000.0,7163633400.0,6409108400.0,10.274589344563612,4.026986080863555,0.0,0.0,0.05222217648432276,10.274589344563612,0.07283320371566465,17.685494634088535,15.434341227571231,4.496530075379108,0.0,0.0,0.0,0.20543874526543007,3.8910749793715422,0.05885067871467205,47.064144274357794,0.5434938786393027,-0.08750000000000008,0.9430798356545114,0.4861280166569647,0.5119707553894801,-0.03512024509223831,-0.09573796553900825,-0.08413093755559509,0.5124330248973173,0.28103266843439345,0.3102786133954742,Asset Management,Financial Services,SEIC
2018Q3,2018,Q3,2018-10-25,2018-09-30,128319000.0,408682000.0,112420000.0,0.8,228159000.0,0.5582800319074488,1939328000.0,1630510000.0,1193551000.0,221890000.0,308818000.0,0.0,556581000.0,9408236600.0,8666271600.0,10.433060537614455,5.379021136599216,0.0,0.0,0.056139513681606745,10.433060537614455,0.07869868936713054,23.020922379747578,18.329780858641357,5.770118919847165,0.0,0.0,0.0,0.2107338211999208,5.195939429447023,0.0661667340439575,68.53169438313557,0.5582800319074488,0.06666666666666672,1.0932442824723978,0.5961681172724672,0.5320737982281833,0.017345241651766406,0.05458714465346779,0.019312721008250974,0.7116984563794971,0.2901155355935908,0.31893664107248626,Asset Management,Financial Services,SEIC
2018Q2,2018,Q2,2018-07-24,2018-06-30,121677000.0,404830000.0,110290000.0,0.75,224269000.0,0.5539831534224242,1890706000.0,1590882000.0,1130197000.0,206938000.0,299824000.0,0.0,522764000.0,9849525840.0,9156083840.0,10.098145256503027,5.4615247078835205,0.0,0.0,0.0546852532223761,10.098145256503027,0.07648398812734068,24.33002949386162,20.23703296432358,6.191235955903707,0.3874109322221948,0.0,0.004785915663936164,0.21411578532040412,5.269404362659348,0.06435532547101454,70.3959935961577,0.5539831534224242,-0.12790697674418602,0.5931182817928222,0.611788576614355,0.5438442873787465,-0.013760015479467718,-0.12987170869148587,-0.051807146050414386,0.4880206712965597,0.2641336118024204,0.2847244683758972,Asset Management,Financial Services,SEIC
2018Q1,2018,Q1,2018-04-26,2018-03-31,139838000.0,405598000.0,116316000.0,0.86,227398000.0,0.5606487211475402,1893705000.0,1613654000.0,1171307000.0,182079000.0,280051000.0,0.0,544923000.0,11793380940.0,11086681940.0,10.249717341870245,6.432960418279977,0.010561307067362656,0.01239423073347818,0.06271464425982114,10.249717341870245,0.08665922186540609,29.076526363542225,21.084006028404296,7.3084942249081895,0.33738325776970496,0.0,0.004000464348606041,0.21418225119540793,6.223002103482554,0.07384360288429297,137.65092838134368,0.5606487211475402,0.14666666666666664,1.1316345671939536,0.6355256893251849,0.6066529231957951,0.008559973033867335,0.14486180246266703,0.08744145171694885,0.749937022997001,0.31960386587065737,0.33039879985506077,Asset Management,Financial Services,SEIC
2017Q4,2017,Q4,2018-02-22,2017-12-31,122144000.0,408219000.0,106963000.0,0.75,225468000.0,0.5523211805427969,1853369000.0,1476839000.0,1139808000.0,275049000.0,376530000.0,0.0,467467000.0,11310045400.0,10617324400.0,9.38330897769871,4.144017974979004,0.016186738852327843,0.020313656397210528,0.05687294730401613,9.38330897769871,0.08270637489936276,27.70582799918671,23.148999132171863,7.658279203081716,0.0,0.0,0.0,0.22025781158528066,4.017993157582831,0.06590376767929107,89.87853651946565,0.5523211805427969,0.19047619047619047,1.3668408057628543,0.7107856695050572,0.5597633970191848,0.07071014066046785,0.20056222294302087,0.07785402622005905,0.6824939516499366,0.34318674353054723,0.2571066207120547,Asset Management,Financial Services,SEIC
2017Q3,2017,Q3,2017-10-26,2017-09-30,101739000.0,386018000.0,99237000.0,0.63,210578000.0,0.5455134216539125,1751397000.0,1432541000.0,1064976000.0,192931000.0,318856000.0,0.0,448356000.0,9641496120.0,9017994120.0,9.072342338919077,5.519983828415341,0.022838910880856825,0.027922411993792848,0.048706471681838906,9.072342338919077,0.07101995684591227,24.976804501344496,23.69174092530888,6.7303456724798805,0.0,0.0,0.0,0.22040576751016475,5.343547693216746,0.05809019885268731,90.80588187648925,0.5455134216539125,0.10526315789473695,1.202142476213057,0.6841032576766831,0.45510167306917987,0.014589255601059985,0.10864235199250291,0.020673269770742696,0.2883201709075169,0.2747235946559464,0.22402709800664117,Asset Management,Financial Services,SEIC
2017Q2,2017,Q2,2017-07-27,2017-06-30,91769000.0,372331000.0,97227000.0,0.57,207550000.0,0.5574341110463539,1634089000.0,1371735000.0,1028821000.0,178793000.0,262354000.0,0.0,409409000.0,8514718500.0,7854356500.0,8.664045476077689,5.754257717024716,0.0,0.0,0.04812501836489286,8.664045476077689,0.06689994787622974,22.868680018585614,23.196064302760192,6.20726197115332,0.482352428379954,0.0,0.005198645146049162,0.22785233852011733,5.555955770080484,0.05615911985210108,96.35304401946362,0.5574341110463539,0.03636363636363619,1.0449136770916614,0.7043223476040419,0.45633319672749634,0.059371777988750395,0.03416838522825879,0.03967193130660736,0.18010597738360754,0.24369525950525,0.21396082870834296,Asset Management,Financial Services,SEIC
2017Q1,2017,Q1,2017-04-20,2017-03-31,88737000.0,359984000.0,93517000.0,0.55,195918000.0,0.5442408551491177,1624552000.0,1362793000.0,1019775000.0,176770000.0,261759000.0,0.0,420712000.0,8024550040.0,7363178040.0,8.566122533644267,5.768937036827516,0.0,0.0,0.04732840483994059,8.566122533644267,0.06511407088237171,22.29140750700031,22.607677857038215,5.888311753876047,0.5025750250740953,0.0,0.0055575701787261836,0.2215897059620129,5.580143689540081,0.054622443602913295,151.5610251954822,0.5442408551491177,0.0,0.9686285413901151,0.677325441322709,0.4324851087892957,-0.02412807204550662,0.0014219453566712936,-0.04711588428893123,0.2621581495194351,0.26691726855448683,0.20419267608444586,Asset Management,Financial Services,SEIC
2016Q4,2016,Q4,2017-02-22,2016-12-31,88611000.0,368810000.0,98141000.0,0.55,200762000.0,0.544350749708522,1636823000.0,1303114000.0,1037833000.0,249371000.0,333709000.0,0.0,384018000.0,7881508640.0,7185807640.0,8.161090722346781,4.161803096591023,0.0,0.0,0.05015694020329549,8.161090722346781,0.0679994229207882,21.370105582820422,22.23625915518389,6.048211161878393,0.0,0.0,0.0,0.22532063637913202,4.037189568955492,0.05413596949700731,65.78559204046542,0.544350749708522,0.03773584905660381,1.2043478531421636,0.8003468887130268,0.4036570449543459,0.021507619507975678,0.021994371655286952,0.009494126602069575,0.44095424571424463,0.31401384161559626,0.20095607624431278,Asset Management,Financial Services,SEIC
2016Q3,2016,Q3,2016-10-21,2016-09-30,86704000.0,354641000.0,97218000.0,0.53,196535000.0,0.5541801427358934,1573566000.0,1313210000.0,976768000.0,180735000.0,260356000.0,0.0,400778000.0,7339378760.0,6716216760.0,8.160841681374134,5.404420837137245,0.0,0.0,0.049039402171544025,8.160841681374134,0.06602447437957372,20.695234786727987,21.162168873408376,5.588884306394255,0.000692009595866396,0.0,8.17507884005158e-06,0.22537408662871466,5.206456967383185,0.055100326265310764,79.0566127729246,0.5541801427358934,0.08163265306122457,0.9887966263146735,0.7171523823466875,0.407541670532128,0.0459051987930328,0.07035368187148941,0.03950899778664072,0.3736642371578159,0.3452239024350731,0.1984030636498719,Asset Management,Financial Services,SEIC
2016Q2,2016,Q2,2016-07-27,2016-06-30,81005000.0,343831000.0,93523000.0,0.49,187909000.0,0.5465155846913163,1520371000.0,1288283000.0,940920000.0,152737000.0,232088000.0,0.0,380664000.0,7783957450.0,7189190450.0,7.962440124849347,6.160393355899356,0.0,0.0,0.04708066985128834,7.962440124849347,0.06287826510168962,22.638905305222625,24.023077124868834,6.0421176480633525,0.5178569224121968,0.0,0.005389161010894272,0.22614940695396057,5.926573128973334,0.05327975869047752,116.40606932958471,0.5465155846913163,0.04255319148936174,0.7240666036452512,0.6498237371799642,0.37338997014027503,0.054004633135331305,0.0452662683716789,0.0773049808782196,0.03272005871638047,0.3329432922029572,0.21732926077961207,Asset Management,Financial Services,SEIC
2016Q1,2016,Q1,2016-04-20,2016-03-31,77497000.0,334263000.0,86812000.0,0.47,178281000.0,0.5333554715897362,1550846000.0,1300465000.0,975037000.0,172295000.0,250381000.0,0.0,408684000.0,7017709650.0,6379456650.0,7.977676627017477,5.659113729359529,0.0,0.0,0.04324111061191006,7.977676627017477,0.0595917614084193,20.994575080101598,22.638649399331584,5.396307974455291,0.5506922848626399,0.0,0.006081328827846277,0.21553590749823,5.459868249223715,0.04997079013648035,109.76319152264018,0.5333554715897362,-0.020833333333333353,0.5300001072301337,0.6385945541119742,0.37609438903514625,0.004977508201896301,-0.04770272429005026,0.056017127495225465,0.14090302340955133,0.3017457298758466,0.25050838433849376,Asset Management,Financial Services,SEIC
2015Q4,2015,Q4,2016-02-22,2015-12-31,81379000.0,335397000.0,82207000.0,0.48,177398000.0,0.5289194596254588,1588628000.0,1289720000.0,1003724000.0,224483000.0,298908000.0,0.0,402860000.0,8618385200.0,7938724200.0,7.841530220765718,4.471269539341509,0.0,0.0,0.04507319179257422,7.841530220765718,0.06309819185559656,25.69607122305805,26.476072451123756,6.682369196414726,0.0,0.0,0.0,0.21112368660252748,4.330024990756538,0.05122596353583092,85.05852767880936,0.5289194596254588,0.02127659574468087,0.4731550780020475,0.6372628355818688,0.39871000040842236,-0.022293502642703217,0.02460182562165565,-0.0552874117998575,0.5090088265565099,0.3450675154007526,0.3034774666420303,Asset Management,Financial Services,SEIC
2015Q3,2015,Q3,2015-10-21,2015-09-30,79425000.0,335622000.0,87018000.0,0.47,181443000.0,0.5406171228346175,1543529000.0,1309764000.0,967827000.0,161915000.0,233765000.0,0.0,435915000.0,7985875169.999999,7338286169.999999,7.910206004384614,5.9773770188061635,0.0,0.0,0.04375918041269051,7.910206004384614,0.060640695575691496,23.794254160931043,25.13652870632672,6.097186340439957,0.0,0.0,0.0,0.2174380915421738,5.757971775314208,0.051456759153861054,87.4991801069378,0.5406171228346175,-0.07843137254901968,0.5989403185967306,0.735639794771645,0.47739194945915603,-0.0159610816439426,-0.07902365491651206,-0.09278758939927854,0.6394476301142074,0.39634892884065104,0.26870807574411926,Asset Management,Financial Services,SEIC
2015Q2,2015,Q2,2015-07-22,2015-06-30,86240000.0,337745000.0,95918000.0,0.51,184386000.0,0.5459325822736087,1525832000.0,1305982000.0,940587000.0,144309000.0,219850000.0,0.0,435660000.0,8146432560.0,7521591560.0,7.860164187009485,6.517867908446458,0.0,0.0,0.047335078379191875,7.860164187009485,0.06603460078316546,24.120068572443707,23.615586038961037,6.237783185373152,0.4621057513914657,0.0,0.004891957271662481,0.22135136764729013,6.313577115772405,0.056519983851433184,130.48279852001346,0.5459325822736087,0.020000000000000018,0.8378374140427206,0.6853462714537886,0.5203482549908456,0.02859533638290751,0.019252815827729256,0.03060062318684861,0.8311825941815764,0.473178573495783,0.32120936678793843,Asset Management,Financial Services,SEIC
2015Q1,2015,Q1,2015-04-22,2015-03-31,84611000.0,325444000.0,93070000.0,0.5,179260000.0,0.5508167303745037,1521985000.0,1284259000.0,942964000.0,163193000.0,237726000.0,0.0,445368000.0,7349582550.000001,6706322550.000001,7.704244278472659,5.778213526315467,0.0,0.0,0.04680719631302642,7.704244278472659,0.0658831279360316,22.583247962783155,21.71580098923308,5.722819579228179,0.4748555152403352,0.0,0.005466705044356566,0.21382865139932392,5.5892777263730675,0.05559253212088161,117.48992966189755,0.5508167303745037,0.11111111111111108,0.6225807982215559,0.673963835979287,0.5194112924469181,0.0330738066285925,0.09746163923369262,0.031086590445803423,0.7914673662487286,0.4472162935186288,0.28835598137213475,Asset Management,Financial Services,SEIC
2014Q4,2014,Q4,2015-02-23,2014-12-31,77097000.0,322757000.0,90264000.0,0.45,173521000.0,0.5376211824995275,1542875000.0,1247613000.0,955427000.0,221180000.0,295262000.0,0.0,420226000.0,6692525840.0,6025079840.0,7.46421092936714,4.31968080296591,0.0,0.0,0.048283215576961754,7.46421092936714,0.06179560488709239,20.735494009425047,21.701641568413816,5.364264271052001,0.0,0.0,0.0,0.20919193064895084,4.211199023419839,0.04996969942477518,54.33259326010538,0.5376211824995275,-0.08163265306122446,0.9114371861343192,0.291527665119951,0.5585094997174188,-0.004543550968659825,-0.08199278425395616,-0.002585692501491746,0.8321802068024503,0.505107055415718,0.28379803784592883,Asset Management,Financial Services,SEIC
2014Q3,2014,Q3,2014-10-23,2014-09-30,83983000.0,322047000.0,90498000.0,0.49,174313000.0,0.5412657158737699,1485779000.0,1244640000.0,883376000.0,158317000.0,241139000.0,0.0,440767000.0,6072167999.999999,5494253999.999999,7.4118803037070125,5.579792441746623,0.0,0.0,0.0474771738988791,7.4118803037070125,0.06747573595577838,18.854912481718504,18.075586725885,4.878654068646354,0.0004524725242013265,0.0,6.25806137116101e-06,0.2167529625873027,5.412229893188981,0.056524557151500995,73.88683653354748,0.5412657158737699,0.020833333333333353,0.8102357169045936,0.3264546987344266,0.5958219881279756,-0.007131261925782474,0.014128216584352699,-0.03345081704581865,0.8459778970204914,0.4942491698215418,0.27836451089041353,Asset Management,Financial Services,SEIC
2014Q2,2014,Q2,2014-07-23,2014-06-30,82813000.0,318815000.0,93630000.0,0.48,175565000.0,0.5506798613616047,1435106000.0,1203342000.0,832109000.0,149677000.0,231764000.0,0.0,425458000.0,5525218620.000001,4993051620.000001,7.13700580050532,5.559364498219499,0.0,0.0,0.05000651177839794,7.13700580050532,0.06881917193948188,17.33048514028512,16.679804559670586,4.591561351635695,0.4460893821018439,0.0,0.0066860702789711506,0.2221543217016722,5.378588560700709,0.05770514512516845,69.77078986248439,0.5506798613616047,0.11627906976744183,1.2569434736913434,0.43329416027116374,0.6291705313051075,0.10128718212497961,0.10682972467254745,0.19438207980406164,0.6913473285016362,0.46799080360048917,0.23101612439847738,Asset Management,Financial Services,SEIC
2014Q1,2014,Q1,2014-04-23,2014-03-31,74820000.0,302386000.0,78392000.0,0.43,159418000.0,0.5272003333487661,1438981000.0,1204372000.0,842633000.0,153719000.0,234609000.0,0.0,444022000.0,5690374660.0,5144822660.0,7.11358132611957,5.481645079658338,0.0,0.0,0.041743437820441986,7.11358132611957,0.06212366278857363,18.818247736337,19.013548048650094,4.724764989554722,0.4987169206094627,0.0,0.006557388964613448,0.21013898029230407,5.319453027927582,0.051995127107307186,211.48305868361393,0.5272003333487661,0.16216216216216217,0.6443438150786257,0.36496838152976874,0.6869914700138025,0.006986204457021578,0.142028543081737,0.14516105470747206,0.4222441794502786,0.42723264716349124,0.22704388840062856,Asset Management,Financial Services,SEIC
2013Q4,2013,Q4,2014-02-27,2013-12-31,65515000.0,299024000.0,68455000.0,0.37,158312000.0,0.5294290759270159,1439169000.0,1156002000.0,847100000.0,207988000.0,283167000.0,0.0,431604000.0,5908024489.999999,5329751489.999999,6.795494759365833,4.072831124872589,0.0,0.0,0.03838797018312243,6.795494759365833,0.05667377738100799,19.75769332896356,22.54454892009463,5.11073898661075,0.0,0.0,0.0,0.20777545931019914,3.968661653556936,0.04552279822592065,61.200854508727396,0.5294290759270159,-0.026315789473684233,6.5835846062141234,0.24433236259940938,0.6855577833529698,0.07640319564847867,-0.02500186025745963,0.1052002776925685,0.14665818145088175,0.411309897724667,0.2121264868019432,Asset Management,Financial Services,SEIC
2013Q3,2013,Q3,2013-10-24,2013-09-30,67195000.0,280655000.0,61939000.0,0.38,147075000.0,0.524041973241168,1391699000.0,1166567000.0,800032000.0,145278000.0,225132000.0,0.0,462633000.0,5295130280.0,4767916280.0,6.80976370046933,5.506904004735748,0.0,0.0,0.03796018271716494,6.80976370046933,0.05760063502567791,18.867044164543657,19.700611206190935,4.539070863482338,0.0,0.0,0.0,0.20166357811567012,5.3270488305180415,0.04828271055738346,52.28518948594901,0.524041973241168,-0.1914893617021276,1.1781831268868894,-0.007155798647411848,0.6651422566595505,0.020907519626829928,-0.19521163197355498,0.06841115691787557,0.3074936824632434,0.4028446246976011,0.2718619544441644,Asset Management,Financial Services,SEIC
2013Q2,2013,Q2,2013-07-26,2013-06-30,83494000.0,274574000.0,57973000.0,0.47,144063000.0,0.5246782288199174,1347868000.0,1126495000.0,753376000.0,131247000.0,221373000.0,0.0,448729000.0,4875633130.0,4388574130.0,6.540909170087619,5.740138822220699,0.0,0.0,0.03320940776543337,6.540909170087619,0.07411839377893377,17.75708235302687,14.598752994227128,4.328144492430059,0.4120056531008216,0.0,0.007055493939512221,0.2037098588289061,5.5543364800719255,0.06194523499333763,74.00666550295229,0.5246782288199174,0.14634146341463414,1.0182952250732258,-0.07016361729377618,0.6463486070703869,0.019294447274579726,0.16092880978865406,-0.03445921188501382,0.7165957442282511,0.32182526925823685,0.2651720251889352,Asset Management,Financial Services,SEIC
2013Q1,2013,Q1,2013-04-26,2013-03-31,71920000.0,271879000.0,60042000.0,0.41,141336000.0,0.5198489033724562,1342610000.0,1101097000.0,747548000.0,148727000.0,241513000.0,0.0,445233000.0,4905235160.0,4453136160.0,6.379546692313932,5.0263099504461195,0.0,0.0,0.03551512516355081,6.379546692313932,0.06531667963857862,18.04197882146102,17.051012096774194,4.454861978554115,0.0,0.0,0.0,0.20250035378851639,4.843390910863529,0.05356730547217733,154.82230723100716,0.5198489033724562,0.2812499999999999,0.6667632301648918,-0.07638648802810809,0.6413003713688628,2.2391590243560295,0.2710082177255456,0.06857214045453737,0.33203610755368934,0.350617213598986,0.25815783282975135,Asset Management,Financial Services,SEIC
2012Q4,2012,Q4,2013-02-22,2012-12-31,56585000.0,261635000.0,56189000.0,0.32,-114058000.0,-0.43594320331759895,1309824000.0,1038180000.0,701404000.0,152005000.0,252495000.0,0.0,405914000.0,4027877160.0,3575630160.0,6.015854068399643,4.614348212229861,0.0,0.0,0.035223213067317724,6.015854068399643,0.05450403590899459,15.395024213121333,17.79569302818768,3.879748367335144,1.4615180701599364,0.0,0.020531907184577595,0.19974821044659435,4.4416499457254695,0.043200460519886644,38.338097123603205,-0.43594320331759895,0.10344827586206906,0.19695868232293454,-0.16011453114476246,0.557158176383599,-1.5342620393747628,0.11512918037955974,0.05045802953823145,0.3587654466660364,0.01401529695648998,0.25609602987324204,Asset Management,Financial Services,SEIC
2012Q3,2012,Q3,2012-10-26,2012-09-30,50743000.0,251752000.0,53490000.0,0.29,213487000.0,0.8480051797006578,1332404000.0,1081304000.0,670479000.0,126535000.0,233327000.0,0.0,468919000.0,3660219045.0,3262542045.0,6.23485114946174,5.298763188050737,0.0,0.0,0.03026460505106586,6.23485114946174,0.04692759852918328,14.538986959388605,18.03312301696786,3.385004628670568,0.0,0.0,0.0,0.18894569514951923,5.097024538665192,0.038083794404700076,63.326684631221994,0.8480051797006578,0.035714285714285546,-0.23003528623160838,-0.19915306291110196,0.6816190176702582,-0.008664843303784949,0.02397336293007769,-0.005725119892932823,0.05904282460231736,0.004013913049287282,0.34240059867665856,Asset Management,Financial Services,SEIC
2012Q2,2012,Q2,2012-08-02,2012-06-30,49555000.0,241237000.0,53798000.0,0.28,215353000.0,0.8927030264843286,1264862000.0,1040102000.0,595410000.0,105383000.0,207834000.0,0.0,447812000.0,3477368700.0,3129874700.0,5.949219241548933,5.649962517673629,0.0,0.0,0.03277268770396286,5.949219241548933,0.04764436564875368,14.414740276159959,17.542975986277874,3.343295849830113,0.5270305720916154,0.0,0.007510563950265038,0.19072199180622076,5.419707163394476,0.03917818702751762,153.0262585812357,0.8927030264843286,0.0,-0.1901520649234582,-0.20176585083323917,0.724595863330123,0.028276616164751158,-0.00820574402081457,0.11871737819459752,0.30246695190972184,0.045917842426803676,0.3580334587816367,Asset Management,Financial Services,SEIC
2012Q1,2012,Q1,2012-05-03,2012-03-31,49965000.0,237898000.0,48089000.0,0.28,209431000.0,0.8803394732196151,1293626000.0,1054544000.0,617339000.0,118877000.0,222186000.0,0.0,460727000.0,3648640120.0,3260513120.0,5.979903372876358,5.19309033707109,0.0,0.0,0.028652926093704102,5.979903372876358,0.04738066880092248,15.33699366955586,18.255979785850098,3.4599221274787966,0.5307315120584409,0.0,0.007267913284909009,0.18390013806154173,4.973821681233544,0.03862399178742542,204.6234154001458,0.8803394732196151,0.11220470312640783,-0.11458805883820637,-0.17211628042966182,0.7457589008934182,0.11073337859052144,0.12543922875934768,0.08369577464788733,0.054247616133737867,0.030987768376801363,0.41813884161385856,Asset Management,Financial Services,SEIC
2011Q4,2011,Q4,2012-02-27,2011-12-31,44396000.0,226247000.0,44375000.0,0.2517522172068864,188552000.0,0.8333900560007426,1294559000.0,1025316000.0,634951000.0,151073000.0,253100000.0,0.0,443702000.0,3059637800.0000005,2638651800.0000005,5.814162905164788,4.20294162424788,0.0,0.0,0.028296258866499717,5.814162905164788,0.04329982171350101,13.523440310810754,17.229242499324265,2.984092513917661,0.0,0.0,0.0,0.17476762356910733,4.036750445149034,0.03429430408347553,44.02293204414325,0.8333900560007426,-0.06758438071523562,-0.2163285341458786,-0.194667259661271,0.8263143804193495,-0.03946041223038441,-0.098228794280143,-0.13221605131414269,3.957293115277066,-0.09180283073408904,0.4421477589951354,Asset Management,Financial Services,SEIC
2011Q3,2011,Q3,2011-11-03,2011-09-30,49232000.0,233227000.0,51136000.0,0.27,196298000.0,0.841660699661703,1303707000.0,1053590000.0,638446000.0,132973000.0,234827000.0,0.0,470380000.0,2794822840.0,2385957840.0,5.7979396647552806,4.801320568837283,0.015340870302913154,0.018982716236866332,0.031569902814497924,5.7979396647552806,0.04672785428867016,11.983273120179053,14.192104931751706,2.652666445201644,0.0,0.0,0.0,0.17889525790687633,4.6313988554067365,0.03776308633765102,40.55993440339012,0.841660699661703,-0.06896551724137918,-0.1117203961298809,-0.1452298512689497,1.0013572600811989,-0.017753670326151137,-0.08154394343600171,-0.0522823730007228,0.5044737223481629,-0.22220196367877781,0.4177282446204621,Asset Management,Financial Services,SEIC
2011Q2,2011,Q2,2011-08-04,2011-06-30,53603000.0,237760000.0,53957000.0,0.29,199846000.0,0.8405366756393001,1330805000.0,1070160000.0,665133000.0,104551000.0,243743000.0,0.0,475667000.0,4155008350.0000005,3773729350.0000005,5.797654197253298,6.361804286903043,0.030056995577864527,0.03737758839799656,0.03175620561217306,5.797654197253298,0.050088771772445244,17.47564077220727,19.37861850083018,3.8826047974134714,0.41118967221983843,0.0,0.005304682480361321,0.17865878171482674,6.159701963634973,0.040278628349006806,166.08739457169128,0.8405366756393001,-0.06451612903225812,-0.015602106682718917,-0.11282530225077711,1.3001094430042424,0.0637065739819137,-0.07145579268292683,-0.011722255801600821,0.20896371343058065,-0.2487566148775044,0.4592711293980389,Asset Management,Financial Services,SEIC
2011Q1,2011,Q1,2011-05-05,2011-03-31,57728000.0,232493000.0,54597000.0,0.31,187877000.0,0.8080974480952114,1378035000.0,1077069000.0,702747000.0,125066000.0,285079000.0,0.0,493646000.0,4436593560.0,4018563560.0,5.797332429072002,5.61900916316185,0.04354025841143367,0.05570673745136105,0.030237650901824564,5.797332429072002,0.05359730899320285,19.082697371533765,19.21335209950111,4.119135877088654,0.0,0.0,0.0,0.1687134216474908,5.439000207890234,0.04189153395958738,110.05366903976385,0.8080974480952114,-0.07701971153846156,0.1097193475390045,-0.11454174638423388,1.4776074218140656,0.6221184230975118,-0.07487179487179488,0.05243171347610694,0.2428856701491493,-0.26625537583540393,0.4915109689922769,Asset Management,Financial Services,SEIC
2010Q4,2010,Q4,2011-02-24,2010-12-31,62400000.0,231399000.0,51877000.0,0.33586849456635826,115822000.0,0.5005293886317572,1377223000.0,1041570000.0,683719000.0,127600000.0,320498000.0,0.0,471159000.0,4419872730.0,4018580730.0,5.606258780216054,5.358299373040753,0.06897938823269725,0.0912084641454727,0.029850963006893785,5.606258780216054,0.05990955960713154,19.10065613939559,17.7078234375,4.243471614965869,0.29844551282051285,0.0,0.004213469739432972,0.16801854165955696,5.18858934169279,0.04530856658652956,46.13356919190865,0.5005293886317572,0.11956164855452756,0.2849753716867849,0.19965919501126084,1.6070158536498576,0.049587675577707296,0.10659880473141925,-0.05915957851974102,0.22609034420084817,-0.3100053111430798,0.4511375441090293,Asset Management,Financial Services,SEIC
2010Q3,2010,Q3,2010-11-04,2010-09-30,56389000.0,219513000.0,55139000.0,0.3,110350000.0,0.5027037123086104,1354025000.0,1006391000.0,662417000.0,116340000.0,333284000.0,0.0,456775000.0,3823187760.0,3491409760.0,5.354168883403205,5.693802647412756,0.08862465611787079,0.11923795025988905,0.030501381355217582,5.354168883403205,0.056030906476707366,17.41668037883861,16.95006011810814,3.7989089330091383,0.0,0.0,0.0,0.16211886782001808,5.359179989685405,0.041645464448588465,80.70564384024318,0.5027037123086104,0.07142857142857129,0.2244854529243333,0.2109092315740661,1.6263557525274115,-0.03469330627383743,0.05443359886308388,-0.035559364723990766,-0.21052911695478793,-0.35570631294696337,0.44408775804157835,Asset Management,Financial Services,SEIC
2010Q2,2010,Q2,2010-08-05,2010-06-30,53478000.0,228388000.0,57172000.0,0.28,114316000.0,0.5005341786783895,1350121000.0,978966000.0,661800000.0,116144000.0,358313000.0,0.0,434370000.0,3855288160.0,3543359160.0,5.169976129618285,5.698098911695826,0.11110115315590233,0.1532228902740238,0.03154094494465105,5.169976129618285,0.05462702484049497,16.88043224687812,18.022776468828305,3.9381226314294877,0.3532293653464976,0.0,0.0048997634459573055,0.16916113444646813,5.39674025347844,0.0396097831231423,134.53685650474594,0.5005341786783895,-0.09677419354838701,0.28372915894898804,0.27438349286884717,1.5960641161702303,-0.028676789219226617,-0.1,0.07174055675321024,-0.1930845289606327,-0.3022552901424017,0.4987041298437309,Asset Management,Financial Services,SEIC
2010Q1,2010,Q1,2010-05-05,2010-03-31,59420000.0,221535000.0,53345000.0,0.31,117691000.0,0.5312523980409416,1398723000.0,963140000.0,708113000.0,127993000.0,421815000.0,0.0,426771000.0,4173157560.0,3872496560.0,5.070545623012614,5.532435367559163,0.14298756794590495,0.2076541312789418,0.028558707040117485,5.070545623012614,0.06169404240297361,18.837463877039745,17.5578826994278,4.3328670390597415,0.28813530797711207,0.0,0.004102648834567368,0.15838375432448026,5.208698913221816,0.04248160643672836,810.0072903726708,0.5312523980409416,0.2846364290856731,0.45498816757315486,0.2769461050867492,1.553917679117961,-0.4364294573123722,0.29633265702380174,-0.49140988482953246,-0.0224298228988987,-0.2842576510023088,0.4802831420171609,Asset Management,Financial Services,SEIC
2009Q4,2009,Q4,2010-02-25,2009-12-31,45837000.0,283995000.0,104888000.0,0.24131341209173038,208831000.0,0.7353333685452209,1533808000.0,909723000.0,841403000.0,163055000.0,502190000.0,0.0,384483000.0,3327888960.0,2990563960.0,4.7893265525301665,5.160240409677716,0.1653088261373001,0.2787134105656337,0.06754982718104544,4.7893265525301665,0.050385666845842086,11.71812517826018,18.150669546436283,3.658134355182841,0.0,0.0,0.0,0.18515681232592346,4.9267302443960626,0.029884444467625674,36.7515428874336,0.7353333685452209,-0.10624662188248014,0.1408677794296007,0.6612432819541715,1.4103929478881165,0.3502848238359725,-0.13067308968839494,0.10057395884704574,-0.24882315841223462,-0.061489720912389245,0.5043981563777946,Asset Management,Financial Services,SEIC
2009Q3,2009,Q3,2009-11-03,2009-09-30,52727000.0,275933000.0,95303000.0,0.27,154657000.0,0.5604875096490815,1493024000.0,886413000.0,769755000.0,129339000.0,494812000.0,0.0,375125000.0,3755928000.0,3524635000.0,4.644553314121038,5.9514531579801915,0.18498831900893756,0.31158387794402836,0.05916034760818039,4.644553314121038,0.05948355901820032,13.611739081588647,17.808371422610804,4.237221250139608,0.0,0.0,0.0,0.18481484557515485,5.6350907305607745,0.03531557429753306,42.1134258740161,0.5604875096490815,0.22727272727272735,0.2557934626460778,0.7251256659710275,1.4221571031075437,0.12345454809606136,0.26836015491568643,0.059086969084079746,-0.09418176881283001,-0.037102747385021985,0.6032264963976082,Asset Management,Financial Services,SEIC
2009Q2,2009,Q2,2009-08-05,2009-06-30,41571000.0,252009000.0,89986000.0,0.22,137662000.0,0.5462582685539008,1458822000.0,836826000.0,773001000.0,147585000.0,521081000.0,0.0,338715000.0,3446054920.0,3231614920.0,4.380760431989865,5.237666429515195,0.19103632931228073,0.33302980547927524,0.05855828735987644,4.380760431989865,0.04967699378365395,13.674332742084609,20.723911621082003,4.1180065150939384,0.3680690866228861,0.0,0.004440149781478236,0.17274828594578365,4.747779245858319,0.028496279875132126,49.53292205085452,0.5462582685539008,0.22222222222222227,0.08811504373818849,0.6067080194490698,1.4626768214410897,0.02587376108502869,-0.18588802068033605,0.22379980960152318,-0.262294884008903,-0.09134891246852667,0.7379836903575511,Asset Management,Financial Services,SEIC
2009Q1,2009,Q1,2009-05-04,2009-03-31,51063000.0,248611000.0,73530000.0,0.18,134190000.0,0.5397589004509052,1396397000.0,801178000.0,731680000.0,169677000.0,496959000.0,0.0,319135000.0,2319900000.0,2114502000.0,4.216726315789474,4.312193167017333,0.15947184074443013,0.27794822124421786,0.06112730920008996,4.216726315789474,0.06373490035922105,9.331445511260563,11.358028317960168,2.895611212489609,0.299571118030668,0.0,0.006593818699081857,0.17803747788057409,3.636120393453444,0.03656768096751855,70.41308768628403,0.5397589004509052,2.5444087470204164,0.4144875313957136,0.6235796223898548,1.3241891413636018,-0.5177739765409384,4.292050989739869,-0.2473514509442653,-0.04016917363158466,-0.07415076835372794,0.802103388684066,Asset Management,Financial Services,SEIC
2008Q4,2008,Q4,2009-02-25,2008-12-31,9649000.0,268402000.0,97695000.0,0.05078421052631579,278272000.0,1.0367731984113382,1341715000.0,766004000.0,739671000.0,329894000.0,462841000.0,0.0,289682000.0,2984900000.0,2599789000.0,4.0316,2.242147477674647,0.023501265171813685,0.041164275904564465,0.060685129573219115,4.0316,0.012596539965848742,11.121005059574816,77.33702974401493,3.896715944042068,0.0,0.0,0.0,0.20004397357113843,1.894099316750229,0.00719154216804612,50.29995618617505,1.0367731984113382,-0.7178654970760233,-0.7244212360343799,0.7132949563074001,1.2987343616277185,0.7920659453889748,-0.7202783012030729,-0.21812099336529303,-0.8057083029442057,0.36064201712067767,0.8747698826649087,Asset Management,Financial Services,SEIC
2008Q3,2008,Q3,2008-11-10,2008-09-30,34495000.0,316086000.0,124949000.0,0.18,155280000.0,0.49125870807311933,1303374000.0,783379000.0,714117000.0,267515000.0,391137000.0,0.0,309645000.0,4252498800.0,3943531800.0,4.08959875544233,2.6694465730893593,0.028252059654404645,0.04700534479479281,0.09676722612948493,4.08959875544233,0.04403360314739098,13.453613257151535,30.81967531526308,5.428405407854946,0.00011595883461371213,0.0,9.406234282770403e-07,0.24251366069907793,2.241242547146889,0.026465926127113168,61.36893237509741,0.49125870807311933,-0.25,0.05929275783939599,1.1334339376846996,1.4016705703761339,-0.05953037084592602,-0.2527727233341998,-0.07577999023625309,-0.26498053620729956,0.7109607974706967,1.0060520037346858,Asset Management,Financial Services,SEIC
2008Q2,2008,Q2,2008-07-31,2008-06-30,46164000.0,329523000.0,135194000.0,0.24,165109000.0,0.5010545546137902,1252482000.0,763555000.0,689249000.0,230715000.0,355026000.0,0.0,290282000.0,4520238240.0,4241272240.0,3.972979441897735,2.9874477168801334,0.03306953712708047,0.05424494633654419,0.10565053444039443,3.972979441897735,0.06045929893720819,13.717519687548366,24.479238367559134,5.919990360877737,0.3321852525777662,0.0,0.0033925203022042486,0.26309599658917254,2.6346964870077803,0.036858014725960134,165.89247798003524,0.5010545546137902,-0.040000000000000036,0.4557790993856394,1.3192278808276745,1.6252075581616816,-0.19349260701149368,-0.05683814816328198,-0.02394755651175719,0.09183432810905778,0.8116222756276334,0.9950013510322065,Asset Management,Financial Services,SEIC
2008Q1,2008,Q1,2008-05-02,2008-03-31,48946000.0,333908000.0,138511000.0,0.25,204721000.0,0.6131060052469542,1256095000.0,760990000.0,701629000.0,230077000.0,357145000.0,0.0,300988000.0,4833906960.0,4544311960.0,3.8868855473378825,3.0495399366299107,0.037245590500718496,0.06147781179778972,0.10786807531382749,3.8868855473378825,0.06431884781665988,14.47676294069025,24.69,6.35212941037333,0.2780002451681445,0.0,0.0028149073022290852,0.26583021188683975,2.761844947561034,0.03896679789347143,95.64138656958569,0.6131060052469542,-0.08737321002386629,0.5151515119129048,1.4081576016254185,1.8227326910916228,-0.3531497145240435,-0.08737321002386635,-0.0502732390310128,0.16279069528014822,0.8673020349022671,0.9577352131497853,Asset Management,Financial Services,SEIC
2007Q4,2007,Q4,2008-02-26,2007-12-31,53632000.0,353409000.0,145843000.0,0.2739345401054223,316489000.0,0.8955318059245803,1252365000.0,756383000.0,694934000.0,230367000.0,359833000.0,0.0,298975000.0,6298371280.0,5989421280.0,3.8633545131369265,3.016638667864755,0.04149828524431775,0.06870989961434881,0.11411772652761154,3.8633545131369265,0.07090587704906112,17.82176254707718,29.359203833532224,8.326960389115039,0.0,0.0,0.0,0.2821932902947623,2.8337695937352136,0.04282457590239267,85.43408046444752,0.8955318059245803,-0.25963637809345325,0.6630056520569478,1.5687210034927825,1.83289677892199,0.7306207484853124,-0.2683119824281368,-0.06076198817604554,0.2950920869675604,1.0056616792807944,0.9443657415127409,Asset Management,Financial Services,SEIC
2007Q3,2007,Q3,2007-11-09,2007-09-30,73299000.0,349636000.0,155278000.0,0.37,182876000.0,0.5230468258417326,1175681000.0,715176000.0,627455000.0,186825000.0,321956000.0,0.0,278685000.0,5499373202.7605,5260122202.7605,3.7076478583713937,3.358517329051251,0.04928462737766452,0.08101921764712462,0.1317660400175667,3.7076478583713937,0.10249085539783215,15.728852872016898,18.756644711252882,7.689538243398129,0.0,0.0,0.0,0.2973901934283194,3.192597350461662,0.06234599351354662,49.62437468652319,0.5230468258417326,0.08823529411764697,1.3030303045609029,1.5602091002477503,1.7696887436029585,0.022647713419748805,0.054646695730996675,0.010431104603871807,0.7272727334331814,1.1627730471060822,0.9335563591598618,Asset Management,Financial Services,SEIC
2007Q2,2007,Q2,2007-08-02,2007-06-30,69501000.0,343258000.0,153675000.0,0.34,178826000.0,0.5209667363907032,1118764000.0,685008000.0,580901000.0,146469000.0,306243000.0,0.0,259709000.0,5766597265.44,5587927265.44,3.44963093559858,3.9660337682376476,0.060443489422255275,0.09871709527479972,0.12658999680657632,3.44963093559858,0.10146012893280079,16.799600491292264,20.74285717270255,8.41829185270829,0.19858707068963036,0.0,0.0023934392094133675,0.30681895377398627,3.656466556063058,0.06212302147727313,115.15460721369091,0.5209667363907032,0.09677419354838718,1.121212116973668,1.3583547082719014,1.4011208875815562,0.08931312589849175,0.09662811430014043,0.10415364386868708,0.7499999974820506,1.10525268414812,0.9392355002087951,Asset Management,Financial Services,SEIC
2007Q1,2007,Q1,2007-05-03,2007-03-31,63377000.0,322725000.0,139179000.0,0.31,164164000.0,0.5086807653575025,1096714000.0,678409000.0,579455000.0,148355000.0,301036000.0,0.0,278892000.0,5964369859.375,5765403859.375,3.425389021253767,3.9058676822486604,0.06612389374075647,0.10689569271634074,0.11639495391928113,3.425389021253767,0.09342004601943665,18.48127619296615,23.52734375,8.791702143360421,0.18746548432396612,0.0,0.0019919958487022798,0.29426541468422945,3.6325840045836,0.057788083310689936,183.411847208555,0.5086807653575025,-0.03501086461083875,1.0645161259962943,1.245054666134486,1.3815867185226887,-0.10884564232011508,-0.0038821828240915377,0.06027409783113806,0.6842105224694865,1.0218911087398792,0.8880172370526638,Asset Management,Financial Services,SEIC
