Quarters,Year,Quarter,FillingDate,Date,NetIncome,Revenue,OperatingIncome,EPSDiluted,GrossProfit,GrossProfitRatio,TotalAssets,CommonStockEquity,CurrentAssets,CurrentLiability,TotalLiability,Inventory,RetainedEarnings,MarketCap,EnterpriseValue,bookValuePerShare,currentRatio,debtToAssets,debtToEquity,roic,shareholdersEquityPerShare,roe,priceToSalesRatio,peRatio,pbRatio,payoutRatio,inventoryTurnover,dividendYield,assetTurnover,quickRatio,returnOnAssets,priceToFreeCashFlowsRatio,grossProfitMargin,epsdilutedGrowth,fiveYNetIncomeGrowthPerShare,fiveYRevenueGrowthPerShare,fiveYShareholdersEquityGrowthPerShare,grossProfitGrowth,netIncomeGrowth,operatingIncomeGrowth,threeYNetIncomeGrowthPerShare,threeYRevenueGrowthPerShare,threeYShareholdersEquityGrowthPerShare,Industry,Sector,Symbol
2023Q1,2023,Q1,2023-05-10,2023-04-01,72000000.0,2108000000.0,95000000.0,1.71,481000000.0,0.2281783681,4041000000.0,1148000000.0,1813000000.0,1845000000.0,2893000000.0,793000000.0,-379000000.0,1799199999.9999998,2377200000.0,28.7,0.9826558265582656,0.22791388270230142,0.8022648083623694,0.02628827942442504,28.7,0.0627177700348432,0.8535104364326375,6.247222222222222,1.5672473867595818,0.0,2.051702395964691,0.0,0.5216530561742143,0.46991869918699186,0.017817371937639197,13.839999999999998,0.22817836812144213,1.25,1.4365853658536585,0.033515901060070664,-0.26765517241379305,0.07847533632286996,1.0,2.2758620689655173,1.1199999999999999,0.02499082568807346,-0.28754098360655733,Specialty Retail,Consumer Cyclical,ODP
2022Q4,2022,Q4,2023-03-01,2022-12-31,36000000.0,2106000000.0,29000000.0,0.76,446000000.0,0.2117758784,4149000000.0,1287000000.0,1910000000.0,1859000000.0,2862000000.0,828000000.0,-451000000.0,2037315784.68,2515315784.6800003,28.768235361807612,1.0274341043571813,0.2123403229693902,0.6845376845376845,0.0070174495200709805,28.768235361807612,0.027972027972027972,0.9673864124786326,14.1480262825,1.5829959476923077,0.0,2.004830917874396,0.0,0.5075921908893709,0.5051102743410436,0.008676789587852495,16.041856572283464,0.2117758784425451,-0.43703703703703706,1.871764707933564,-0.05156323135317791,-0.30030484620486625,-0.0823045267489712,-0.4626865671641791,-0.6547619047619048,-0.1952941157536332,0.03235294360553637,-0.2718578256330333,Specialty Retail,Consumer Cyclical,ODP
2022Q3,2022,Q3,2022-11-02,2022-09-24,67000000.0,2172000000.0,84000000.0,1.35,486000000.0,0.2237569061,4418000000.0,1499000000.0,2108000000.0,1893000000.0,2919000000.0,890000000.0,-468000000.0,1685759999.9999998,2110759999.9999998,31.229166666666668,1.1135763338615954,0.2032593933906745,0.5990660440293529,0.02037240820108885,31.229166666666668,0.04469646430953969,0.7761325966850827,6.290149253731343,1.1245897264843228,0.0,1.8943820224719101,0.0,0.4916251697600724,0.5620707871104068,0.015165233137166138,12.215652173913043,0.22375690607734808,2.375,-0.21408514492753628,-0.10536259541984731,-0.2078007672216781,0.12761020881670534,2.35,2.0,0.2795138888888889,-0.10540977713874904,-0.19247570913649895,Specialty Retail,Consumer Cyclical,ODP
2022Q2,2022,Q2,2022-08-03,2022-06-25,20000000.0,2034000000.0,28000000.0,0.4,431000000.0,0.2118977384,4474000000.0,1513000000.0,2011000000.0,1903000000.0,2961000000.0,968000000.0,-535000000.0,1514100000.0,2015100000.0,30.877551020408163,1.0567524960588544,0.20518551631649531,0.6067415730337079,0.006339144215530904,30.877551020408163,0.013218770654329148,0.7443952802359882,18.92625,1.000727032385988,0.0,1.65599173553719,0.0,0.4546267322306661,0.5165528113504992,0.004470272686633884,-11.133088235294117,0.21189773844641102,-0.6296296296296297,-0.11904761904761907,-0.09004292364427788,-0.19014828209764922,-0.10950413223140495,-0.6363636363636364,-0.631578947368421,1.935374149659864,-0.11782796580765233,-0.18431061185281025,Specialty Retail,Consumer Cyclical,ODP
2022Q1,2022,Q1,2022-05-04,2022-03-26,55000000.0,2178000000.0,76000000.0,1.08,484000000.0,0.2222222222,4529000000.0,1492000000.0,2053000000.0,1966000000.0,3037000000.0,866000000.0,-562000000.0,2258410000.0,2614410000.0,30.448979591836736,1.0442522889114954,0.20158975491278427,0.6119302949061662,0.018110447735327502,30.448979591836736,0.03686327077747989,1.036919191919192,10.265500000000001,1.5136796246648794,0.0,1.956120092378753,0.0,0.48090086111724445,0.5742624618514751,0.012143961139324354,250.93444444444444,0.2222222222222222,0.6875000000000001,-0.21883618312189748,-0.14457307586711823,-0.19748083470849961,0.12037037037037036,0.71875,3.75,6.618622448979591,-0.12835695491631105,-0.21491947206232911,Specialty Retail,Consumer Cyclical,ODP
2021Q4,2021,Q4,2022-02-23,2021-12-25,32000000.0,2042000000.0,16000000.0,0.64,432000000.0,0.2115572968,4865000000.0,1438000000.0,2389000000.0,2265000000.0,3427000000.0,859000000.0,-617000000.0,1963834556.5300002,2450834556.53,28.55007302604388,1.0547461368653421,0.20575539568345325,0.696105702364395,0.005531069051940195,28.55007302604388,0.022253129346314324,0.9617211344417239,15.342457472890628,1.3656707625382478,0.0,1.8742724097788126,0.0,0.4197327852004111,0.44547461368653424,0.0065775950668037,26.538304817972975,0.21155729676787463,-0.518796992481203,-0.3839239137702098,-0.20651943526986535,-0.17782367609486183,-0.14285714285714285,-0.5616438356164384,-0.8461538461538461,4.176642339476371,0.0628961985129971,-0.05996937355452886,Specialty Retail,Consumer Cyclical,ODP
2021Q3,2021,Q3,2021-11-03,2021-09-25,73000000.0,2179000000.0,104000000.0,1.33,504000000.0,0.2312987609,5351000000.0,1862000000.0,2876000000.0,2181000000.0,3489000000.0,841000000.0,-343000000.0,2226530000.0,2599530000.0,35.132075471698116,1.318661164603393,0.21042795739114184,0.6047261009667024,0.020186120712576444,35.132075471698116,0.03920515574650913,1.0218127581459384,7.625102739726027,1.1957733619763693,0.0,1.9916765755053507,0.0,0.40721360493365727,0.5662540119211371,0.013642309848626424,14.552483660130719,0.2312987608994952,1.8471337579617837,-0.7767009719839909,-0.22441586608829864,0.01653111829953981,0.06779661016949153,1.8295454545454546,1.1224489795918366,0.264874213836478,-0.21533157746828654,-0.11889970027739367,Specialty Retail,Consumer Cyclical,ODP
2021Q2,2021,Q2,2021-08-04,2021-06-26,-88000000.0,2286000000.0,49000000.0,-1.57,472000000.0,0.2064741907,5378000000.0,1841000000.0,2411000000.0,2100000000.0,3537000000.0,957000000.0,-444000000.0,2616840000.0,3153840000.0,34.092592592592595,1.148095238095238,0.22833767199702493,0.6670287887017925,0.013860405911887419,34.092592592592595,-0.047800108636610536,1.144724409448819,-7.434204545454546,1.4214231395980446,0.0,1.8955067920585162,0.0,0.42506507995537374,0.6533333333333333,-0.016362960208255856,-96.92,0.20647419072615922,-2.6526315789473687,-1.4268077601410936,-0.2764657136938056,0.008114297092791737,-0.11610486891385768,-2.660377358490566,-0.4673913043478261,-6.673148148148147,-0.10275240994419076,-0.11922198172198166,Specialty Retail,Consumer Cyclical,ODP
2021Q1,2021,Q1,2021-05-05,2021-03-27,53000000.0,2366000000.0,92000000.0,0.95,534000000.0,0.2256973795,5598000000.0,1960000000.0,2444000000.0,2129000000.0,3638000000.0,929000000.0,-356000000.0,2129010000.0,2666010000.0,36.9811320754717,1.1479567872240488,0.2304394426580922,0.6581632653061225,0.019804473471509747,36.9811320754717,0.027040816326530614,0.8998351648351648,10.0425,1.0862295918367346,0.0,1.9720129171151777,0.0,0.4226509467667024,0.6763738844527948,0.00946766702393712,29.164520547945205,0.2256973795435334,1.794117647058823,0.19347826086956527,-0.3084596873802121,0.22231435938795685,0.0744466800804829,1.9444444444444444,93.0,0.35365853658536583,-0.1245216347756518,-0.05634352635003244,Specialty Retail,Consumer Cyclical,ODP
2020Q4,2020,Q4,2021-02-24,2020-12-26,18000000.0,2288000000.0,-1000000.0,0.34,497000000.0,0.2172202797,5558000000.0,1880000000.0,2355000000.0,2093000000.0,3678000000.0,930000000.0,-409000000.0,1472399987.73,2112399987.73,36.55555586018519,1.1251791686574295,0.2463116228859302,0.7281914893617021,-0.0002830188679245283,36.55555586018519,0.009574468085106383,0.6435314631687064,20.449999829583334,0.7831914828351064,0.0,1.9258064516129032,0.0,0.41165887009715724,0.6497849976110845,0.0032385750269881253,-81.79999931833333,0.2172202797202797,-0.673076923076923,0.16666667638888893,-0.3602403040030252,0.14022320212679926,-0.1576271186440678,-0.6842105263157895,-1.0070921985815602,1.379166669826389,-0.10367212650106909,-0.11090322510307304,Specialty Retail,Consumer Cyclical,ODP
2020Q3,2020,Q3,2020-11-05,2020-09-26,57000000.0,2539000000.0,141000000.0,1.04,590000000.0,0.2323749508,5745000000.0,1795000000.0,2480000000.0,2287000000.0,3950000000.0,1000000000.0,-427000000.0,970429999.9999999,1639430000.0,33.867924528301884,1.0843900306077832,0.24577893820713664,0.7866295264623956,0.01912860937366121,33.867924528301884,0.03175487465181059,0.38220953131153995,4.256271929824561,0.5406295264623956,0.0,1.949,0.0,0.44194952132288945,0.6139046786182772,0.009921671018276762,3.2895932203389826,0.2323749507680189,1.1279212792127922,8.822641509433963,-0.28855550442296873,0.17465966085502732,0.4182692307692308,1.1298405466970387,9.071428571428571,-0.39446267432321575,-0.05285755437130915,-0.1408626392918523,Specialty Retail,Consumer Cyclical,ODP
2020Q2,2020,Q2,2020-08-05,2020-06-27,-439000000.0,2158000000.0,14000000.0,-8.13,416000000.0,0.1927710843,5865000000.0,1717000000.0,2525000000.0,2135000000.0,4148000000.0,1005000000.0,-484000000.0,1113000000.0,2125000000.0,32.39622641509434,1.1826697892271663,0.30247229326513214,1.033197437390798,0.0028171015389551607,32.39622641509434,-0.2556785090273733,0.5157553290083411,-0.6338268792710706,0.6482236458940012,0.0,1.7333333333333334,0.0,0.3679454390451833,0.6749414519906323,-0.07485080988917306,-48.391304347826086,0.1927710843373494,-10.67857142857143,-6.81174365647365,-0.3525526546731022,0.1194400410016806,-0.3386327503974563,-10.755555555555556,-0.875,-18.87751572327044,-0.10743139118006363,-0.15031669453069024,Specialty Retail,Consumer Cyclical,ODP
2020Q1,2020,Q1,2020-05-06,2020-03-28,45000000.0,2725000000.0,112000000.0,0.84,629000000.0,0.2308256881,6454000000.0,2135000000.0,2700000000.0,2345000000.0,4319000000.0,929000000.0,-45000000.0,832100000.0,1819100000.0,40.283018867924525,1.1513859275053304,0.2833901456461109,0.8566744730679157,0.014853848738307017,40.283018867924525,0.02107728337236534,0.30535779816513764,4.622777777777777,0.3897423887587822,0.28888888888888886,2.256189451022605,0.015623122220886913,0.42221877905175087,0.7215351812366738,0.006972420204524326,5.104907975460122,0.23082568807339449,-0.16000000000000003,0.026415094339622747,-0.27857076810021364,0.35104576227810985,0.10157618213660245,-0.18181818181818182,0.5135135135135135,-0.4091024987251402,-0.010509208336858774,0.06170699677487866,Specialty Retail,Consumer Cyclical,ODP
2019Q4,2019,Q4,2020-02-26,2019-12-28,55000000.0,2508000000.0,74000000.0,1.0,571000000.0,0.2276714514,7311000000.0,2173000000.0,3447000000.0,3094000000.0,5138000000.0,1032000000.0,-89000000.0,1446500000.0,3372500000.0,39.50909090909091,1.1140917905623788,0.3589112296539461,1.2075471698113207,0.009284500359289634,39.50909090909091,0.025310630464795213,0.5767543859649122,6.575,0.6656695812241141,0.2545454545454545,1.876937984496124,0.009678534393363289,0.3430447271235125,0.7563025210084033,0.00752291068253317,11.572,0.22767145135566189,-0.08256880733944962,1.6666666666666667,-0.3336116910229645,0.36490381919129594,-0.14392803598200898,-0.08333333333333333,-0.3148148148148148,-0.03030303636363633,-0.10752294135779814,0.13777078940702922,Specialty Retail,Consumer Cyclical,ODP
2019Q3,2019,Q3,2019-11-06,2019-09-28,60000000.0,2782000000.0,108000000.0,1.09,667000000.0,0.2397555715,7343000000.0,2127000000.0,3460000000.0,3156000000.0,5216000000.0,1025000000.0,-144000000.0,918500000.0,2946500000.0,38.67272727272727,1.0963244613434728,0.3562576603568024,1.229901269393512,0.011761887129446104,38.67272727272727,0.028208744710860368,0.33015815959741196,3.8270833333333334,0.4318288669487541,0.23333333333333334,2.0634146341463415,0.015242242787152966,0.3788642244314313,0.7389100126742713,0.008171047255889963,5.102777777777778,0.23975557153127247,3.4772727272727275,1.0163009404388714,-0.33369735695614294,0.1658369976480212,0.14017094017094017,3.5,0.4025974025974026,-0.8231404958677686,-0.04579433260674451,0.11897831751806867,Specialty Retail,Consumer Cyclical,ODP
2019Q2,2019,Q2,2019-08-07,2019-06-29,-24000000.0,2588000000.0,77000000.0,-0.44,585000000.0,0.2260432767,7353000000.0,2082000000.0,3389000000.0,3181000000.0,5271000000.0,1113000000.0,-204000000.0,1133000000.0,3327000000.0,37.85454545454545,1.0653882426909778,0.358765129878961,1.267050912584054,0.010098746946604516,37.85454545454545,-0.011527377521613832,0.437789799072643,-11.802083333333334,0.5441882804995197,-0.5416666666666666,1.7996406109613656,0.011473962930273609,0.35196518427852574,0.6840616158440742,-0.0032639738882088943,-11.0,0.2260432766615147,-5.4,0.8764790764790764,-0.3445930273839672,0.13077508755900716,-0.0873634945397816,-4.0,0.02666666666666667,-1.1142857142857143,-0.1957737725295214,0.11935483870967728,Specialty Retail,Consumer Cyclical,ODP
2019Q1,2019,Q1,2019-05-08,2019-03-30,8000000.0,2769000000.0,75000000.0,0.1,641000000.0,0.2314915132,7471000000.0,2106000000.0,3502000000.0,3233000000.0,5365000000.0,1034000000.0,-180000000.0,1971089999.9999998,4048090000.0,38.78453038674033,1.0832044540674297,0.35885423638067193,1.2730294396961064,0.011120378092855156,38.78453038674033,0.003798670465337132,0.7118418201516792,61.59656249999999,0.9359401709401709,1.75,2.0580270793036752,0.007102669081574155,0.3706331147102128,0.737395607794618,0.0010708071208673537,140.79214285714284,0.23149151318165404,1.5000000000000002,1.072300661619262,-0.3792588005694897,0.0476962846571037,0.06478405315614617,1.5714285714285714,3.1666666666666665,-0.8241652654335815,-0.2100460820872255,0.28192096221074303,Specialty Retail,Consumer Cyclical,ODP
2018Q4,2018,Q4,2019-02-27,2018-12-29,-14000000.0,2670000000.0,18000000.0,-0.2,602000000.0,0.2254681648,6166000000.0,2126000000.0,2683000000.0,2185000000.0,4040000000.0,1065000000.0,-173000000.0,1764000000.0,2645000000.0,30.37142857142857,1.2279176201372999,0.24959455076224457,0.7238946378174976,0.0061303427640061305,30.37142857142857,-0.00658513640639699,0.6606741573033708,-31.499999999999996,0.8297271872060207,-0.9285714285714286,1.9417840375586854,0.007369614512471655,0.4330197859228025,0.7061784897025172,-0.0022705157314304248,-352.8,0.2254681647940075,-1.1818181818181817,0.9291666666666666,-0.5349766412589132,-0.37431618308981374,-0.12244897959183673,-1.2333333333333334,-0.8285714285714286,-1.6666666666666667,-0.45149759645014176,-0.052669102575528134,Specialty Retail,Consumer Cyclical,ODP
2018Q3,2018,Q3,2018-11-07,2018-09-29,60000000.0,2887000000.0,105000000.0,1.1,686000000.0,0.2376169034,6472000000.0,2197000000.0,3010000000.0,2228000000.0,4275000000.0,1023000000.0,-160000000.0,1768710000.0,2581710000.0,39.87295825771325,1.3509874326750448,0.2685414091470952,0.7910787437414656,0.018835488452051723,39.87295825771325,0.027309968138370506,0.6126463456875649,7.369625000000001,0.8050568957669549,0.23333333333333334,2.1515151515151514,0.007915373351199462,0.4460754017305315,0.8415619389587073,0.009270704573547589,6.882140077821012,0.23761690335988916,2.666666666666667,-0.8077962098405181,-0.4319275291432953,0.16689235385307624,0.15100671140939598,2.75,0.4383561643835616,8.945553539019963,-0.2218749846300641,0.38293551425486455,Specialty Retail,Consumer Cyclical,ODP
2018Q2,2018,Q2,2018-08-07,2018-06-30,16000000.0,2628000000.0,73000000.0,0.3,596000000.0,0.2267884323,6359000000.0,2156000000.0,2916000000.0,2120000000.0,4203000000.0,1122000000.0,-220000000.0,1420350000.0,2438350000.0,38.707360861759426,1.3754716981132076,0.2775593646799811,0.8186456400742115,0.012633438991510914,38.707360861759426,0.0074211502782931356,0.5404680365296803,22.19296875,0.6587894248608535,0.875,1.8110516934046346,0.009856725454993488,0.41327252712690676,0.779245283018868,0.0025161188866173927,177.54375,0.2267884322678843,-0.5714285714285714,1.1489099598837362,-0.4518378743669651,0.13900257421470277,-0.10644677661169415,-0.6097560975609756,-0.05194805194805195,1.2709094285891165,-0.2497620141121456,0.3375190392534685,Specialty Retail,Consumer Cyclical,ODP
2018Q1,2018,Q1,2018-05-09,2018-03-31,41000000.0,2830000000.0,77000000.0,0.7,667000000.0,0.2356890459,6390000000.0,2175000000.0,2928000000.0,2106000000.0,4215000000.0,1033000000.0,-236000000.0,1193250000.0,2237250000.0,39.189189189189186,1.3903133903133904,0.278716744913928,0.8188505747126437,0.011678463094034378,39.189189189189186,0.01885057471264368,0.42164310954063605,7.275914634146341,0.5486206896551724,0.34146341463414637,2.093901258470474,0.011732662895453593,0.4428794992175274,0.7972459639126306,0.006416275430359938,6.629166666666666,0.23568904593639575,1.7608695652173914,4.135997656545602,-0.47100500101316795,0.08144605920817978,0.09884678747940692,1.8541666666666667,0.3050847457627119,-0.10694694694694688,-0.28452156050814803,0.31435998267071,Specialty Retail,Consumer Cyclical,ODP
2017Q4,2017,Q4,2018-02-28,2017-12-30,-48000000.0,2581000000.0,59000000.0,-0.92,607000000.0,0.2351801627,6323000000.0,2138000000.0,2871000000.0,2046000000.0,4185000000.0,1093000000.0,-273000000.0,1840800000.0,3026800000.0,41.11538461538461,1.403225806451613,0.2859402182508303,0.8456501403180543,-0.017225229608904567,41.11538461538461,-0.02245088868101029,0.7132119333591631,-9.587499999999999,0.8609915809167447,-0.2916666666666667,1.8060384263494969,0.007605388961321164,0.40819231377510673,0.7590420332355816,-0.00759133322789815,-204.53333333333333,0.23518016272762496,-1.5411764705882354,-2.537177206261646,-0.470111931412241,0.09866828131604687,-0.04107424960505529,-1.5217391304347827,-0.4537037037037037,0.3846153846153846,-0.2746507146298378,0.4203957670953351,Specialty Retail,Consumer Cyclical,ODP
2017Q3,2017,Q3,2017-11-09,2017-09-30,92000000.0,2620000000.0,108000000.0,1.7,633000000.0,0.2416030534,5397000000.0,2042000000.0,2832000000.0,1858000000.0,3355000000.0,1110000000.0,-221000000.0,2351720000.0,2626720000.0,39.42084942084942,1.5242195909580194,0.19696127478228645,0.5205680705190989,0.03408695652173913,39.42084942084942,0.04505386875612145,0.8976030534351145,6.390543478260869,1.1516748285994123,0.14130434782608695,1.79009009009009,0.005527868963992312,0.48545488234204187,0.7970936490850377,0.017046507318880858,11.584827586206897,0.2416030534351145,2.4,1.8037464675010093,-0.47365196237708107,0.6319397049655952,0.1614678899082569,2.8333333333333335,0.5428571428571428,2.2826521102383177,-0.3337324966717938,0.1883900612809499,Specialty Retail,Consumer Cyclical,ODP
2017Q2,2017,Q2,2017-08-09,2017-07-01,24000000.0,2363000000.0,70000000.0,0.5,545000000.0,0.2306390182,5412000000.0,1975000000.0,2912000000.0,1827000000.0,3437000000.0,1228000000.0,-314000000.0,2921520000.0,3320520000.0,38.12741312741313,1.5938697318007662,0.21470805617147082,0.5883544303797469,0.0133885878227606,38.12741312741313,0.012151898734177215,1.236360558611934,30.432499999999997,1.4792506329113924,0.5416666666666666,1.480456026058632,0.004449738492291684,0.43662232076866225,0.7744937055281883,0.004434589800443459,324.61333333333334,0.23063901819720695,-0.6527777777777778,1.2269032585306305,-0.4886403965739068,0.479943562486198,-0.1925925925925926,-0.6756756756756757,-0.44881889763779526,1.1311515597229882,-0.36460552120536494,0.13892607611200586,Specialty Retail,Consumer Cyclical,ODP
2017Q1,2017,Q1,2017-05-09,2017-04-01,74000000.0,2676000000.0,127000000.0,1.44,675000000.0,0.2522421525,5435000000.0,1954000000.0,2924000000.0,1846000000.0,3481000000.0,1179000000.0,-338000000.0,2402475000.0,2831475000.0,37.94174757281554,1.5839653304442036,0.21582336706531738,0.6003070624360286,0.024838318352287593,37.94174757281554,0.037871033776867964,0.8977858744394619,8.116469594594594,1.2295163766632546,0.17567567567567569,1.6972010178117047,0.0054110864837303195,0.49236430542778287,0.7757313109425785,0.013615455381784729,33.36770833333333,0.2522421524663677,0.3980582524271844,-0.19146420271871334,-0.4961765141155593,0.295585254557201,0.033690658499234305,0.34545454545454546,1.2280701754385965,1.7051420352391224,-0.3674915600429913,0.024929980305414618,Specialty Retail,Consumer Cyclical,ODP
2016Q4,2016,Q4,2017-03-01,2016-12-31,55000000.0,2725000000.0,57000000.0,1.03,653000000.0,0.2396330275,5540000000.0,1852000000.0,2973000000.0,2031000000.0,3688000000.0,1279000000.0,-453000000.0,2410666651.6000004,2832666651.6000004,34.72500021703125,1.463810930576071,0.213898916967509,0.6398488120950324,0.021231206826493296,34.72500021703125,0.029697624190064796,0.8846483125137616,10.95757568909091,1.3016558593952485,0.23636363636363636,1.6200156372165755,0.0053926991487486175,0.4918772563176895,0.7139340226489415,0.009927797833935019,-602.6666629000001,0.23963302752293578,-0.83003300330033,0.41158108990346276,-0.5207498972469676,0.3087671225706987,-0.10055096418732783,-0.8333333333333334,-0.6524390243902439,1.3652343772827147,-0.3770842258830243,-0.2846279645061424,Specialty Retail,Consumer Cyclical,ODP
2016Q3,2016,Q3,2016-11-02,2016-09-24,330000000.0,2836000000.0,164000000.0,6.06,726000000.0,0.2559943583,5881000000.0,1849000000.0,3400000000.0,2322000000.0,4032000000.0,1216000000.0,-682000000.0,1984850000.0,2374850000.0,34.5607476635514,1.4642549526270456,0.202516578813127,0.644131963223364,0.19780701754385963,34.5607476635514,0.17847485127095727,0.69987658674189,1.5036742424242424,1.073472147106544,0.0,1.7351973684210527,0.0,0.4822309131100153,0.6541774332472007,0.05611290596837273,12.102743902439025,0.2559943582510578,0.5947368421052631,0.7033610838720007,-0.47946424518239844,0.290738751147819,-0.028112449799196786,0.5714285714285714,1.2777777777777777,0.08873567491272807,-0.4252737902944637,0.01142914782958939,Specialty Retail,Consumer Cyclical,ODP
2016Q2,2016,Q2,2016-08-03,2016-06-25,210000000.0,3218000000.0,72000000.0,3.8,747000000.0,0.2321317589,6173000000.0,1860000000.0,3845000000.0,2289000000.0,4313000000.0,1560000000.0,-727000000.0,1870000000.0,2214000000.0,33.81818181818182,1.6797728265618175,0.23683784221610238,0.7860215053763441,0.01945074792756912,33.81818181818182,0.11290322580645161,0.5811062771908018,2.2261904761904763,1.0053763440860215,0.0,1.583974358974359,0.0,0.5213024461364004,0.9493228484054173,0.034019115502996924,7.083333333333333,0.23213175885643256,3.75,6.264064787866737,-0.4012607743890951,0.3389331750702405,-0.12733644859813084,3.5652173913043477,-0.4049586776859504,2.979317955409163,-0.3202296622388833,-0.004866379711657596,Specialty Retail,Consumer Cyclical,ODP
2016Q1,2016,Q1,2016-04-26,2016-03-26,46000000.0,3544000000.0,121000000.0,0.8,856000000.0,0.2415349887,6034000000.0,1661000000.0,3696000000.0,2315000000.0,4373000000.0,1575000000.0,-937000000.0,3793589999.9999995,4388590000.0,30.255009107468123,1.5965442764578834,0.24428239973483593,0.8874172185430463,0.032280701754385965,30.255009107468123,0.027694160144491272,1.070426072234763,20.61733695652174,2.283919325707405,0.0,1.7066666666666668,0.0,0.5873384156446801,0.857451403887689,0.007623467020218761,-22.99145454545454,0.24153498871331827,1.6666666666666667,5.305806813535151,-0.39856302866913923,0.1545475271051584,0.05030674846625767,2.066666666666667,3.4814814814814814,4.556889251926306,-0.33030125869252824,-0.16509728709557053,Specialty Retail,Consumer Cyclical,ODP
2015Q4,2015,Q4,2016-02-23,2015-12-26,15000000.0,3477000000.0,27000000.0,0.3,815000000.0,0.2343974691,6442000000.0,1603000000.0,4060000000.0,2743000000.0,4839000000.0,1698000000.0,-982000000.0,2800000000.0,3240000000.0,32.06,1.4801312431644185,0.23424402359515678,0.9413599500935745,0.010174856798311727,32.06,0.009357454772301934,0.8052919183203912,46.66666666666667,1.7467248908296942,0.0,1.5677267373380448,0.0,0.5397392114250232,0.8148013124316442,0.0023284694194349582,32.55813953488372,0.23439746908254241,1.9999999999999998,1.0642728523779534,-0.3530495034997427,0.270224044422973,-0.12927350427350429,1.5,-0.8392857142857143,2.149582592035035,-0.2576064908722109,-0.14330595643236282,Specialty Retail,Consumer Cyclical,ODP
2015Q3,2015,Q3,2015-11-03,2015-09-26,6000000.0,3690000000.0,168000000.0,0.1,936000000.0,0.2536585366,6459000000.0,1580000000.0,4025000000.0,2652000000.0,4879000000.0,1586000000.0,-997000000.0,3814079999.9999995,4379080000.0,28.83211678832117,1.5177224736048265,0.23579501470815917,0.9639240506329114,0.009554321245094881,28.83211678832117,0.0037974683544303796,1.0336260162601625,158.92,2.4139746835443034,0.0,1.7364438839848675,0.0,0.571295866233163,0.8254147812971342,0.0009289363678588017,45.95277108433734,0.25365853658536586,1.0943396226415094,-0.9524163967054481,-0.35918888777339003,-0.02011332665354341,0.14987714987714987,1.103448275862069,1.1,1.0495486357702541,-0.299275529285396,0.19358859223821798,Specialty Retail,Consumer Cyclical,ODP
2015Q2,2015,Q2,2015-08-04,2015-06-27,-58000000.0,3440000000.0,80000000.0,-1.06,814000000.0,0.236627907,6360000000.0,1583000000.0,3878000000.0,2511000000.0,4777000000.0,1554000000.0,-1003000000.0,4840950000.0,5509950000.0,28.939670932358318,1.544404619673437,0.24150943396226415,0.9703095388502843,0.022203825374569924,28.939670932358318,-0.03663929248262792,1.407252906976744,-20.86616379310345,3.0580859128237523,0.0,1.6898326898326899,0.0,0.5408805031446541,0.8120270808442851,-0.009119496855345912,-36.39812030075188,0.23662790697674418,-2.325,-2.0123805479631396,-0.3585990965505802,0.11075533947149005,-0.13127001067235858,-2.2888888888888888,-0.4405594405594406,0.48072200645229546,-0.2950414684204273,0.12331459660501003,Specialty Retail,Consumer Cyclical,ODP
2015Q1,2015,Q1,2015-05-05,2015-03-28,45000000.0,3877000000.0,143000000.0,0.8,937000000.0,0.2416817127,6548000000.0,1622000000.0,4009000000.0,2639000000.0,4926000000.0,1554000000.0,-945000000.0,5026560000.0,5643560000.0,29.816176470588236,1.5191360363774158,0.2357971899816738,0.9519112207151664,0.0290361880696688,29.816176470588236,0.027743526510480888,1.2965076089760124,27.925333333333338,3.098988902589396,0.0,1.8918918918918919,0.0,0.5920891875381796,0.8063660477453581,0.006872327428222358,-68.85698630136986,0.24168171266443125,1.5333333333333332,-0.23019156123491888,-0.36379123826749227,0.054445226775906734,0.051627384960718295,1.5357142857142858,27.6,-0.5345335576809962,-0.30897075158228515,0.01812386233486613,Specialty Retail,Consumer Cyclical,ODP
2014Q4,2014,Q4,2015-02-24,2014-12-27,-84000000.0,3832000000.0,5000000.0,-1.5,891000000.0,0.2325156576,6844000000.0,1621000000.0,4218000000.0,2893000000.0,5223000000.0,1638000000.0,-990000000.0,4950400000.0,5424400000.0,28.946428571428573,1.4580020739716557,0.22574517825832846,0.9531153608883405,0.0015897890122867978,28.946428571428573,-0.05181986428130783,1.2918580375782882,-14.733333333333334,3.0539173349784083,0.0,1.7954822954822955,0.0,0.559906487434249,0.8071206360179745,-0.012273524254821741,56.25454545454546,0.23251565762004175,-4.0,0.3343818616528146,-0.39105958090926396,0.004227566143284936,-0.0972644376899696,-3.896551724137931,-0.9626865671641791,-3.053208845208845,-0.3581524220981808,0.09097577518649377,Specialty Retail,Consumer Cyclical,ODP
2014Q3,2014,Q3,2014-11-04,2014-09-27,29000000.0,4069000000.0,134000000.0,0.5,987000000.0,0.242565741,6780000000.0,1778000000.0,4089000000.0,2751000000.0,5001000000.0,1580000000.0,-906000000.0,2846160000.0,3435160000.0,33.17164179104478,1.4863685932388222,0.22920353982300884,0.8740157480314961,0.03762150021298842,33.17164179104478,0.016310461192350956,0.699474072253625,24.53586206896552,1.6007649043869516,0.0,1.950632911392405,0.0,0.6001474926253687,0.8262450018175209,0.004277286135693215,16.45179190751445,0.2425657409682969,1.1416430594900848,1.037176566889269,-0.3128494544818781,0.0661388581297554,0.11778029445073612,1.1534391534391535,3.392857142857143,-0.850589963725271,-0.25454570454842385,0.23885987408920098,Specialty Retail,Consumer Cyclical,ODP
2014Q2,2014,Q2,2014-08-05,2014-06-28,-189000000.0,3841000000.0,-56000000.0,-3.53,883000000.0,0.22988805,6973000000.0,1791000000.0,4181000000.0,2822000000.0,5181000000.0,1653000000.0,-936000000.0,3006700000.0,3801700000.0,33.47663551401869,1.4815733522324592,0.22415029399110856,0.8726968174204355,-0.016018452094476176,33.47663551401869,-0.10552763819095477,0.7827909398594116,-3.977116402116402,1.6787828029034062,0.0,1.7894736842105263,0.0,0.550838950236627,0.7349397590361446,-0.02710454610641044,-26.14521739130435,0.22988804998698256,-0.730392156862745,-0.15231736542074126,-0.3128775668374849,-0.2698604974634977,-0.13004926108374384,-0.75,-1.7088607594936709,-3.87048985045614,-0.2653087184445455,0.3254106362204203,Specialty Retail,Consumer Cyclical,ODP
2014Q1,2014,Q1,2014-05-06,2014-03-29,-108000000.0,4354000000.0,79000000.0,-2.04,1015000000.0,0.2331189711,7111000000.0,1962000000.0,4245000000.0,2721000000.0,5148000000.0,1613000000.0,-745000000.0,2178300000.0,2882300000.0,37.0188679245283,1.5600882028665932,0.2213472085501336,0.8022426095820592,0.02487521574847227,37.0188679245283,-0.05504587155963303,0.5002985760220486,-5.042361111111111,1.1102446483180428,0.0,2.070055796652201,0.0,0.6122908170440163,0.8019110621095186,-0.015187737308395444,-19.276991150442477,0.23311897106109325,0.276595744680851,-0.006048293048207082,-0.3041837019841559,-0.20295956380879773,0.289707750952986,0.1,2.4500734214390603,-9.471693912556447,-0.2346126013284011,0.4126600414060592,Specialty Retail,Consumer Cyclical,ODP
2013Q4,2013,Q4,2014-02-25,2013-12-28,-120000000.0,3486000000.0,-54480000.0,-2.82,787000000.0,0.2257601836,7477000000.0,2063000000.0,4396000000.0,2922000000.0,5413000000.0,1812000000.0,-636000000.0,2205750000.0,2834750000.0,48.54117647058823,1.5044490075290897,0.211849672328474,0.7678138633058652,-0.012583972066415408,48.54117647058823,-0.058167716917111006,0.6327452667814114,-4.5953124999999995,1.0691953465826467,-0.16435833333333333,1.489514348785872,0.008941629831123201,0.4662297712986492,0.783025325119781,-0.016049217600641968,-73.80052194860814,0.2257601835915089,-1.6878048780487807,0.9499554545858653,-0.31590317428825593,-0.02851403551552319,0.24379092301297683,-1.7458048477315102,-1.1111324164772982,0.39507903644279063,-0.23691166123605642,0.923211774719895,Specialty Retail,Consumer Cyclical,ODP
2013Q3,2013,Q3,2013-11-05,2013-09-28,160900000.0,2619448000.0,490226000.0,4.1,632743000.0,0.2415558545,3651772000.0,970434000.0,2693779000.0,1819946000.0,2681338000.0,1034313000.0,-516196000.0,1343320000.0,1113754000.0,34.17021126760564,1.480142267957401,0.13559855325031245,0.5102613882036284,0.17060375519077933,34.17021126760564,0.1658021050375399,0.5128256029514615,2.087197016780609,1.3842466360411938,0.14256059664387818,1.9207967027389194,0.017075603728076708,0.7173087476436097,0.8367764757855453,0.04406080116721416,-24.85374382504764,0.24155585451591327,3.77027027027027,24.086503171011742,-0.3117752063225106,-0.7017481428566719,0.158299299429402,3.9683060915765784,0.2188673240543215,1.4622057335746372,-0.12224023847067314,0.16130684723510838,Specialty Retail,Consumer Cyclical,ODP
2013Q2,2013,Q2,2013-07-30,2013-06-29,-54206000.0,2418619000.0,402198000.0,-1.48,546269000.0,0.2258598812,3747565000.0,954938000.0,2474684000.0,1908074000.0,2792627000.0,1090915000.0,-677096000.0,1087470000.0,1265069000.0,33.98355871886121,1.2969538917253733,0.17332694696422876,0.6802054164773002,0.24884289968359802,33.98355871886121,-0.05676389461933654,0.44962435174783627,-5.015450319152862,1.1387859735396435,-0.18761760690698448,1.7163115366458432,0.009351982123644789,0.6453841360990403,0.6386544756649899,-0.014464325502025982,-29.013900376190602,0.22585988119666636,-7.222222222222222,-25.290144144112116,-0.3485770174724119,-0.7157317697362957,-0.17193954194122454,-7.159867529730543,-0.20758062641240294,-4.4803741373567805,-0.12215145948867936,0.30434860124865737,Specialty Retail,Consumer Cyclical,ODP
2013Q1,2013,Q1,2013-04-30,2013-03-30,-6643000.0,2718260000.0,507557000.0,-0.18,659697000.0,0.2426909126,3791647000.0,1021905000.0,2497110000.0,1859328000.0,2769627000.0,1014349000.0,-622890000.0,1108260000.0,1212569000.0,36.23776595744681,1.3430174772821148,0.17237153142156958,0.6395623859360704,-118.37546073358776,36.23776595744681,-0.006500604263605716,0.40770934347707727,-41.70781273520999,1.0845039411686994,-1.5307842842089416,2.0294425291492377,0.009175644704311264,0.7169074547287762,0.7058802965372436,-0.0017520090873438376,-9.040968494558744,0.2426909125690699,-5.949806949806949,-1.0933028074785658,-0.33729066431503113,-0.69644480916111,-0.15814492428119134,0.0908717667989599,-0.8035798249018881,-1.2192220313271664,-0.13951237174786796,0.2815439089094708,Specialty Retail,Consumer Cyclical,ODP
2012Q4,2012,Q4,2013-02-20,2012-12-29,-7307000.0,2622760000.0,2584037000.0,-0.0259,783623000.0,0.2987780048,4010779000.0,1047842000.0,2696190000.0,2045968000.0,2962830000.0,1050625000.0,-616235000.0,915600000.0000001,904268000.0000001,37.42292857142857,1.317806534608557,0.16442666125458422,0.6293687407070914,1.6313638408500533,37.42292857142857,-0.006973379574401484,0.3490978968719975,-31.326125632954707,0.8737958585359245,0.0,1.7505170731707318,0.0,0.653927827985536,0.7208103939064541,-0.0018218405950564717,14.374754690321064,0.29877800484985284,0.9848538011695906,-1.3792529856088969,-0.33909461173950267,-0.6689069107916474,-0.06121903766993641,0.8820024222850222,76.41273217495507,0.8841982919785027,-0.16643811400082523,0.298299594525246,Specialty Retail,Consumer Cyclical,ODP
2012Q3,2012,Q3,2012-11-06,2012-09-29,-61925000.0,2692933000.0,33380000.0,-1.71,834724000.0,0.3099683505,3949850000.0,676938000.0,2599498000.0,2019525000.0,3272817000.0,1004925000.0,-608919000.0,717409280.0,768991280.0,24.155824691869054,1.2871828771617089,0.16990873071129284,0.9913965533032567,0.026214961920675316,24.155824691869054,-0.0914780969601352,0.26640442966832073,-2.896282922890594,1.059785800176678,0.0,1.849102171803866,0.0,0.6817810802941884,0.7196875502902911,-0.015677810549767714,3.7820288999362113,0.30996835049368104,-0.07547169811320747,-1.511607304359474,-0.33579875529114683,-0.7793148193877292,0.11883698985609814,-0.07907714290693015,1.9866690313617688,0.8481638916188187,-0.130183746023643,-0.2236301261059563,Specialty Retail,Consumer Cyclical,ODP
2012Q2,2012,Q2,2012-08-07,2012-06-30,-57387000.0,2507150000.0,-33831000.0,-1.59,746064000.0,0.2975745368,3957312000.0,724044000.0,2508210000.0,1824333000.0,3233168000.0,1122007000.0,-547007000.0,607052880.0,858928880.0,25.7627480492309,1.3748641284239227,0.17045787645755503,0.9316491815414533,-0.019423050448801257,25.7627480492309,-0.07925899530967731,0.24212866402090022,-2.6445574781744994,0.8384198750352189,0.0,1.569585572995534,0.0,0.6335487320686365,0.6753328476763837,-0.0145015101159575,-9.1549092883319,0.29757453682468143,-2.135714285714286,-1.508964169768253,-0.332140171780027,-0.7484715607565999,-0.1552468709450233,-2.159263074965154,-1.4354614493499807,0.3339530655069307,-0.14620983479681807,-0.43810362792396973,Specialty Retail,Consumer Cyclical,ODP
2012Q1,2012,Q1,2012-05-01,2012-03-31,49503000.0,2872809000.0,77690000.0,1.4,883174000.0,0.3074252413,4125149000.0,815751000.0,2628441000.0,1891901000.0,3309185000.0,1113128000.0,-489621000.0,961004400.0,1150513400.0,29.285411700508345,1.3893121257401946,0.16442630314686815,0.8314828912253862,0.042552458900242604,29.285411700508345,0.0606839587079881,0.3345173312949103,4.8532634385794795,1.178060952422982,0.0,1.7874269625775292,0.0,0.6964133901587555,0.7197062636998448,0.012000293807569134,-7.507670913962954,0.30742524128823046,0.9178082191780821,-0.6858346160478258,-0.3059060686600525,-0.7034908151634994,-0.017807216749371097,1.4325798525798525,5.330671447196871,1.8773970717119133,-0.1264605690580924,-0.3694659338745964,Specialty Retail,Consumer Cyclical,ODP
2011Q4,2011,Q4,2012-02-28,2011-12-31,20350000.0,2969695000.0,12272000.0,0.73,899186000.0,0.3027873233,4250984000.0,739071000.0,2744132000.0,2047437000.0,3511699000.0,1146974000.0,-539124000.0,598886800.0,712919800.0,26.532604325224735,1.3402766483168957,0.16107188359212832,0.926452262367215,0.018227508515253753,26.532604325224735,0.027534567044302915,0.2016660970234317,7.357331695331695,0.8103237713291416,0.4527272727272727,1.8051926198850192,0.01538354159751058,0.6985900205693553,0.7001495039896222,0.004787126933434706,4.324092418772564,0.30278732327730623,-0.7392857142857143,-0.847834169718275,-0.21971505288149648,-0.7140814449338582,0.05165493204837314,-0.7982591799508287,-0.6659771366358193,1.012948592547367,-0.11083022974583898,-0.4689858265220659,Specialty Retail,Consumer Cyclical,ODP
2011Q3,2011,Q3,2011-10-25,2011-09-24,100872000.0,2836737000.0,36740000.0,2.8,855020000.0,0.301409683,4170491000.0,745868000.0,2660865000.0,1956171000.0,3424410000.0,1124013000.0,-559474000.0,571045950.0,801320950.0,26.775943336959138,1.3602415126284972,0.1637521816975507,0.9156137547126301,0.06134044710242036,26.775943336959138,0.13524108823545186,0.20130380433575618,1.4152736884368309,0.7656126151007953,0.09133357125862479,1.763073024956117,0.016133552825302412,0.68019257204967,0.7009775730240352,0.02418708013037314,4.100073594347954,0.30140968302666055,5.999999999999999,-0.24102981974823745,-0.2625987803761993,-0.7009263815343376,0.07678086573675276,6.014515808311792,3.3152057470540046,15.756178152274307,-0.24012745822957388,-0.7662883976786083,Specialty Retail,Consumer Cyclical,ODP
2011Q2,2011,Q2,2011-07-26,2011-06-25,-20116000.0,2710141000.0,-15869000.0,-0.56,794052000.0,0.2929928738,4335024000.0,700483000.0,2755867000.0,2082105000.0,3634287000.0,1253231000.0,-660346000.0,1156491120.0,1515015120.0,25.257557619638273,1.32359655252737,0.16901382783578592,1.0459625715399232,-0.00803763040904404,25.257557619638273,-0.02871732790089124,0.4267272883587976,-14.372776894014716,1.650990987647095,-0.4579936369059455,1.5289192495238308,0.007966338729864176,0.6251732401020156,0.6380172949971303,-0.004640343398329513,-13.570653837127434,0.29299287380250694,-1.9473684210526319,-1.1721120376163765,-0.21506688265622698,-0.7219506476163174,-0.09580636492413926,-2.7320964749536176,-1.8588980298765967,-8.885242004368262,-0.26041588404982646,-0.7887236806269738,Specialty Retail,Consumer Cyclical,ODP
2011Q1,2011,Q1,2011-04-26,2011-03-26,-5390000.0,2972960000.0,18476000.0,-0.19,878188000.0,0.2953917981,4508053000.0,725844000.0,2892448000.0,2211699000.0,3781691000.0,1217192000.0,-640232000.0,1340612240.0,1594832240.0,26.2050789570592,1.3077945959192459,0.1660200090815259,1.0311127459894964,-0.00801008815444678,26.2050789570592,-0.007425838058866644,0.4509351757171304,-62.180530612244894,1.8469702029637223,-1.7092764378478664,1.7209873216386569,0.006872233241731405,0.65947760596426,0.6711071443266015,-0.0011956381169431682,-10.880974619948542,0.2953917980733007,0.5869565217391305,-1.0438002516806082,-0.17988821964119128,-0.6996645591131416,0.036167237931176884,0.9580932832629705,1.8778865342582913,-1.0770744641984042,-0.2620746161000737,-0.7804862542271702,Specialty Retail,Consumer Cyclical,ODP
2010Q4,2010,Q4,2011-02-22,2010-12-25,-128619000.0,2961932000.0,-21046000.0,-0.46,847535000.0,0.2861426258,4569437000.0,695496000.0,3027942000.0,2343445000.0,3873462000.0,1233657000.0,-634818000.0,1501785650.0,1606495650.0,25.23964188897397,1.2920900639869934,0.16023593278559262,1.0527565938553205,-0.024338822846668013,25.23964188897397,-0.18493132958349148,0.5070290776425658,-2.9190587121653877,2.159301635092078,-0.06959313942730079,1.7139261561357817,0.00596023806726346,0.6482050195680562,0.679028097523091,-0.02814766895790444,-61.44785801963994,0.2861426258266564,-1.3833333333333333,-2.366587442080887,-0.10078458886510994,-0.7133221132324076,0.0221326293472008,-3.0255917602406415,-3.5316973415132926,-7.7833091904732346,-0.24159286831619373,-0.7766964980417638,Specialty Retail,Consumer Cyclical,ODP
2010Q3,2010,Q3,2010-10-27,2010-09-25,63497000.0,2899717000.0,8313000.0,1.2,829183000.0,0.2859530775,4700937000.0,811971000.0,3024482000.0,2296037000.0,3891261000.0,1183854000.0,-506715000.0,1269397600.0,1321319600.0,29.423929901868412,1.3172618733931551,0.1554241207657112,0.8998338610615404,0.021277124678850522,29.423929901868412,0.07820106875738173,0.4377660302712299,4.997864466037766,1.563353370994777,0.1492196481723546,1.748977492156972,0.007464170406498326,0.61683808993824,0.730610612982282,0.013507307160253371,11.640509857863366,0.2859530774899757,4.428571428571428,2.4989474724000793,-0.06164778866703671,-0.6885803271469255,0.08151294920489169,7.552161799607884,1.3061540161308143,-0.46726514542853925,-0.27369850995654216,-0.7311859409667625,Specialty Retail,Consumer Cyclical,ODP
2010Q2,2010,Q2,2010-07-27,2010-06-26,-9691000.0,2699475000.0,-27153000.0,-0.35,766688000.0,0.2840137434,4520142000.0,717320000.0,2859050000.0,2192643000.0,3798671000.0,1176018000.0,-570215000.0,1260965600.0,1406278600.0,26.05404620078454,1.3039286377216903,0.15998457570580749,1.0081316567222438,-0.004676443560052318,26.05404620078454,-0.013510009479730106,0.4671151242371202,-32.52929522237127,1.7578843472927006,0.0,1.6435012049135302,0.0,0.5972102203868817,0.6853395650819581,-0.002143959194202306,-20.295599549332046,0.28401374341307106,-1.4999999999999998,-1.1104916323164054,-0.08418628248398272,-0.7501448730023667,-0.1609259180218248,-1.3288652097190172,-1.489216799091941,-1.087735891484108,-0.26596067877215634,-0.7456275408067576,Specialty Retail,Consumer Cyclical,ODP
2010Q1,2010,Q1,2010-04-27,2010-03-27,29468000.0,3071970000.0,55503000.0,0.7,913731000.0,0.2974413813,4634801000.0,775439000.0,2985052000.0,2222290000.0,3854673000.0,1142478000.0,-560727000.0,2251452930.0,2308385930.0,28.27664795994647,1.343232431410842,0.15539653158787184,0.928805489535605,0.024456690603306585,28.27664795994647,0.03800169968237347,0.7329019912303831,19.100829119723088,2.903455887568203,0.0,1.889085829223845,0.0,0.6628051560358255,0.7528004895850676,0.006357986027879082,201.1303314275505,0.2974413812634889,4.181818181818182,-0.7093016445485358,-0.05631425420749144,-0.7324530107355358,0.06526369540810795,1.47928695737033,2.1762100534034077,-0.8100391783148174,-0.24609776451522067,-0.713704354842077,Specialty Retail,Consumer Cyclical,ODP
2009Q4,2009,Q4,2010-02-23,2009-12-26,-61483000.0,3065855000.0,-47188000.0,-0.22,857751000.0,0.2797754623,4890346000.0,786415000.0,3206329000.0,2428205000.0,4101104000.0,1252929000.0,-590195000.0,1923437400.0,1986124400.0,28.82457079185421,1.3204523506046648,0.14775743883970582,0.9188342033150436,-0.02522384816126745,28.82457079185421,-0.07818136734421394,0.6273738973304347,-7.821013125579428,2.445830000699376,0.0,1.7623536529204766,0.0,0.6269198539326256,0.7334874938483366,-0.012572321058673558,-69.92029517612417,0.27977546230986133,0.9848797250859106,-2.3963095593092154,0.006189980880175259,-0.7221758334984314,-0.002757745113198926,0.8459246450901527,-0.43988770901989505,-1.4693805812575733,-0.1775484305523911,-0.6893829369258924,Specialty Retail,Consumer Cyclical,ODP
2009Q3,2009,Q3,2009-10-29,2009-09-26,-399045000.0,3029207000.0,-32772000.0,-14.55,860123000.0,0.2839432894,4905236000.0,853122000.0,3224504000.0,2376039000.0,4049040000.0,1176659000.0,-528575000.0,1675325340.0,1709729340.0,31.11380993019541,1.3570922026111525,0.14826809556155912,0.8525040967177028,-0.20358574856992304,31.11380993019541,-0.46774669976861455,0.5530573975301126,-1.0495842198248317,1.9637582198091248,0.0,1.843426175298026,0.0,0.617545618600206,0.781926980154787,-0.08135082593375731,11.922835731670865,0.28394328944836056,-3.7394136807817593,-6.0578770361677,0.03776605319790401,-0.684172652955457,0.12574471760936487,-3.8156618072987065,0.6653493857794933,-4.0502483594198075,-0.20003133196188902,-0.652474626086015,Specialty Retail,Consumer Cyclical,ODP
2009Q2,2009,Q2,2009-07-28,2009-06-27,-82864000.0,2824141000.0,-97929000.0,-3.07,764048000.0,0.2705417329,5266640000.0,1239270000.0,3361651000.0,2360818000.0,4023782000.0,1264355000.0,-130541000.0,1243334000.0,1416381000.0,45.849642976062746,1.4239348395344325,0.13894190603496726,0.5904742307971629,-0.03625938637561944,45.849642976062746,-0.06686517062464192,0.4402520978945456,-3.7511283548947674,1.003279349939884,0.0,1.6293627976319942,0.0,0.5362320188962982,0.7183095011983135,-0.015733750550635698,-86.91604334148899,0.27054173286673716,-0.5123152709359606,-2.1991479714308393,0.03204797516297712,-0.520317474283878,-0.1606284783941327,-0.4975782548977084,-0.6198124286683097,-1.7274644620545254,-0.1607266913664861,-0.4952614291333889,Specialty Retail,Consumer Cyclical,ODP
2009Q1,2009,Q1,2009-04-28,2009-03-28,-55332000.0,3225264000.0,-60457000.0,-2.03,910262000.0,0.2822286796,4851495000.0,1268791000.0,2873763000.0,2261605000.0,3582704000.0,1128061000.0,-48469000.0,398841340.0,952459340.0,46.44540758989527,1.2706741451314443,0.15038148034781032,0.5750159009639886,-0.020732858512558586,46.44540758989527,-0.04361001930183931,0.12366161033639417,-1.8020374286127376,0.31434754817775346,0.0,2.052195758917293,0.0,0.6647979643388275,0.5969800208259178,-0.011405144187513334,5.9624669616695565,0.2822286795747573,0.6400709219858156,-1.543793083723837,0.016064892033399725,-0.5035781290683039,0.09786255822424203,0.9640470405994499,0.627268803945746,-1.4559053795544656,-0.09788945159995494,-0.4676909011211601,Specialty Retail,Consumer Cyclical,ODP
2008Q4,2008,Q4,2009-02-24,2008-12-27,-1539011000.0,3270597000.0,-162200000.0,-5.64,829122000.0,0.2535078458,5268226000.0,1362950000.0,3122387000.0,2625744000.0,3900393000.0,1331593000.0,6270000.0,799233680.0,1524208680.0,49.96590609144499,1.189143724597676,0.16717581971616252,0.6461865805788913,-0.0666891247330122,49.96590609144499,-1.1291764187974613,0.24436935519723157,-0.1298291045353152,0.586399853259474,0.0,1.833499425124644,0.0,0.6208156218051389,0.5375543084169667,-0.2921307855813323,-38.38962870454873,0.2535078458153053,-21.56,-39.28517512023763,0.1461606120770234,-0.44418236844281345,-0.19065910091454755,-228.7717229023589,-75.09776153494747,-17.518831081544054,0.00304630643468857,-0.43247529296439935,Specialty Retail,Consumer Cyclical,ODP
2008Q3,2008,Q3,2008-10-29,2008-09-27,-6698000.0,3657857000.0,2189000.0,-0.25,1024441000.0,0.2800658965,7219413000.0,3127016000.0,3616419000.0,2980174000.0,4085095000.0,1460499000.0,1545281000.0,1588504980.0,2134257980.0,114.56831013523168,1.2134925678836201,0.1302497862360832,0.30071064554834387,0.0006986029336443926,114.56831013523168,-0.002141978167044876,0.4342720286769002,-59.290272469393855,0.507993876590334,0.0,1.803093326322031,0.0,0.5066695865716506,0.6190222450098551,-0.0009277762610339649,6.926600416859253,0.2800658965071625,-2.405994550408719,-1.081800938755917,0.26559865913730174,0.3100644006519421,0.04161091431151095,-2.3456543456543457,1.2210218093699516,0.8401352931826902,0.19677149212980816,0.2125785298101129,Specialty Retail,Consumer Cyclical,ODP
2008Q2,2008,Q2,2008-07-30,2008-06-28,-2002000.0,3605073000.0,-9904000.0,-0.0734,983516000.0,0.2728144479,7318382000.0,3261794000.0,3541006000.0,2856309000.0,4051333000.0,1647044000.0,1551979000.0,3012208800.0,3768138800.0,119.5475086587623,1.2397139105047807,0.12469108608979416,0.27976536838316585,-0.0012405162435213096,119.5475086587623,-0.0006137726662076146,0.835547241345737,-376.14995004995006,0.9234822309440757,0.0,1.591673932208247,0.0,0.4926051960665623,0.5700773270679048,-0.0002735577344828406,-23.144665647306507,0.2728144478627756,-1.02936,-1.0386184171767139,0.4727091777804769,0.48632155294446733,-0.1584385802786049,-1.0291102612944034,-1.0941471714972861,-1.0230327943742665,0.23413781347150295,0.1464460348307162,Specialty Retail,Consumer Cyclical,ODP
2008Q1,2008,Q1,2008-04-29,2008-03-29,68773000.0,3962017000.0,105197000.0,2.5,1168680000.0,0.2949709706,7353052000.0,3251781000.0,3666122000.0,2889170000.0,4084993000.0,1644090000.0,3852578000.0,3031745220.0,3599064220.0,119.37784973237297,1.268918755213435,0.1018411130507441,0.23028703347488652,0.018134193821296704,119.37784973237297,0.021149333242306292,0.7652024764154217,11.020841100431854,0.9323337641741556,0.0,1.6990170854393616,0.0,0.5388261908116521,0.6075056157996933,0.009352987031779458,142.4960152284264,0.29497097059401817,35.33720930232558,-0.018184624784205496,0.4658742238622866,0.5355725707180344,0.1429230853485843,2.6632044316608074,5.7061691942915935,-0.31698213904038663,0.22531834921721025,0.12952512355790816,Specialty Retail,Consumer Cyclical,ODP
2007Q4,2007,Q4,2008-02-26,2007-12-29,18774000.0,3866927000.0,-22353000.0,0.0688,1022536000.0,0.264431162,7256540000.0,3083844000.0,3715714000.0,2973416000.0,4157132000.0,1717662000.0,3783805000.0,3724237744.5,4316741744.5,113.0284194723219,1.2496448529233717,0.1123755949805279,0.2644290696935383,0.0062401092864768,113.0284194723219,0.006087856584185192,0.9631000907180302,49.59302418903803,1.2076608753555627,0.0,1.6559666570023672,0.0,0.5328885391660488,0.5833812019576138,0.002587183423504866,-21.913597122111668,0.2644311620053857,-0.9839999999999999,-0.6656074754116816,0.5240905929716915,0.503613869092022,-0.08303837651943487,-0.8402049571020019,-1.1828421388432186,-0.5736486249801113,0.2690494479754014,0.08941869967970759,Specialty Retail,Consumer Cyclical,ODP
2007Q3,2007,Q3,2007-11-20,2007-09-29,117488000.0,3935411000.0,122253000.0,4.3,1115135000.0,0.2833592222,6946171000.0,2977419000.0,3553590000.0,2832698000.0,3953753000.0,1608697000.0,3765031000.0,5608928680.0,6052964680.0,109.45829994044425,1.2544895361242179,0.09085192403123965,0.21195303717750172,0.03544881142475705,109.45829994044425,0.039459679675584794,1.4252459730381402,11.935109713332425,1.8838224247242323,0.0,1.75314307169094,0.0,0.566558324003253,0.607131787433747,0.016914066757066592,105.96479785385023,0.28335922220067994,0.13157894736842105,0.4893756769935181,0.5322564923350657,0.506366443653434,0.01209741097797616,0.07712053980710697,-0.20819057365104243,0.5010895256934106,0.35902452470125285,0.11107976039433431,Specialty Retail,Consumer Cyclical,ODP
2007Q2,2007,Q2,2007-07-26,2007-06-30,109076000.0,3631599000.0,154397000.0,3.8,1101806000.0,0.3033941798,6646967000.0,2784715000.0,3406650000.0,2748729000.0,3847515000.0,1615598000.0,3665774000.0,8237933700.0,8748223700.0,102.42479191110752,1.2393546253559373,0.09522914736901808,0.22730692368877964,0.0334116596433504,102.42479191110752,0.039169537995809266,2.268404000551823,18.881178490226997,2.958268153114412,0.0,1.56585549127939,0.0,0.5463542996377144,0.5782341584055758,0.016409890405654187,-139.34022936012585,0.30339417980894917,-0.30909090909090914,1.167584494906499,0.5541298190287215,0.47460469876584377,-0.13412841989120475,-0.30009496676163344,-0.32023528065054396,0.5692437264076187,0.319367289331531,0.07157612776873469,Specialty Retail,Consumer Cyclical,ODP
2007Q1,2007,Q1,2007-04-26,2007-03-31,155844000.0,4093600000.0,227133000.0,5.5,1272482000.0,0.3108466875,6735493000.0,2721049000.0,3537393000.0,2926277000.0,3998342000.0,1582430000.0,3556698000.0,9681105140.0,10097127140.0,98.7673003001804,1.2088373725385533,0.0905947047974068,0.22425174996848643,0.04718945754248756,98.7673003001804,0.05727350003619928,2.3649367647058823,15.530121692205025,3.5578577012027344,0.0,1.782775857383897,0.0,0.6077654597814889,0.5812060854115998,0.023137727260647438,76.25679490209052,0.31084668751221417,11.222222222222221,0.6715632920307151,0.48315045708837057,0.5103389319046622,0.05982494525895492,0.1540580568720379,0.27062436715764976,0.5186983787784801,0.27875019145239993,0.055653304516490414,Specialty Retail,Consumer Cyclical,ODP
