Quarters,Year,Quarter,FillingDate,Date,NetIncome,Revenue,OperatingIncome,EPSDiluted,GrossProfit,GrossProfitRatio,TotalAssets,CommonStockEquity,CurrentAssets,CurrentLiability,TotalLiability,Inventory,RetainedEarnings,MarketCap,EnterpriseValue,bookValuePerShare,currentRatio,debtToAssets,debtToEquity,roic,shareholdersEquityPerShare,roe,priceToSalesRatio,peRatio,pbRatio,payoutRatio,inventoryTurnover,dividendYield,assetTurnover,quickRatio,returnOnAssets,priceToFreeCashFlowsRatio,grossProfitMargin,epsdilutedGrowth,fiveYNetIncomeGrowthPerShare,fiveYRevenueGrowthPerShare,fiveYShareholdersEquityGrowthPerShare,grossProfitGrowth,netIncomeGrowth,operatingIncomeGrowth,threeYNetIncomeGrowthPerShare,threeYRevenueGrowthPerShare,threeYShareholdersEquityGrowthPerShare,Industry,Sector,Symbol
2023Q1,2023,Q1,2023-05-12,2023-03-31,2432555.0,0.0,676362.0,0.0713,0.0,0.0,28369342.0,16326114.0,145981.0,2350957.0,12043228.0,0.0,-5420457.0,69118875.0,69082927.0,2.3738442748091604,0.06209428756034245,0.0,0.0,0.033188390162653875,2.3738442748091604,0.14899779580125436,0.0,7.103526436195687,4.233639125636389,0.0,0.0,0.0,0.0,0.015290794344600943,0.08574590838236572,-200.81137891562415,0.0,-0.7029166666666666,-0.690226888869674,0.0,-0.9373168512332589,0.0,0.5250526154766301,2.4845229132874898,-0.690226888869674,0.0,-0.9373168512332589,Shell Companies,Financial Services,BACA
2022Q4,2022,Q4,2023-03-27,2022-12-31,1595063.0,0.0,-455609.0,0.24,0.0,0.0,279195780.0,267247676.0,413381.0,1468703.0,11948104.0,0.0,-7853012.0,345250469.88,345000016.88,7.771652470082367,0.28145990033383195,0.0,0.0,-0.0013113564060655283,7.771652470082367,0.005968482210487024,0.0,54.1123563583382,1.2918745451691036,0.9717685132186001,0.0,0.004489586938256016,0.0,0.17052664834210865,0.005713062711764483,-4040.710998911555,0.0,2.260869565217391,-0.9825396697147482,0.0,4.089989289956873,0.0,-0.36963175697438355,-0.7192208566501515,-0.9825396697147482,0.0,4.089989289956873,Shell Companies,Financial Services,BACA
2022Q3,2022,Q3,2022-11-10,2022-09-30,2530367.0,0.0,-265009.0,0.0736,0.0,0.0,277082622.0,265652613.0,427462.0,738659.0,11430009.0,0.0,-9448075.0,67674600.0,67527124.0,38.62633413304253,0.5787000496846312,0.0,0.0,-0.0009012088861150553,38.62633413304253,0.009525097349597687,0.0,6.686243537004711,0.2547484823723529,0.6125720103052245,0.0,0.022904191528283876,0.0,374.7366998845205,0.00913217502323188,-1578.8950585600298,0.0,-0.5093333333333333,2.472671426007551,0.0,0.28984266686241256,0.0,-0.5170639686736397,-1.5624953569177151,2.472671426007551,0.0,0.28984266686241256,Shell Companies,Financial Services,BACA
2022Q2,2022,Q2,2022-08-03,2022-06-30,5239549.0,0.0,471131.0,0.15,0.0,0.0,276098512.0,263122246.0,595717.0,371786.0,12976266.0,0.0,-11978442.0,67124400.0,66934062.0,38.25841454016721,1.6023115448134142,0.0,0.0,0.0035168081947893415,38.25841454016721,0.01991298371632173,0.0,3.2027756587446743,0.2551072781584572,0.0,0.0,0.0,0.0,0.5119558025315638,0.018977099738951148,-243.1717487148462,0.0,-0.3478260869565218,0.0,0.0,0.0,0.0,-0.3327709364640107,0.09341833786283388,0.0,0.0,0.0,Shell Companies,Financial Services,BACA
2022Q1,2022,Q1,2022-05-12,2022-03-31,7852699.0,0.0,430879.0,0.23,0.0,0.0,276125959.0,260454593.0,998379.0,303476.0,15671366.0,0.0,-14646095.0,67055625.0,66589250.0,37.870533333333334,3.2898120444450303,0.0,0.0,0.003145089496149253,37.870533333333334,0.030149973204734386,0.0,2.134795469685009,0.2574561048343655,0.0,0.0,0.0,0.0,1.5367772080823525,0.028438829251834306,-328.08165392123766,0.0,-0.9135338345864662,0.0,0.0,0.0,0.0,-0.6040428906612259,-0.20834466336931998,0.0,0.0,0.0,Shell Companies,Financial Services,BACA
2021Q4,2021,Q4,2022-03-31,2021-12-31,19832196.0,0.0,544276.0,2.66,0.0,0.0,276440014.0,-18775970.0,1084100.0,209104.0,276440014.0,0.0,-18776658.0,72189238.26,71518476.26,-2.515106604201478,5.1845014920804955,0.0,0.0,-0.05642721438703681,-2.515106604201478,-1.056254137602478,0.0,0.9100005649903824,-3.8447674479667358,1.4223472781329913,0.0,0.39075450413264967,0.0,3.2077913382814294,0.07174140860808957,-85.15231592208228,0.0,11.64,0.0,0.0,0.0,0.0,11.633537455343284,4.591869596779516,0.0,0.0,0.0,Shell Companies,Financial Services,BACA
2021Q3,2021,Q3,2021-11-12,2021-09-30,-1865061.0,0.0,-151530.0,-0.25,0.0,0.0,251515829.0,223559299.0,1265043.0,151530.0,27956530.0,0.0,-26441420.0,72413196.6,71694025.6,29.94654706763767,8.348465650366265,0.0,0.0,-0.0006778067415571919,29.94654706763767,-0.008342578494129203,0.0,-9.706545335514495,0.32391046547341334,,0.0,,0.0,4.746063485778394,-0.007415282797171386,0.0,0.0,0.0,0.0,0.0,0.0,0.0,0.0,0.0,0.0,0.0,0.0,Shell Companies,Financial Services,BACA
2021Q2,2021,Q2,2021-11-12,2021-06-30,,,,,,,142300.0,22300.0,25000.0,120000.0,120000.0,0.0,-2700.0,0.0,-10000.0,0.0,0.20833333333333334,0.10541110330288124,0.672645739910314,,0.0,,0.0,0.0,0.0,0.0,0.0,,,0.20833333333333334,,0.0,0.0,0.0,0.0,0.0,0.0,0.0,0.0,0.0,0.0,0.0,0.0,Shell Companies,Financial Services,BACA
