Quarters,Year,Quarter,FillingDate,Date,NetIncome,Revenue,OperatingIncome,EPSDiluted,GrossProfit,GrossProfitRatio,TotalAssets,CommonStockEquity,CurrentAssets,CurrentLiability,TotalLiability,Inventory,RetainedEarnings,MarketCap,EnterpriseValue,bookValuePerShare,currentRatio,debtToAssets,debtToEquity,roic,shareholdersEquityPerShare,roe,priceToSalesRatio,peRatio,pbRatio,payoutRatio,inventoryTurnover,dividendYield,assetTurnover,quickRatio,returnOnAssets,priceToFreeCashFlowsRatio,grossProfitMargin,epsdilutedGrowth,fiveYNetIncomeGrowthPerShare,fiveYRevenueGrowthPerShare,fiveYShareholdersEquityGrowthPerShare,grossProfitGrowth,netIncomeGrowth,operatingIncomeGrowth,threeYNetIncomeGrowthPerShare,threeYRevenueGrowthPerShare,threeYShareholdersEquityGrowthPerShare,Industry,Sector,Symbol
2023Q1,2023,Q1,2023-05-05,2023-03-31,-87000000.0,11047000000.0,-1273000000.0,-0.12,9067000000.0,0.8207658188,536627000000.0,43317000000.0,66006000000.0,22100000000.0,490321000000.0,0.0,34690000000.0,37198989514.08,61320989514.08,58.642563910890985,2.9866968325791854,0.0485346432438174,0.6012650922270703,-0.006912164563328025,58.642563910890985,-0.0020084493385968557,3.3673385999891376,-106.89364802896552,0.8587619067359236,-2.7701149425287355,0.0,0.006478670607672833,0.02058599362313115,11.769049773755656,-0.00016212378430455418,74.84706139653925,0.8207658187743279,-1.5,-1.114007570196934,0.157021765264623,-0.15204787942623205,2.706868356500409,-1.467741935483871,-2.9405487804878048,-1.058871024709988,-0.09714511425618237,-0.1480210614553537,Insurance—Diversified,Financial Services,AIG
2022Q4,2022,Q4,2023-02-17,2022-12-31,186000000.0,11641000000.0,656000000.0,0.24,2446000000.0,0.2101194055,526634000000.0,40002000000.0,61981000000.0,51682000000.0,484399000000.0,-179461000000.0,33032000000.0,49239999502.32,74375999502.32,51.37543674997009,1.1992763437947447,0.05160889726071617,0.6794410279486026,0.006509777069905678,51.37543674997009,0.004649767511624419,4.229877115567391,66.18279503000001,1.2309384406359682,1.3064516129032258,-0.051236758961557105,0.004935012235094576,0.022104535597777582,4.911148949344065,0.00035318646346418957,260.529097895873,0.21011940554935143,-0.9314285714285714,1.0325668109647432,0.07487470861749283,-0.2842459093199762,-0.8052392706425671,-0.9313399778516057,-0.8269129287598944,-0.7752039762907179,0.10520746416578523,-0.31613084044116085,Insurance—Diversified,Financial Services,AIG
2022Q3,2022,Q3,2022-11-02,2022-09-30,2709000000.0,14652000000.0,3790000000.0,3.5,12559000000.0,0.8571526072,522932000000.0,39023000000.0,62787000000.0,54932000000.0,481931000000.0,-172750000000.0,33009000000.0,36229684365.36,64365684365.36,51.14071713446983,1.1429949756062041,0.058191122363902,0.7797965302513902,0.04313625462824654,51.14071713446983,0.06942059810880763,2.4726784306142506,3.3434555523588037,0.9284187367798478,0.09117755629383537,-0.01211577424023155,0.0068176139076762746,0.028018939364965235,4.554722201995194,0.005180405865389764,10.696688622781222,0.8571526071526071,-0.07407407407407403,2.8550702471740945,0.44653358980059316,-0.3587530459427768,0.02790964151252251,-0.10770750988142293,-0.10401891252955082,3.7463047598523156,0.3015074315668172,-0.3163286052765996,Insurance—Diversified,Financial Services,AIG
2022Q2,2022,Q2,2022-08-09,2022-06-30,3036000000.0,14441000000.0,4230000000.0,3.78,12218000000.0,0.846063292,538938000000.0,45344000000.0,259559000000.0,14353000000.0,492114000000.0,0.0,30550000000.0,40438579000.130005,66498579000.130005,57.33234889367766,18.083954573956664,0.05276673754680501,0.6271612561750176,0.04501834626549936,57.33234889367766,0.06695483415666902,2.8002616854878473,3.3299225131859354,0.8918176384996913,0.08432147562582346,0.0,0.006330588421496636,0.026795289996251886,18.083954573956664,0.005633301047615866,70.45048606294426,0.8460632920157883,-0.32978723404255317,2.1448320691594573,0.34451927121458525,-0.2801567279256186,-0.22841806125670983,-0.3479381443298969,-0.2581550333216415,2.033500107534317,0.27535521862486134,-0.2214771026830995,Insurance—Diversified,Financial Services,AIG
2022Q1,2022,Q1,2022-05-05,2022-03-31,4656000000.0,15835000000.0,5702000000.0,5.64,15835000000.0,1.0,573513000000.0,55944000000.0,284301000000.0,0.0,515410000000.0,0.0,27764000000.0,51240046916.21,78641046916.20999,68.5324290538284,0.0,0.05220108349767137,0.5351422851422851,0.05297819708263547,68.5324290538284,0.08322608322608323,3.2358728712478686,2.7512911789202104,0.9159167545440082,0.056915807560137456,0.0,0.005171736092149559,0.027610533675784157,0.0,0.008118386156896182,898.9481915124561,1.0,0.18736842105263152,3.7207131485048666,0.5019562673149075,-0.09253470651005259,0.13798059647862018,0.13395031660983925,0.14383149448345034,6.634418852165003,0.36064315844728667,-0.013076330479354087,Insurance—Diversified,Financial Services,AIG
2021Q4,2021,Q4,2022-02-17,2021-12-31,4106000000.0,13915000000.0,4985000000.0,4.75,13915000000.0,1.0,593156000000.0,65956000000.0,305166000000.0,0.0,527200000000.0,0.0,23785000000.0,48488232854.18,76453232854.18,77.34367575898786,0.0,0.05085171523174342,0.4573200315361756,0.042184753681834136,77.34367575898786,0.06225362362787313,3.484601714278117,2.952279155758646,0.735160301628055,0.06600097418412079,0.0,0.00558898487422682,0.02345925860987666,0.0,0.0069222936293319125,201.195986946805,1.0,1.4739583333333335,2.552899692574683,0.2239091394249875,-0.005807115669907651,0.08414491624464356,1.4631073785242952,0.0,7.776371528916042,0.13554864210100784,0.2012800591508104,Insurance—Diversified,Financial Services,AIG
2021Q3,2021,Q3,2021-11-05,2021-09-30,1667000000.0,12835000000.0,0.0,1.92,12835000000.0,1.0,594800000000.0,64863000000.0,0.0,0.0,529141000000.0,0.0,20320000000.0,46808285286.07,75659285286.07,76.0619631383836,0.0,0.05304303967720242,0.48640981761558977,0.0,76.0619631383836,0.02570032221759709,3.6469252268071677,7.019838825145471,0.7216484788873472,0.16556688662267546,0.0,0.005896392023617595,0.021578681909885676,0.0,0.0028026227303295224,15.84572961613744,1.0,16.454545454545453,3.5328731171039904,0.24741700384709048,-0.08095971659423,0.2101640580803319,15.83838383838384,0.0,2.3900120521340686,0.17075758209874575,0.16228298570241836,Insurance—Diversified,Financial Services,AIG
2021Q2,2021,Q2,2021-08-06,2021-06-30,99000000.0,10606000000.0,0.0,0.11,10606000000.0,1.0,598250000000.0,66083000000.0,0.0,0.0,531342000000.0,0.0,18935000000.0,41075512315.6,74042512315.6,76.57970948314518,0.0,0.059719180944421225,0.5406382882133075,0.0,76.57970948314518,0.0014981160056292844,3.872856148934565,103.7260412010101,0.6215745700951834,2.8484848484848486,0.0,0.006865404327358802,0.01772837442540744,0.0,0.000165482657751776,18.928807518709675,1.0,-0.9750566893424035,-0.9332165728298916,-0.07808550298411644,-0.05189513782049358,-0.26439173255652654,-0.9744582043343654,0.0,-0.8894112514159653,-0.047686005953947216,0.13045434693748906,Insurance—Diversified,Financial Services,AIG
2021Q1,2021,Q1,2021-05-07,2021-03-31,3876000000.0,14418000000.0,0.0,4.41,14418000000.0,1.0,584390000000.0,62679000000.0,0.0,0.0,520830000000.0,0.0,19121000000.0,40115135238.49,72967135238.48999,72.20208962977499,0.0,0.06100035934906484,0.5687391311284481,0.0,72.20208962977499,0.061838893409275834,2.782295411186711,2.587405523638416,0.6400091775313901,0.07301341589267286,0.0,0.0070546939033740265,0.024671880080083506,0.0,0.0066325570252742175,62.67989881014062,1.0,73.91666666666667,29.217869509797854,0.6133577704225018,-0.056630114802682534,0.4845551894563427,74.13207547169812,0.0,3.321866371278799,0.2849177396784483,0.04401838747119606,Insurance—Diversified,Financial Services,AIG
2020Q4,2020,Q4,2021-02-19,2020-12-31,-53000000.0,9712000000.0,0.0,-0.06048,9712000000.0,1.0,586481000000.0,66362000000.0,0.0,0.0,519282000000.0,0.0,15504000000.0,32866457912.34,67573457912.34,76.4446636355259,0.0,0.06399866321330103,0.5655947680901721,0.0,76.4446636355259,-0.0007986498297218288,3.3841081046478583,-155.03046185066037,0.4952602078349055,-5.339622641509434,0.0,0.008610602358027306,0.01655978625053497,0.0,-9.036950898665088e-05,-27.526346660251257,1.0,-1.1889999999999998,0.9616457386510996,-0.0934007011591812,-0.013897723276887628,-0.0508209538702111,-1.1840277777777777,0.0,0.9916767671393625,-0.19567768996316331,0.06501441484714926,Insurance—Diversified,Financial Services,AIG
2020Q3,2020,Q3,2020-11-06,2020-09-30,288000000.0,10232000000.0,0.0,0.32,10232000000.0,1.0,577230000000.0,64108000000.0,0.0,0.0,512623000000.0,0.0,15838000000.0,23888147369.24,58934147369.240005,73.88154521654519,0.0,0.06624222580253972,0.5964466213265115,0.0,73.88154521654519,0.004492419042865165,2.334650837494136,20.73623903579861,0.37262350048730264,0.9826388888888888,0.0,0.011846879359276308,0.01772603641529373,0.0,0.0004989345668104568,26.33753844458655,1.0,1.0349726775956285,2.8378052828049944,0.17393483853832178,-0.04544620585447614,0.0864302399660225,1.0363269424823411,0.0,1.1734288820859864,-0.11167941472095184,-0.07360869213900674,Insurance—Diversified,Financial Services,AIG
2020Q2,2020,Q2,2020-08-04,2020-06-30,-7928000000.0,9418000000.0,0.0,-9.15,9418000000.0,1.0,569388000000.0,62234000000.0,0.0,0.0,506570000000.0,0.0,15847000000.0,27032071749.9,62904071749.9,71.78347771317891,0.0,0.06898635025676692,0.6311662435324742,0.0,71.78347771317891,-0.12739017257447696,2.870256078774687,-0.85242405871279,0.43436179178423373,-0.035696266397578204,0.0,0.010469045902892993,0.016540566362480417,0.0,-0.013923721609868841,20.188253734055266,1.0,-5.621212121212122,-7.7524957287465215,-0.08522392907171157,-0.08485163575391261,-0.3496305503763552,-5.532875929102344,0.0,-8.491628042208818,-0.20008227103588075,-0.09871382430606504,Insurance—Diversified,Financial Services,AIG
2020Q1,2020,Q1,2020-05-05,2020-03-31,1749000000.0,14481000000.0,0.0,1.98,14481000000.0,1.0,510477000000.0,60173000000.0,0.0,0.0,448634000000.0,0.0,24062000000.0,21199680527.5,53871680527.5,68.8310018685021,0.0,0.06936649447477555,0.5884699117544414,0.0,68.8310018685021,0.02906619247835408,1.4639652322008148,3.0302573652801605,0.35231217535273296,0.16180674671240708,0.0,0.013349257769846834,0.028367585611104907,0.0,0.0034262072532161097,-1514.2628948214285,1.0,0.8679245283018867,0.10729265866853294,0.4122991559485066,-0.12927677301444168,0.22450532724505326,0.8826695371367062,0.0,0.6558624818750073,0.2825597011254015,-0.08858118449665392,Insurance—Diversified,Financial Services,AIG
2019Q4,2019,Q4,2020-02-21,2019-12-31,929000000.0,11826000000.0,0.0,1.06,11826000000.0,1.0,525064000000.0,65675000000.0,0.0,0.0,457637000000.0,0.0,23084000000.0,44873385627.9,77367385627.9,75.12465803124117,0.0,0.06732512607986836,0.5382565664255805,0.0,75.12465803124117,0.014145413018652455,3.7944685969812277,12.07572272010226,0.6832643414982871,0.3078579117330463,0.0,0.006373488338312046,0.02252296862858623,0.0,0.0017693081224384075,-322.8301124309353,1.0,0.4722222222222224,1.2161144240335982,0.1839577664597778,-0.04005076242356323,-0.08601901228843033,0.41615853658536583,0.0,1.3427299841200806,0.014648855288054239,-0.03433086520054359,Insurance—Diversified,Financial Services,AIG
2019Q3,2019,Q3,2019-11-01,2019-09-30,656000000.0,12939000000.0,0.0,0.72,12939000000.0,1.0,525122000000.0,65603000000.0,0.0,0.0,457677000000.0,0.0,22439000000.0,48849428871.5,80750428871.5,74.8030669838985,0.0,0.06715010987922806,0.5375059067420698,0.0,74.8030669838985,0.009999542703839763,3.7753635421207203,18.616398197980185,0.7446218750895539,0.43597560975609756,0.0,0.005854725563984222,0.024639988421738188,0.0,0.0012492335114506724,101.13753389544513,1.0,-0.41935483870967744,-0.5156996666733648,0.25254647418813736,-0.022264596193302857,0.031242528094365188,-0.4084761045987376,0.0,0.73447086083021,0.22276135784492831,-0.09617068710903871,Insurance—Diversified,Financial Services,AIG
2019Q2,2019,Q2,2019-08-08,2019-06-30,1109000000.0,12547000000.0,0.0,1.24,12547000000.0,1.0,522269000000.0,64539000000.0,0.0,0.0,456164000000.0,0.0,22077000000.0,47184454474.560005,80540454474.56,73.64246972217225,0.0,0.06948717997813388,0.5623111606935342,0.0,73.64246972217225,0.017183408481693238,3.760616440149837,10.63671200959423,0.7310998694519594,0.25788999098286747,0.0,0.0060613183554808275,0.024024018274107786,0.0,0.0021234268164489947,-159.40694079243244,1.0,0.6533333333333333,-0.40603624704364444,0.27985828763000015,-0.017929886242118435,0.005368589743589744,0.6957186544342507,0.0,-0.2633737299065773,0.07389314109858748,-0.08826000937146661,Insurance—Diversified,Financial Services,AIG
2019Q1,2019,Q1,2019-05-07,2019-03-31,654000000.0,12480000000.0,0.0,0.75,12480000000.0,1.0,512922000000.0,60787000000.0,0.0,0.0,450829000000.0,0.0,21259000000.0,38508101865.16,71719101865.16,69.44045539723955,0.0,0.06974939659441397,0.5885468932502015,0.0,69.44045539723955,0.010758879365653841,3.085585085349359,14.720222425519877,0.633492389247043,0.42507645259938837,0.0,0.007219260013735422,0.0243311848585165,0.0,0.0012750476680664896,-39.45502240282787,1.0,2.0580965548376176,-0.3224317059283935,0.2882505072517494,-0.024096940394042445,-0.007870259957071309,2.0514469453376205,0.0,5.721634254374916,0.3848871685891686,-0.09271276258008955,Insurance—Diversified,Financial Services,AIG
2018Q4,2018,Q4,2019-02-15,2018-12-31,-622000000.0,12579000000.0,0.0,-0.70882,12579000000.0,1.0,491984000000.0,56361000000.0,0.0,0.0,434675000000.0,0.0,20884000000.0,34498847340.439995,66165847340.439995,64.38438328333062,0.0,0.07020553513935412,0.6128351164812548,0.0,64.38438328333062,-0.011036000070971061,2.742574715036171,-13.866096197926044,0.6121049544976135,-0.45016077170418006,0.0,0.008116213195093633,0.025567904647305604,0.0,-0.0012642687567075352,348.47320545898987,1.0,0.4972907801418439,-1.5241981317197704,-0.029572897316960965,-0.06486640564467454,0.09297071856807716,0.505957108816521,0.0,0.5536225154869635,0.16446640706403573,-0.16946999408863253,Insurance—Diversified,Financial Services,AIG
2018Q3,2018,Q3,2018-11-02,2018-09-30,-1259000000.0,11509000000.0,0.0,-1.41,11509000000.0,1.0,504860000000.0,58586000000.0,0.0,0.0,445683000000.0,0.0,21749000000.0,47519199015.72,79372199015.72,65.44186232960817,0.0,0.06852196648575842,0.5904823678011811,0.0,65.44186232960817,-0.021489775714334483,4.128872970346685,-9.435901313685465,0.8111016115747789,-0.22478157267672755,0.0,0.005955487589476829,0.02279641880917482,0.0,-0.002493760646515866,157.34834111165563,1.0,-2.38235294117647,-1.9559506243457971,0.2761962738993478,-0.02290421790460689,-0.012696234022475765,-2.343649946638207,0.0,-6.787011189926403,0.2798501117176347,-0.15448739195174085,Insurance—Diversified,Financial Services,AIG
2018Q2,2018,Q2,2018-08-03,2018-06-30,937000000.0,11657000000.0,0.0,1.02,11657000000.0,1.0,496829000000.0,61186000000.0,0.0,0.0,435032000000.0,0.0,23318000000.0,47888485173.76,79537485173.76001,67.74241674651176,0.0,0.0679992512514366,0.552152453175563,0.0,67.74241674651176,0.015313960709966332,4.108131180729176,12.777077154151547,0.782670630107541,0.3052294557097118,0.0,0.005972208119807279,0.023462801084477757,0.0,0.0018859607631599605,80.08107888588628,1.0,0.00990099009900991,-0.4391280674402832,0.10042375283839189,0.026261658370516392,-0.006731424676209952,-0.0010660980810234541,0.0,-0.23395882790830863,0.08681281461490532,-0.1363700415386075,Insurance—Diversified,Financial Services,AIG
2018Q1,2018,Q1,2018-05-03,2018-03-31,938000000.0,11736000000.0,0.0,1.01,11736000000.0,1.0,499143000000.0,62792000000.0,0.0,0.0,435786000000.0,0.0,22671000000.0,49410725908.74,80926725908.73999,69.15787163927418,0.0,0.06735344380267778,0.5354025990572048,0.0,69.15787163927418,0.014938208689004969,4.210184552551125,13.169170018320896,0.7868952399786597,0.30810234541577824,0.0,0.00584893248752859,0.023512300082341134,0.0,0.0018792209847678923,-52.67668007328358,1.0,1.1403181192370586,-0.3085519070179695,0.200967143786788,0.02602088630852417,-0.07071027001346109,1.1408408408408408,0.0,-0.42821820202763733,0.10205462970556131,-0.1251418179232107,Insurance—Diversified,Financial Services,AIG
2017Q4,2017,Q4,2018-02-16,2017-12-31,-6660000000.0,12629000000.0,0.0,-7.19793,12629000000.0,1.0,498301000000.0,65171000000.0,0.0,0.0,432593000000.0,0.0,21457000000.0,54095756149.26,83373756149.26001,71.77805536697569,0.0,0.06349575858768094,0.4854920133188074,0.0,71.77805536697569,-0.10219269306900308,4.283455233926677,-2.030621477074324,0.8300587093839285,-0.043243243243243246,0.0,0.005323892676633557,0.025344119317440662,0.0,-0.013365415682489099,88.68156745780328,1.0,-2.7685497382198956,-1.7362809834197976,0.6645101594353017,0.0813883813412515,0.04700712982921572,-2.8297872340425534,0.0,-16.296975535825727,0.21736882471764465,-0.08281393446618263,Insurance—Diversified,Financial Services,AIG
2017Q3,2017,Q3,2017-11-03,2017-09-30,-1739000000.0,12062000000.0,0.0,-1.91,12062000000.0,1.0,503073000000.0,72468000000.0,0.0,0.0,430061000000.0,0.0,28389000000.0,55783069831.16,84389069831.16,79.75198449037181,0.0,0.061698799180238253,0.4283131865099078,0.0,79.75198449037181,-0.02399679858696252,4.624694895635882,-8.019417744560092,0.7697614096036871,-0.16503737780333524,0.0,0.005144930188830948,0.023976639573183217,0.0,-0.0034567547850908316,619.811887012889,1.0,-2.6050420168067223,-2.6936162924163622,0.23542743608373984,0.2884392657130736,-0.0405663378937321,-2.538938053097345,0.0,-2.2391104761492895,0.12696902168956942,0.04242168007447715,Insurance—Diversified,Financial Services,AIG
2017Q2,2017,Q2,2017-08-03,2017-06-30,1130000000.0,12572000000.0,0.0,1.19,12572000000.0,1.0,499762000000.0,73732000000.0,0.0,0.0,425438000000.0,0.0,30420000000.0,57877957771.68,87172957771.68,79.64559942119388,0.0,0.06365429944653656,0.4314544566809526,0.0,79.64559942119388,0.015325774426300657,4.603719199147312,12.804857914088497,0.7849774558086041,0.25663716814159293,0.0,0.005010543066222329,0.02515597424374002,0.0,0.0022610762723056176,53.8900910350838,1.0,0.00847457627118645,-0.08050247084292138,0.3932375947304965,0.33620370491431323,-0.007499802636772717,-0.046413502109704644,0.0,-0.42706349056464293,0.21402049132004486,0.062125743188333346,Insurance—Diversified,Financial Services,AIG
2017Q1,2017,Q1,2017-05-04,2017-03-31,1185000000.0,12667000000.0,0.0,1.18,12667000000.0,1.0,500162000000.0,74069000000.0,0.0,0.0,425495000000.0,0.0,29591000000.0,61229923280.49,90058923280.48999,75.52071637942765,0.0,0.06147408239730327,0.4151129352360637,0.0,75.52071637942765,0.015998595903819413,4.833814105983263,12.917705333436707,0.8266605905370669,0.2590717299578059,0.0,0.005013888366210333,0.025325794442600597,0.0,0.0023692323687125373,-5.910794794911671,1.0,1.390092961136162,-0.29345441503485703,0.31370665657326313,0.36948722199729866,-0.03127867849495258,1.389674449194344,0.0,0.09577514988977537,0.16704412585325196,0.061353900355426226,Insurance—Diversified,Financial Services,AIG
2016Q4,2016,Q4,2017-02-23,2016-12-31,-3041000000.0,13076000000.0,0.0,-3.02492,13076000000.0,1.0,498264000000.0,76300000000.0,0.0,0.0,421406000000.0,0.0,28711000000.0,64054561740.33,93098561740.33,77.79544289446773,0.0,0.06203940079957613,0.4051376146788991,0.0,77.79544289446773,-0.03985583224115334,4.898635801493576,-5.26591267184561,0.8395093281825688,-0.10555738243998684,0.0,0.005011352685563565,0.02624311609909606,0.0,-0.006103190276640496,101.67390752433333,1.0,-8.202190476190475,-1.2937996651157206,0.43667085923913457,0.3905741542167298,0.011604518025684667,-7.582251082251083,0.0,-3.287437696254164,-0.0996331809177743,0.12991890934525913,Insurance—Diversified,Financial Services,AIG
2016Q3,2016,Q3,2016-11-03,2016-09-30,462000000.0,12926000000.0,0.0,0.42,12926000000.0,1.0,514568000000.0,88663000000.0,0.0,0.0,425403000000.0,0.0,32077000000.0,63570698231.28001,93349698231.28,82.76238214119839,0.0,0.06272640350740816,0.36404137013184756,0.0,82.76238214119839,0.0052107417975931335,4.918048756868328,34.39972848012987,0.7169924120690706,0.7316017316017316,0.0,0.005316915015944986,0.02512010074470235,0.0,0.0008978405186486529,53.78231660852792,1.0,-0.75,1.1993589952589623,0.8023686893928459,0.827331971637925,-0.12932776505456015,-0.7584945112388918,0.0,-0.7068563679685143,0.19776823572703142,0.2357040528436352,Insurance—Diversified,Financial Services,AIG
2016Q2,2016,Q2,2016-08-02,2016-06-30,1913000000.0,14846000000.0,0.0,1.68,14846000000.0,1.0,510349000000.0,89946000000.0,0.0,0.0,419812000000.0,0.0,31951000000.0,58897665459.03,90442665459.03,80.77134981367304,0.0,0.06530629040127442,0.37054454895159317,0.0,80.77134981367304,0.021268316545482845,3.9672413753893303,7.697028941326451,0.6548113919354946,0.18295870360690017,0.0,0.005942510577833762,0.029089897305569327,0.0,0.0037484153001181545,38.27008801756335,1.0,11.499999999999998,0.7148018735527525,0.4683661765563736,0.6006926317534769,0.2469343188308416,11.453551912568306,0.0,-0.07123476937328474,0.13670946991369462,0.22364307902955868,Insurance—Diversified,Financial Services,AIG
2016Q1,2016,Q1,2016-05-02,2016-03-31,-183000000.0,11906000000.0,0.0,-0.16,11906000000.0,1.0,502777000000.0,88518000000.0,0.0,0.0,413696000000.0,0.0,30396000000.0,62511444208.95,92964444208.95,76.53635203192121,0.0,0.06355103753751663,0.3609661311823584,0.0,76.53635203192121,-0.002067376126889446,5.250415270363682,-85.39814782643442,0.7062003683877855,-1.9836065573770492,0.0,0.005806936707247405,0.023680478621734884,0.0,-0.0003639784636130929,-64.57793823238636,1.0,0.8994854913588933,-1.9162885849521076,-0.0802866630229573,0.40221080989760155,-0.16577914798206278,0.9005975013579577,0.0,-1.1059026181798124,-0.04352028042826032,0.13548745623943814,Insurance—Diversified,Financial Services,AIG
2015Q4,2015,Q4,2016-02-19,2015-12-31,-1841000000.0,14272000000.0,0.0,-1.59181,14272000000.0,1.0,496943000000.0,89658000000.0,0.0,0.0,406733000000.0,0.0,30943000000.0,71671308004.23,99392308004.23,77.52204354456713,0.0,0.05906109956272651,0.3273550603404046,0.0,77.52204354456713,-0.020533583171607663,5.0218125002963845,-9.732659967983434,0.7993855317342567,-0.18522542096686584,0.0,0.004757831404163496,0.028719591582938082,0.0,-0.0037046502315154855,111.46393157734059,1.0,-7.84338888888889,-1.224319895889749,-0.11362229440834654,0.41539206569162473,0.11083437110834371,-6.96969696969697,0.0,0.40620147550331687,0.4767303021616972,0.1679257226784023,Insurance—Diversified,Financial Services,AIG
2015Q3,2015,Q3,2015-11-02,2015-09-30,-231000000.0,12848000000.0,0.0,-0.18,12848000000.0,1.0,501985000000.0,98999000000.0,0.0,0.0,402366000000.0,0.0,33122000000.0,72676913541.36,101826913541.36,77.39903782235848,0.0,0.06119505562915226,0.310296063596602,0.0,77.39903782235848,-0.0023333569025949757,5.656671352845579,-78.6546683348052,0.7341176531213447,-1.5238095238095237,0.0,0.00484335372607257,0.025594390270625617,0.0,-0.0004601731127424126,41.744350109913846,1.0,-1.1363636363636362,0.9897537733648338,-0.9285068642662633,-0.8699078012030385,-0.18601115053218448,-1.1283333333333334,0.0,-1.1598221438498002,-0.06514775176264913,0.25042605642969684,Insurance—Diversified,Financial Services,AIG
2015Q2,2015,Q2,2015-08-03,2015-06-30,1800000000.0,15784000000.0,0.0,1.32,15784000000.0,1.0,509987000000.0,104258000000.0,0.0,0.0,405345000000.0,0.0,33707000000.0,82168508366.12,110591508366.12,78.4391695572938,0.0,0.059530929219764425,0.29120067524794263,0.0,78.4391695572938,0.017264862168850353,5.205810210727319,11.412292828627779,0.7881266508672715,0.09166666666666666,0.0,0.0020080685810287065,0.030949808524531018,0.0,0.0035295017323971004,782.5572225344762,1.0,-0.2584269662921348,1.0691696564947863,-0.9193787918251426,-0.859004184411837,-0.014793084077148742,-0.2706645056726094,0.0,0.020146291222256352,0.21830411627767343,0.3159635903872374,Insurance—Diversified,Financial Services,AIG
2015Q1,2015,Q1,2015-05-04,2015-03-31,2468000000.0,16021000000.0,0.0,1.78,16021000000.0,1.0,520701000000.0,107979000000.0,0.0,0.0,412334000000.0,0.0,32073000000.0,74840493095.1,105016493095.1,79.05037988568981,0.0,0.061453694154610806,0.29634465960973894,0.0,79.05037988568981,0.02285629613165523,4.671399606460271,7.581087226002836,0.6931022985497179,0.06888168557536467,0.0,0.002271497594009443,0.03076813756839338,0.0,0.004739764279308087,192.88786880180413,1.0,2.787234042553192,-0.8310765315558638,-0.9025648444509555,-0.8570169705898424,0.026526558595502018,2.76793893129771,0.0,0.056579140771158706,0.19302430347305805,0.43349388535428146,Insurance—Diversified,Financial Services,AIG
2014Q4,2014,Q4,2015-02-20,2014-12-31,655000000.0,15607000000.0,0.0,0.47,15607000000.0,1.0,515581000000.0,106898000000.0,0.0,0.0,408309000000.0,0.0,29775000000.0,76506954156.9,105965954156.9,78.25899025755443,0.0,0.06054722730279045,0.29202604351812006,0.0,78.25899025755443,0.006127336339314112,4.902092276343947,29.201127540801526,0.7157005197187972,0.2641221374045801,0.0,0.0022612323534042756,0.03027070431222252,0.0,0.0012704114387458033,117.70300639523076,1.0,-0.6907894736842105,1.0073313350147821,-0.9223913515797506,-0.8479532636847975,-0.06639947358975892,-0.7011861313868614,0.0,-0.9545628359855531,0.23122334600793865,0.3988599478105539,Insurance—Diversified,Financial Services,AIG
2014Q3,2014,Q3,2014-11-03,2014-09-30,2192000000.0,16717000000.0,0.0,1.52,16717000000.0,1.0,527190000000.0,108581000000.0,0.0,0.0,418207000000.0,0.0,29300000000.0,76667332591.48001,110957332591.48001,76.50645224941391,0.0,0.06870957339858495,0.3336034849559315,0.0,76.50645224941391,0.02018769397960969,4.586189662707424,8.743993224393249,0.7060842374953261,0.0812043795620438,0.0,0.002321718964039986,0.03170963030406495,0.0,0.004157893738500351,28.228031145611197,1.0,-0.2761904761904762,-0.540747630140197,-0.9388228079446888,-0.8576458935786899,0.03607065385807251,-0.2866905304262935,0.0,1.713983337046035,0.7595089933949634,0.6892056827633498,Insurance—Diversified,Financial Services,AIG
2014Q2,2014,Q2,2014-08-04,2014-06-30,3073000000.0,16135000000.0,0.0,2.1,16135000000.0,1.0,529109000000.0,108161000000.0,0.0,0.0,420528000000.0,0.0,27286000000.0,78726034318.38,115313034318.38,74.98697770200955,0.0,0.07260129765322457,0.3551557400541785,0.0,74.98697770200955,0.028411349747136213,4.879208820475984,6.404656225055321,0.7278597120808794,0.05824926781646599,0.0,0.0022737078216857323,0.030494661780464893,0.0,0.005807877015888975,89.6651871507745,1.0,0.9266055045871558,-0.8418138251736255,-0.9487453349036222,-0.8249703436821655,-0.0008669267446900737,0.9098819142324425,0.0,1.1266754103717078,0.23206481597665052,0.4860603786115011,Insurance—Diversified,Financial Services,AIG
2014Q1,2014,Q1,2014-05-05,2014-03-31,1609000000.0,16149000000.0,0.0,1.09,16149000000.0,1.0,547111000000.0,103833000000.0,0.0,0.0,442691000000.0,0.0,24393000000.0,72977062143.93,109995062143.93,71.15507499820491,0.0,0.07221203741105553,0.38049560351718625,0.0,71.15507499820491,0.015496036905415426,4.51898335153446,11.33888473336389,0.7028311051778336,0.11311373523927906,0.0,0.002493934322007209,0.029516862208948457,0.0,0.0029409023031889323,95.64490451366972,1.0,-0.18656716417910446,1.0342590352909065,-0.926837217724864,-0.7896867524747654,-0.25263791188448725,-0.1865520728008089,0.0,5.385156459439307,-0.011295402571165609,0.3036212556870272,Insurance—Diversified,Financial Services,AIG
2013Q4,2013,Q4,2014-02-20,2013-12-31,1978000000.0,21608000000.0,0.0,1.34,21608000000.0,1.0,541329000000.0,100470000000.0,0.0,0.0,440218000000.0,0.0,22965000000.0,74494681512.65,113946681512.65,68.85046550778316,0.0,0.07701970520699981,0.4149795958992734,0.0,68.85046550778316,0.019687468896187915,3.4475509770756196,9.415404640122597,0.7414619439897481,0.0743174924165824,0.0,0.0019732952341710167,0.03991657568687434,0.0,0.0036539701364604518,38.860032087976,1.0,-0.08219178082191773,1.0029732920028356,1.084297063393815,-0.8233347474876177,0.4542028400296117,-0.08847926267281106,0.0,-0.8089818624019413,0.06361112470814778,0.25706699853529136,Insurance—Diversified,Financial Services,AIG
2013Q3,2013,Q3,2013-10-31,2013-09-30,2170000000.0,14859000000.0,0.0,1.46,14859000000.0,1.0,540744000000.0,98793000000.0,0.0,0.0,441229000000.0,0.0,21136000000.0,71731833517.38,111904833517.38,66.97589277201396,0.0,0.0780979539301407,0.42746955755974614,0.0,66.97589277201396,0.021965118986162987,4.827500741461741,8.264036119513825,0.7260821466842793,0.0,0.0,0.0,0.02747880697705384,0.0,0.0040129895107481545,31.544341916174144,1.0,-0.20652173913043484,1.0081258658778907,0.5160783075216514,-0.8728359429611744,-0.1419414448230063,-0.20541926034419628,0.0,1.0834640194070302,-0.9283021744952348,-0.8874270094016096,Insurance—Diversified,Financial Services,AIG
2013Q2,2013,Q2,2013-08-05,2013-06-30,2731000000.0,17317000000.0,0.0,1.84,17317000000.0,1.0,537438000000.0,97463000000.0,0.0,0.0,439203000000.0,0.0,19113000000.0,66575958544.8,107427958544.8,66.0089132181672,0.0,0.07929100659052765,0.43723259082934035,0.0,66.0089132181672,0.02802088997876117,3.844543428122654,6.094467094910289,0.6830895677826458,0.0,0.0,0.0,0.03222139111860345,0.0,0.005081516379563783,36.51999920175535,1.0,0.23489932885906045,1.0449718333883193,-0.9233626411169825,-0.8898977954786103,0.0897363287395381,0.23798730734360835,0.0,1.0944721988362365,-0.9203759806636609,-0.8813477933561532,Insurance—Diversified,Financial Services,AIG
2013Q1,2013,Q1,2013-05-02,2013-03-31,2206000000.0,15891000000.0,0.0,1.49,15891000000.0,1.0,548880000000.0,99520000000.0,0.0,0.0,448309000000.0,0.0,16382000000.0,56445490038.31,100484490038.31,67.40396083757541,0.0,0.08246975659524851,0.4548432475884244,0.0,67.40396083757541,0.022166398713826366,3.5520414094965704,6.396814374241839,0.5671773516711213,0.0,0.0,0.0,0.02895168342807171,0.0,0.004019093426614196,-378.8287922034228,1.0,1.5558996246744816,1.024196621159673,-0.9030417591732192,-0.8931048937948443,0.28797211865780514,1.5573521980798384,0.0,-0.8603114745892776,-0.91058967364392,-0.8780825275130042,Insurance—Diversified,Financial Services,AIG
2012Q4,2012,Q4,2013-02-21,2012-12-31,-3958000000.0,12338000000.0,0.0,-2.68034,12338000000.0,1.0,548633000000.0,98002000000.0,0.0,0.0,449630000000.0,0.0,14176000000.0,52119429724.1,99468429724.1,66.37583370180934,0.0,0.08840153618174627,0.4948878594314402,0.0,66.37583370180934,-0.040386930878961655,4.224301323075053,-3.2920306798951486,0.531820062081386,0.0,0.0,0.0,0.02248862171980176,0.0,-0.007214294437264984,62.269330614217445,1.0,-3.371982300884956,0.9359707995730535,-0.9426978566188992,-0.9124236137419369,-0.3008839528558477,-3.132543103448276,0.0,0.9590147163081532,-0.9432395479356303,-0.8710406452811787,Insurance—Diversified,Financial Services,AIG
2012Q3,2012,Q3,2012-11-01,2012-09-30,1856000000.0,17648000000.0,0.0,1.13,17648000000.0,1.0,550723000000.0,101666000000.0,0.0,0.0,448150000000.0,0.0,18170000000.0,54628645793.64,126768645793.64,61.89813257998924,0.0,0.1339112403150041,0.7253949206224303,0.0,61.89813257998924,0.018255857415458463,3.0954581705371713,7.358384401082973,0.5373344657372179,0.0,0.0,0.0,0.03204514792372935,0.0,0.003370115284816505,45.259855669958576,1.0,-0.1503759398496242,-0.952821896736775,-0.9536155330838886,-0.9233908974381637,0.030660515096653625,-0.20411663807890223,0.0,-0.6639944801914022,-0.9441935655089209,-0.8848273172588571,Insurance—Diversified,Financial Services,AIG
2012Q2,2012,Q2,2012-08-02,2012-06-30,2332000000.0,17123000000.0,0.0,1.33,17123000000.0,1.0,555383000000.0,104709000000.0,0.0,0.0,449742000000.0,0.0,16314000000.0,56372152160.03001,129037152160.03,59.605881295098875,0.0,0.1330559271709793,0.7057368516555406,0.0,59.605881295098875,0.02227124697972476,3.292188994920867,6.043326775303388,0.5383696927678615,0.0,0.0,0.0,0.030830976101177025,0.0,0.004198904179638196,32.342026483092376,1.0,-0.22222222222222215,-0.9596194998316282,-0.9592897092741889,-0.9256711860779031,-0.07157187008621158,-0.2730673316708229,0.0,-0.9014346075197862,-0.9553384046352945,-0.8608718841948578,Insurance—Diversified,Financial Services,AIG
2012Q1,2012,Q1,2012-05-03,2012-03-31,3208000000.0,18443000000.0,0.0,1.71,18443000000.0,1.0,554403000000.0,103451000000.0,0.0,0.0,449938000000.0,0.0,13982000000.0,57836246665.1,132617246665.1,55.145250840154695,0.0,0.13725755452261262,0.7355752965171917,0.0,55.145250840154695,0.03100985007394805,3.1359457065065337,4.507188798714152,0.5590689956124155,0.0,0.0,0.0,0.03326641450352902,0.0,0.005786404474723261,-521.0472672531531,1.0,-0.8379146919431278,-0.9459244546038365,-0.9581024583889013,-0.9301152805810081,0.059394566029065426,-0.8379634306495606,0.0,1.053132027614077,-0.9350051285360781,-0.8370070330179654,Insurance—Diversified,Financial Services,AIG
2011Q4,2011,Q4,2012-02-23,2011-12-31,19798000000.0,17409000000.0,0.0,10.55,17409000000.0,1.0,555773000000.0,104951000000.0,0.0,0.0,441444000000.0,0.0,14332000000.0,43522572904.0,117301572904.0,55.944835921596464,0.0,0.13540240349927038,0.7170298520261836,0.0,55.944835921596464,0.18864041314518204,2.500004187718996,0.5495829490857662,0.41469421829234593,0.0,0.0,0.0,0.03132393980995838,0.0,0.03562245737018531,38.92895608586762,1.0,5.8842592592592595,-0.5992202735726744,-0.9595917057363106,-0.9281411177418639,0.36906259830135263,5.818203942565101,0.0,1.0231491761795515,1.0528292742473093,-0.856449647915084,Insurance—Diversified,Financial Services,AIG
2011Q3,2011,Q3,2011-11-03,2011-09-30,-4109000000.0,12716000000.0,0.0,-2.16,12716000000.0,1.0,544257000000.0,86031000000.0,0.0,0.0,448047000000.0,0.0,-5466000000.0,41694038784.6,117541038784.6,45.291377497770426,0.0,0.14219201590425112,0.8995478374074461,0.0,45.291377497770426,-0.04776185328544362,3.278864327194086,-2.536750960367486,0.4846397087631203,0.0,0.0,0.0,0.023363962245777272,0.0,-0.007549742125503209,17.511146066610667,1.0,-3.16,-1.0667550039235891,-0.9701149397882219,-0.9386012952468501,-0.23746701846965698,-3.2331521739130435,0.0,0.9880514755115443,0.007513307521974386,-0.9140073379671311,Insurance—Diversified,Financial Services,AIG
2011Q2,2011,Q2,2011-08-04,2011-06-30,1840000000.0,16676000000.0,0.0,1.0,16676000000.0,1.0,616798000000.0,92681000000.0,0.0,0.0,511593000000.0,0.0,-1357000000.0,53852427183.08,130723427183.08,50.46024965154751,0.0,0.12882823874266777,0.8573601924882123,0.0,50.46024965154751,0.019853044313289672,3.229337202151595,7.316905867266303,0.5810514256760285,0.0,0.0,0.0,0.027036404138794223,0.0,0.0029831484537887606,29.140923800367965,1.0,3.8571428571428577,-0.9590805074349041,-0.9557630820281787,-0.9250365352518368,-0.0435879788942418,5.840148698884758,0.0,1.0243574933365758,-0.9406725563538914,-0.9158328101998506,Insurance—Diversified,Financial Services,AIG
2011Q1,2011,Q1,2011-05-05,2011-03-31,269000000.0,17436000000.0,0.0,-0.35,17436000000.0,1.0,611247000000.0,85026000000.0,0.0,0.0,513800000000.0,0.0,-3202000000.0,54739277124.42,135104277124.42,54.58262872578367,0.0,0.13442356363303215,0.9663632300708018,0.0,54.58262872578367,0.0031637381506833206,3.139440073664831,50.87293413050186,0.6437945701834733,0.0,0.0,0.0,0.02852529337567301,0.0,0.0004400839595122757,-10.304833796012801,1.0,-1.0492957746478873,-0.9928844542491044,-0.9465168014891739,-0.9195679670603765,-0.19601604647945775,-0.975664917676859,0.0,1.0027965922243245,-0.8991657647360143,-0.9134380855057017,Insurance—Diversified,Financial Services,AIG
2010Q4,2010,Q4,2011-02-24,2010-12-31,11054000000.0,21687000000.0,0.0,7.1,21687000000.0,1.0,683443000000.0,85319000000.0,0.0,0.0,569770000000.0,0.0,-3466000000.0,89757460099.86,194660460099.86,54.77072072372141,0.0,0.15577158592596602,1.247799435061358,0.0,54.77072072372141,0.12956082466976876,4.138767930089916,2.0299769336859956,1.0520219423558645,0.0,0.0,0.0,0.03173198057482482,0.0,0.016173989637760573,50.940669750204314,1.0,1.4029511918274686,1.0358418540752488,-0.933730117549223,-0.9173524754768503,0.13598030485569115,5.615448851774531,0.0,1.1694920755353324,-0.9045330100521847,-0.9277354192599411,Insurance—Diversified,Financial Services,AIG
2010Q3,2010,Q3,2010-11-05,2010-09-30,-2395000000.0,19091000000.0,0.0,-17.62,19091000000.0,1.0,871965000000.0,80842000000.0,0.0,0.0,761225000000.0,0.0,-14486000000.0,5312873787.5,117533873787.5,594.9552589479804,0.0,0.13061189382601365,1.4087850374805175,0.0,594.9552589479804,-0.029625689616783354,0.2782920636687444,-0.554579727296451,0.06571922747458005,0.0,0.0,0.0,0.02189422740591652,0.0,-0.0027466698778047284,1.0397013282778864,1.0,-3.4251843722177786,-2.3329824606260563,-0.30792046225165015,-0.13470867168751532,-0.04459013111800621,0.09826807228915663,0.0,-1.7358909650131602,-0.3934715167437333,-0.26364517712147106,Insurance—Diversified,Financial Services,AIG
2010Q2,2010,Q2,2010-08-06,2010-06-30,-2656000000.0,19982000000.0,0.0,-3.981755,19982000000.0,1.0,850531000000.0,75470000000.0,0.0,0.0,745884000000.0,0.0,-12120000000.0,4672084939.2,136575084939.2,556.3226768828946,0.0,0.15842220918461525,1.7853849211607262,0.0,556.3226768828946,-0.03519279183781635,0.23381468017215493,-0.4397670311746988,0.06190651834106267,0.0,0.0,0.0,0.023493558729781747,0.0,-0.0031227550788860137,0.7036272498795181,1.0,-2.8434050925925924,-1.6365970820273301,-0.2882231098203931,-0.18753942484276692,0.22363747703612982,-2.8304617505168848,0.0,-1.5955504128832736,-0.3848080934417969,-0.3062630090820993,Insurance—Diversified,Financial Services,AIG
2010Q1,2010,Q1,2010-05-07,2010-03-31,1451000000.0,16330000000.0,0.0,2.16,16330000000.0,1.0,863697000000.0,75001000000.0,0.0,0.0,760038000000.0,0.0,-9871000000.0,4631387335.2,141927387335.2,552.8654709009405,0.0,0.16143277098334255,1.8590285462860494,0.0,552.8654709009405,0.019346408714550473,0.283612206687079,0.7979647372846312,0.06175100778922948,0.0,0.0,0.0,0.01890709357564053,0.0,0.0016799873103646302,1.4792038758224209,1.0,1.033040218665062,-0.6229992988211376,-0.423473869662541,-0.13174919395175397,-0.18235529741638293,1.163529809534543,0.0,-0.6617693573447728,-0.48699434905038524,-0.2993621803923843,Insurance—Diversified,Financial Services,AIG
2009Q4,2009,Q4,2010-02-26,2009-12-31,-8873000000.0,19972000000.0,0.0,-65.37487,19972000000.0,1.0,847585000000.0,69824000000.0,0.0,0.0,749509000000.0,0.0,-11491000000.0,4067047226.4,141139047226.4,514.7035191555749,0.0,0.16691187314546624,2.026122823098075,0.0,514.7035191555749,-0.12707664986251146,0.20363745375525735,-0.11459053382170631,0.05824712457607699,0.0,0.0,0.0,0.023563418418211742,0.0,-0.01046856657444386,0.45831048302907373,1.0,-97.13951470588236,-6.104010117453484,-0.2392824497580033,-0.17086292800437436,-0.2332911052247687,-20.501098901098903,0.0,-3.4838987887780313,-0.3589421245888891,-0.33888411733510937,Insurance—Diversified,Financial Services,AIG
2009Q3,2009,Q3,2009-11-06,2009-09-30,455000000.0,26049000000.0,0.0,0.68,26049000000.0,1.0,844344000000.0,72712000000.0,0.0,0.0,766649000000.0,0.0,-2618000000.0,5967811326.51,173823811326.51,537.4376206822304,0.0,0.20467131879897293,2.376677852348993,0.0,537.4376206822304,0.006257564088458577,0.2290994405355292,3.279017212368132,0.08207464141420949,0.0,0.0,0.0,0.030851169665444416,0.0,0.0005388798878182352,1.6843949552667232,1.0,-0.7043478260869565,-0.8255551507753593,-0.012730572235429921,-0.11247833447530983,-0.1177307366638442,-0.7502744237102086,0.0,-0.8962183679521671,-0.14047980228918522,-0.2714292296115738,Insurance—Diversified,Financial Services,AIG
2009Q2,2009,Q2,2009-08-07,2009-06-30,1822000000.0,29525000000.0,0.0,2.3,29525000000.0,1.0,830412000000.0,57958000000.0,0.0,0.0,768279000000.0,0.0,-3073000000.0,3138536368.0,177029536368.0,428.4244126369161,0.0,0.21639017740591418,3.1004002898650747,0.0,428.4244126369161,0.03143655750716036,0.10630097774767147,0.43064439736553234,0.0541519094516719,0.0,0.0,0.0,0.03555464034720115,0.0,0.00219409160753939,1.2094552477842004,1.0,1.058080808080808,-0.3863550647913109,0.1953281908830101,-0.24070642445528,0.4432007038811223,1.4185619113255226,0.0,-0.4498730452355062,0.0633715018494566,-0.36353508800020334,Insurance—Diversified,Financial Services,AIG
2009Q1,2009,Q1,2009-05-07,2009-03-31,-4353000000.0,20458000000.0,0.0,-39.6,20458000000.0,1.0,819758000000.0,45759000000.0,0.0,0.0,766549000000.0,0.0,-16706000000.0,2705000000.0,185879000000.0,338.32902033271716,0.0,0.2283637366149522,4.091064052973185,0.0,338.32902033271716,-0.09512882711597719,0.13222211359859223,-0.15535263036985988,0.05911405406586683,0.0,0.0,0.0,0.024956145594187552,0.0,-0.00531010371353497,0.8816818774445893,1.0,0.913136767541421,-2.4804800832933176,-0.16488928312444756,-0.42494774413030134,1.8610994191430255,0.9294020337663601,0.0,-2.326186581962118,-0.277240659684105,-0.5014441124749812,Insurance—Diversified,Financial Services,AIG
2008Q4,2008,Q4,2009-03-02,2008-12-31,-61659000000.0,-23758000000.0,0.0,-455.88909,-23758000000.0,1.0,860418000000.0,52710000000.0,0.0,0.0,797692000000.0,0.0,-12368000000.0,4246850000.0,188807850000.0,389.7227356746765,0.0,0.22454551160017572,3.665395560614684,0.0,389.7227356746765,-1.169778030734206,-0.17875452479164913,-0.017219100212458847,0.08057010055018023,-1.6218232537018117e-05,0.0,0.00023546864146367308,-0.027612160601010207,0.0,-0.07166168071797661,-2.112860696517413,1.0,-1.5187242541436465,-23.05097361090368,-2.0335729981875748,-0.28622209583392577,-27.456570155902003,-1.5199852869053458,0.0,-131.79197032742434,-1.8361546816697238,-0.4119190157022763,Insurance—Diversified,Financial Services,AIG
2008Q3,2008,Q3,2008-11-10,2008-09-30,-24468000000.0,898000000.0,0.0,-181.0,898000000.0,1.0,1022237000000.0,71182000000.0,0.0,0.0,939342000000.0,0.0,49291000000.0,9000990000.0,214980990000.0,526.6888642249353,0.0,0.21966530266464626,3.1545896434491865,0.0,526.6888642249353,-0.3437385855974825,10.02337416481069,-0.09196695684158901,0.1264503666657301,-0.02423573647212686,0.0,0.06588164190827898,0.000878465561313081,0.0,-0.023935740928962657,-0.598947963800905,1.0,-3.3932038834951457,-11.109605786752418,-0.9572981769602112,0.008257250716650365,-0.9549490794160438,-3.567481799514654,0.0,-14.6915961492343,-0.9672704254874439,-0.2339939851301735,Insurance—Diversified,Financial Services,AIG
2008Q2,2008,Q2,2008-08-06,2008-06-30,-5357000000.0,19933000000.0,0.0,-41.2,19933000000.0,1.0,1049876000000.0,78088000000.0,0.0,0.0,960639000000.0,0.0,73743000000.0,68928300000.0,245337300000.0,599.5239923224568,0.0,0.1701515226560089,2.2876498309599427,0.0,599.5239923224568,-0.06860208994980023,3.4579992976471177,-3.21673977972746,0.882700286855855,-0.10042934478252753,0.0,0.007805212082700429,0.018986051686103882,0.0,-0.005102507343724401,10.927124286620165,1.0,0.33333333333333326,-3.358208325884047,0.004034946311524642,0.14458168382825867,0.4206400114033212,0.3136450992953235,0.0,-2.337297627885329,-0.2604842117102326,-0.12444768501609048,Insurance—Diversified,Financial Services,AIG
2008Q1,2008,Q1,2008-05-08,2008-03-31,-7805000000.0,14031000000.0,0.0,-61.8,14031000000.0,1.0,1051086000000.0,79703000000.0,0.0,0.0,960449000000.0,0.0,79732000000.0,109336000000.0,265756000000.0,630.5617088607595,0.0,0.15118553572210075,1.9937643501499316,0.0,630.5617088607595,-0.09792605046234144,7.792459553845057,-3.5021140294682893,1.3717927806983425,-0.0638052530429212,0.0,0.0045547669569034905,0.013349050410718058,0.0,-0.0074256530864268006,16.397120575884824,1.0,-0.4760997241508784,-5.123934755710454,-0.23463203560916593,0.32175181917421525,-0.23881082840557696,-0.4748677248677249,0.0,-3.176447351014995,-0.4683547367740381,-0.009730683507255186,Insurance—Diversified,Financial Services,AIG
2007Q4,2007,Q4,2008-02-28,2007-12-31,-5292000000.0,18433000000.0,0.0,-41.86709,18433000000.0,1.0,1060505000000.0,95801000000.0,0.0,0.0,954282000000.0,0.0,89029000000.0,147382400000.0,321147400000.0,757.9193037974684,0.0,0.16600487503594985,1.8376530516382918,0.0,757.9193037974684,-0.05523950689450006,7.9955731568382795,-6.9625094482237335,1.538422354672707,-0.09618291761148905,0.0,0.0034536009727077314,0.01738134190786465,0.0,-0.0049900754829067286,20.170028739564803,1.0,-2.7591214285714285,-51.53514483933788,0.0854335170495853,0.6734932092375959,-0.3821893015149484,-2.7153970826580225,0.0,-4.267092220971276,-0.24647370068051197,0.22093393375390805,Insurance—Diversified,Financial Services,AIG
2007Q3,2007,Q3,2007-11-07,2007-09-30,3085000000.0,29836000000.0,0.0,23.8,29836000000.0,1.0,1072105000000.0,104067000000.0,0.0,0.0,957543000000.0,0.0,94830000000.0,176687840000.0,335646840000.0,807.973602484472,0.0,0.1503658690146954,1.5490789587477298,0.0,807.973602484472,0.0296443637272142,5.921968092237566,14.318301458670987,1.6978277455869775,0.16628849270664506,0.0,0.002903425612085133,0.02782936372836616,0.0,0.0028775166611479286,16.013036070328077,1.0,-0.27439024390243894,0.696915400489611,0.7626704452854788,0.7467167253246683,-0.04218298555377207,-0.27870002338087446,0.0,0.24240756171618472,0.1878111425799606,0.3342833656987277,Insurance—Diversified,Financial Services,AIG
2007Q2,2007,Q2,2007-08-08,2007-06-30,4277000000.0,31150000000.0,0.0,32.8,31150000000.0,1.0,1033866000000.0,104330000000.0,0.0,0.0,920146000000.0,0.0,92251000000.0,182218060000.0,336298060000.0,801.9215987701768,0.0,0.15061429624342032,1.4925237228026456,0.0,801.9215987701768,0.040994919965494106,5.84969695024077,10.651043956043955,1.7465547781079265,0.10030395136778116,0.0,0.002354322068844329,0.030129629952044077,0.0,0.004136899752966052,40.74643559928444,1.0,0.03797468354430366,1.3848312556735711,1.0941014301593397,0.8534036844685667,0.016479034100179476,0.03559322033898305,0.0,0.49785549040113747,0.31134568281024866,0.4212400135861895,Insurance—Diversified,Financial Services,AIG
2007Q1,2007,Q1,2007-05-10,2007-03-31,4130000000.0,30645000000.0,0.0,31.6,30645000000.0,1.0,999747000000.0,103055000000.0,0.0,0.0,888426000000.0,0.0,88493000000.0,175578640000.0,321188640000.0,789.0888208269525,0.0,0.14734927936768002,1.4294502935325797,0.0,789.0888208269525,0.04007568773955655,5.729438407570566,10.628246973365618,1.70373722769395,0.10411622276029056,0.0,0.002449045054683189,0.030652755147052204,0.0,0.004131045154424069,26.14333531864205,1.0,0.20426829268292696,1.0882542886754218,1.1187981468868715,0.9025496196338499,0.02173840562797986,0.20093050305321314,0.0,0.45464845691990713,0.2954916115434305,0.34120125448257094,Insurance—Diversified,Financial Services,AIG
