Quarters,Year,Quarter,FillingDate,Date,NetIncome,Revenue,OperatingIncome,EPSDiluted,GrossProfit,GrossProfitRatio,TotalAssets,CommonStockEquity,CurrentAssets,CurrentLiability,TotalLiability,Inventory,RetainedEarnings,MarketCap,EnterpriseValue,bookValuePerShare,currentRatio,debtToAssets,debtToEquity,roic,shareholdersEquityPerShare,roe,priceToSalesRatio,peRatio,pbRatio,payoutRatio,inventoryTurnover,dividendYield,assetTurnover,quickRatio,returnOnAssets,priceToFreeCashFlowsRatio,grossProfitMargin,epsdilutedGrowth,fiveYNetIncomeGrowthPerShare,fiveYRevenueGrowthPerShare,fiveYShareholdersEquityGrowthPerShare,grossProfitGrowth,netIncomeGrowth,operatingIncomeGrowth,threeYNetIncomeGrowthPerShare,threeYRevenueGrowthPerShare,threeYShareholdersEquityGrowthPerShare,Industry,Sector,Symbol
2023Q1,2023,Q1,2023-05-22,2023-03-31,13938237.0,0.0,-1619847.0,155.56,0.0,0.0,18119075.0,10017646.0,18035205.0,8101429.0,8101429.0,0.0,-19187653.0,82111.90000000001,-17620706.1,158.59990817408925,2.226175777137589,0.0,0.0,-0.36592510487179897,158.59990817408925,1.3913684911604982,0.0,0.0014727813137342981,0.008196726057199467,0.0,0.0,0.0,0.0,2.1851475832226637,0.7692576469825309,-0.05212944258148727,0.0,70.75784753363229,32.18523617883873,0.0,0.0,0.0,12.602125771630629,-0.3295666926859538,32.18523617883873,0.0,0.0,Biotechnology,Healthcare,REVB
2022Q4,2022,Q4,2023-03-30,2022-12-31,-1201352.0,0.0,-1218327.0,-2.23,0.0,0.0,5503415.0,1052453.0,5413282.0,4450962.0,4450962.0,0.0,-25346848.0,3586482.6795,-1666496.3205,1.9524689399800015,1.216204946256562,0.0,0.0,-1.1516310476903715,1.9524689399800015,-1.1414780517514795,0.0,-0.74634301176924,3.4077366680507346,0.0,0.0,0.0,0.0,1.1801895859816371,-0.21829209681624956,-3.7853378318189446,0.0,-0.17368421052631583,0.573241124195687,0.0,1.1015288820654812,0.0,-0.05196460970501082,-0.01572619103199429,0.573241124195687,0.0,1.1015288820654812,Biotechnology,Healthcare,REVB
2022Q3,2022,Q3,2022-11-10,2022-09-30,-1142008.0,0.0,-1199464.0,-1.9,0.0,0.0,6601469.0,2227678.0,6505074.0,4373791.0,4373791.0,0.0,-24139262.0,5495405.895,-700040.1050000004,3.703063780696403,1.4872850577451002,0.0,0.0,-0.5252244985840764,3.703063780696403,-0.5126450052476166,0.0,-1.2030138788432305,2.466876224930174,0.0,0.0,0.0,0.0,1.4164933806850852,-0.17299301110101403,-3.173933674595043,0.0,0.5476190476190477,0.7694374534075962,0.0,-0.6253030392661476,0.0,0.3686908220892539,0.3552724653572849,0.7694374534075962,0.0,-0.6253030392661476,Biotechnology,Healthcare,REVB
2022Q2,2022,Q2,2022-08-15,2022-06-30,-1808952.0,0.0,-1860420.0,-4.2,0.0,0.0,4153954.0,-1843009.0,4051297.0,5996963.0,5996963.0,0.0,-22968526.0,16741863.600000001,13266047.600000001,-4.276758033675534,0.6755581116641873,0.0,0.0,0.9952881647237712,-4.276758033675534,0.9815209800928807,0.0,-2.313751774508113,-9.08398363762738,0.0,0.0,0.0,0.0,0.5795960388616704,-0.435477138167635,-4.512090490493728,0.0,0.7435897435897436,0.37834562664116284,0.0,0.0,0.0,0.7278454446076312,0.7175318464084539,0.37834562664116284,0.0,0.0,Biotechnology,Healthcare,REVB
2022Q1,2022,Q1,2022-05-16,2022-03-31,-6646782.0,0.0,-6586300.0,-16.38,0.0,0.0,7979960.0,-98511.0,7871041.0,8078471.0,8078471.0,0.0,-21133840.0,16190223.0,9003962.0,-0.2427754639327698,0.974323111390757,0.0,0.0,67.1641012988943,-0.2427754639327698,67.47248530620946,0.0,-0.6089496767006951,-164.3493924536346,0.0,0.0,0.0,0.0,0.8895570708863101,-0.832934250296994,-3.3519672401992024,0.0,-2.137931034482759,-1.3149170943262158,0.0,0.0,0.0,-2.1288353261660085,-1.132697892138196,-1.3149170943262158,0.0,0.0,Biotechnology,Healthcare,REVB
2021Q4,2021,Q4,2022-04-15,2021-12-31,-2124363.0,0.0,-3088248.0,-5.22,0.0,0.0,48385887.0,-7822654.0,83366.0,5486117.0,8397377.0,0.0,-7824474.0,145220460.0,145158680.0,-19.230675057770785,0.01519581153664787,0.016003530120260068,-0.09898750475222348,0.43790749390887035,-19.230675057770785,0.2715655070516988,0.0,-17.089882943734192,-18.56409090827742,0.0,0.0,0.0,0.0,0.014314678305256704,-0.04390459970280177,-204.69009746781026,0.0,0.3657351154313488,0.0,0.0,0.0,0.0,0.30235781811924295,-0.014553801363821381,0.0,0.0,0.0,Biotechnology,Healthcare,REVB
2021Q3,2021,Q3,2021-10-29,2021-09-30,-3045061.0,0.0,-3043947.0,-8.23,0.0,0.0,5869329.0,3655004.0,5702125.0,2214325.0,2214325.0,0.0,-10656913.0,130477435.2,126372977.2,9.88282310441982,2.575107538414641,0.005626707925215983,0.009035557827022898,-0.8181832077941862,9.88282310441982,-0.8331211128633512,0.0,-10.712218507281134,35.698301616085786,0.0,0.0,0.0,0.0,1.8685075587368611,-0.5188090495523423,-58.38804793570387,0.0,-0.21925925925925932,0.0,0.0,0.0,0.0,-0.21933738249346896,-0.24655879895817975,0.0,0.0,0.0,Biotechnology,Healthcare,REVB
2021Q2,2021,Q2,2021-08-23,2021-06-30,-2497308.0,0.0,-2441880.0,-6.75,0.0,0.0,,,,,,,,129959667.6,,,0.0,0.0,0.0,0.0,,0.0,0.0,-13.009975902051329,0.0,0.0,0.0,0.0,0.0,0.0,0.0,-35.66431756142821,0.0,0.04661016949152543,0.0,0.0,0.0,0.0,0.045734516114856925,0.0635925530091333,0.0,0.0,0.0,Biotechnology,Healthcare,REVB
2021Q1,2021,Q1,2021-06-22,2021-03-31,-2616995.0,0.0,-2607711.0,-7.08,0.0,0.0,,,,,,,,129312458.1,,,0.0,0.0,0.0,0.0,,0.0,0.0,-12.353143404935814,0.0,0.0,0.0,0.0,0.0,0.0,0.0,-52.11788958601102,0.0,0.0,0.0,0.0,0.0,0.0,0.0,0.0,0.0,0.0,0.0,Biotechnology,Healthcare,REVB
