Quarters,Year,Quarter,FillingDate,Date,NetIncome,Revenue,OperatingIncome,EPSDiluted,GrossProfit,GrossProfitRatio,TotalAssets,CommonStockEquity,CurrentAssets,CurrentLiability,TotalLiability,Inventory,RetainedEarnings,MarketCap,EnterpriseValue,bookValuePerShare,currentRatio,debtToAssets,debtToEquity,roic,shareholdersEquityPerShare,roe,priceToSalesRatio,peRatio,pbRatio,payoutRatio,inventoryTurnover,dividendYield,assetTurnover,quickRatio,returnOnAssets,priceToFreeCashFlowsRatio,grossProfitMargin,epsdilutedGrowth,fiveYNetIncomeGrowthPerShare,fiveYRevenueGrowthPerShare,fiveYShareholdersEquityGrowthPerShare,grossProfitGrowth,netIncomeGrowth,operatingIncomeGrowth,threeYNetIncomeGrowthPerShare,threeYRevenueGrowthPerShare,threeYShareholdersEquityGrowthPerShare,Industry,Sector,Symbol
2023Q3,2023,Q3,2023-06-01,2023-05-07,1302000000.0,53648000000.0,1679000000.0,2.93,6473000000.0,0.1206568744,66752000000.0,23568000000.0,34289000000.0,31708000000.0,43179000000.0,16324000000.0,18035000000.0,221489814840.0,218000814840.0,53.103327069448014,1.0813990160211935,0.13488734419942475,0.38204344874405977,0.035188107881172104,53.103327069448014,0.05524439918533605,4.128575433194155,42.52876629032258,9.397904567209777,0.3064516129032258,2.8899166870864983,0.0018014372366884227,0.8036912751677853,0.5112274504856819,0.01950503355704698,307.19807883495145,0.12065687444079928,-0.11212121212121202,0.7161528027507017,0.6388448311788806,0.9186818511446614,-0.05406985240391641,-0.11186903137789904,-0.11770888071466107,0.548476106435738,0.4347568248390804,0.3979746361154854,Discount Stores,Consumer Defensive,COST
2023Q2,2023,Q2,2023-03-09,2023-02-12,1466000000.0,55266000000.0,1903000000.0,3.3,6843000000.0,0.1238193464,66848000000.0,22794000000.0,34330000000.0,32516000000.0,44049000000.0,16081000000.0,17341000000.0,224801506650.0,220970506650.0,51.35206374738948,1.0557879197933324,0.1367131402584969,0.40093884355532156,0.040790295359205024,51.35206374738948,0.06431517065894533,4.0676275947236995,38.33586402626194,9.862310548828638,0.0,3.0111933337479013,0.0,0.8267412637625658,0.5049514085373354,0.021930349449497368,97.6548682232841,0.12381934643361199,0.07491856677524429,1.0684241229811848,0.6566605927529097,0.9180437068662944,0.02624475104979004,0.0747800586510264,0.4023581429624171,0.568066764472475,0.4085512424532864,0.36623874862675126,Discount Stores,Consumer Defensive,COST
2023Q1,2023,Q1,2022-12-29,2022-11-20,1364000000.0,54437000000.0,1357000000.0,3.07,6668000000.0,0.1224902181,66027000000.0,21471000000.0,34150000000.0,33067000000.0,44551000000.0,18571000000.0,16412000000.0,232290970690.0,230480970690.0,48.37586771720249,1.0327516859709076,0.13700455874112105,0.42131246798006616,0.031669695134262064,48.37586771720249,0.0635275487867356,4.267152317173981,42.57532453995601,10.818824027292626,0.2932551319648094,2.572236282375747,0.0017219782534458182,0.8244657488603148,0.42292920434269815,0.020658215578475473,149.57564113972956,0.1224902180502232,-0.2690476190476191,1.1030533872795645,0.6887294166578413,0.9125236418816203,-0.21856322512598148,-0.2698072805139186,-0.3111675126903553,0.6087620954992369,0.46299589273845215,0.3475398223995316,Discount Stores,Consumer Defensive,COST
2022Q4,2022,Q4,2022-10-05,2022-08-28,1868000000.0,72091000000.0,1970000000.0,4.2,8533000000.0,0.1183642896,64166000000.0,20642000000.0,32696000000.0,31998000000.0,43519000000.0,17907000000.0,15585000000.0,235705139339.99997,234541139339.99997,46.50785532591773,1.0218138633664604,0.1408689960415173,0.43789361495979073,0.04571877934766603,46.50785532591773,0.09049510706326906,3.2695501427362634,31.545120361349035,11.41871617769596,0.4266595289079229,3.5493382476126656,0.003381343326800963,1.1235077767041735,0.41533845865366587,0.02911199077393012,189.01775408179628,0.11836428957844947,0.3815789473684211,1.0058438438012451,0.6818081078289324,0.8899458183923483,0.36724883832719113,0.38063562453806354,0.38342696629213485,0.6870498527594601,0.5037076135202155,0.341649261884132,Discount Stores,Consumer Defensive,COST
2022Q3,2022,Q3,2022-06-02,2022-05-08,1353000000.0,52596000000.0,1424000000.0,3.04,6241000000.0,0.1186592136,63852000000.0,19968000000.0,33008000000.0,31845000000.0,43339000000.0,17623000000.0,14294000000.0,221330871000.0,219173871000.0,45.00338066260987,1.0365206468833412,0.14151475286600262,0.45252403846153844,0.03399554885154913,45.00338066260987,0.06775841346153846,4.208131245722108,40.896317627494454,11.084278395432692,0.25942350332594233,2.630369403620269,0.001585861016197781,0.8237173463634655,0.43403988067200505,0.02118962601014847,593.3803512064343,0.11865921362841281,0.023569023569023514,0.9115856949676424,0.8023967899870538,0.995175640758181,-0.022858932206043524,0.025,0.01641684511063526,0.4804496878297638,0.5008834074276485,0.3665015887667345,Discount Stores,Consumer Defensive,COST
2022Q2,2022,Q2,2022-03-10,2022-02-13,1320000000.0,51904000000.0,1401000000.0,2.97,6387000000.0,0.1230540999,63078000000.0,19418000000.0,32565000000.0,31545000000.0,43102000000.0,16485000000.0,13474000000.0,224721666880.0,222148666880.0,43.77140049095741,1.0323347598668569,0.14658042423665937,0.4761561437841178,0.032856442440321244,43.77140049095741,0.06797816458955608,4.329563557336622,42.560921757575755,11.572853377278813,0.0,2.7611161662117074,0.0,0.8228542439519325,0.46054842288793785,0.020926471987063634,-697.8933754037267,0.12305409987669544,-0.019801980198019674,1.5371303968871146,0.7260621815263814,0.5451128443241685,-0.003743565746373421,-0.01858736059479554,-0.1826137689614936,0.47363870335214325,0.45534343370985253,0.3906658459922566,Discount Stores,Consumer Defensive,COST
2022Q1,2022,Q1,2021-12-22,2021-11-21,1345000000.0,50363000000.0,1714000000.0,3.03,6411000000.0,0.1272958323,64149000000.0,18463000000.0,33850000000.0,33342000000.0,45149000000.0,16942000000.0,12606000000.0,239268398050.0,236632398050.0,41.64176310453632,1.0152360386299562,0.157679776769708,0.547852461680117,0.04352882967146839,41.64176310453632,0.07284839950170612,4.750876596906459,44.473679934944236,12.959345612847317,0.26022304832713755,2.5942627788926926,0.001462792424124729,0.7850940778500054,0.4621198488393018,0.02096681164164679,108.61025785292783,0.1272958322578083,-0.19414893617021278,1.4379998399688563,0.7706332624913576,0.523376240886047,-0.19277260135985896,-0.19461077844311378,-0.2465934065934066,0.7368950181835862,0.42244295648691327,0.388871554621315,Discount Stores,Consumer Defensive,COST
2021Q4,2021,Q4,2021-10-06,2021-08-29,1670000000.0,62675000000.0,2275000000.0,3.76,7942000000.0,0.1267171918627842,59268000000.0,17564000000.0,29505000000.0,29441000000.0,41190000000.0,14215000000.0,11666000000.0,202064984490.0,200939984490.0,39.63058983332318,1.0021738392038313,0.1709691570493352,0.5769186973354589,0.055445774691281695,39.63058983332318,0.09508084718742883,3.2240125167929796,30.2492491751497,11.504496953427466,0.4179640718562874,3.8503693281744638,0.003454334266581172,1.057484646014713,0.4747800686117999,0.028177093878652897,109.46098834777898,0.1267171918627842,0.3672727272727272,1.1177310596393955,0.6934795177625885,0.43642924946911055,0.35482770385533946,0.36885245901639346,0.36800962116656644,0.58375869433456,0.39592035369423556,0.357388728849315,Discount Stores,Consumer Defensive,COST
2021Q3,2021,Q3,2021-06-03,2021-04-30,1220000000.0,45277000000.0,1663000000.0,2.75,5862000000.0,0.12946970868211233,57274000000.0,16482000000.0,27916000000.0,27982000000.0,40300000000.0,13975000000.0,10466000000.0,164851869870.0,164853869870.0,37.20180659665089,0.9976413408619828,0.17858015853615952,0.6205557577963839,0.0423397685071904,37.20180659665089,0.07402014318650649,3.6409627375930382,33.781120875,10.001933616672734,0.2540983606557377,2.8203935599284438,0.0018804760919270247,0.7905332262457659,0.4546136802230005,0.021301113943499667,71.51924940130152,0.12946970868211233,0.28504672897196254,1.2171695927706978,0.6752556103945165,0.4189231431298879,0.030047443331576173,0.28286014721345953,0.24104477611940298,0.6108678691082655,0.3855335982294821,0.34414235577819424,Discount Stores,Consumer Defensive,COST
2021Q2,2021,Q2,2021-03-10,2021-02-14,951000000.0,44769000000.0,1340000000.0,2.14,5691000000.0,0.1271192119547008,54918000000.0,15652000000.0,26308000000.0,26564000000.0,38789000000.0,13865000000.0,9766000000.0,156315518500.0,157946518500.0,35.32114439424644,0.990362897154043,0.1869696638624859,0.6560184002044467,0.034526598262886,35.32114439424644,0.06075900843342704,3.4916017445107106,41.09240759726603,9.986935759008432,4.658254468980021,2.8184637576631806,0.028340116467706948,0.8151972031028079,0.4211715103147116,0.01731672675625478,-292.17853925233646,0.1271192119547008,-0.18320610687022898,0.7280563609935764,0.5767417796869275,0.4117154991492416,-0.01026086956521739,-0.1843910806174957,-0.06293706293706294,0.34404469109265695,0.3442513206090568,0.31927509394681475,Discount Stores,Consumer Defensive,COST
2021Q1,2021,Q1,2020-12-16,2020-11-22,1166000000.0,43208000000.0,1430000000.0,2.62,5750000000.0,0.13307720792445843,60217000000.0,14860000000.0,32096000000.0,32667000000.0,44908000000.0,14901000000.0,9232000000.0,169079207920.0,165688207920.0,33.54765301883725,0.9825205865246273,0.1693707756945713,0.6863391655450874,0.04303973153144612,33.54765301883725,0.0784656796769852,3.9131458970561006,36.251974253859345,11.378143197846569,0.2658662092624357,2.5137910207368632,0.0018334602096472846,0.7175382367105635,0.49190314384547096,0.01936330272182274,96.39635571265678,0.13307720792445843,-0.16293929712460056,1.4038852403872202,0.5708418434127518,0.35558124258694307,-0.17645373818390145,-0.1605471562275018,-0.25868325557283567,0.8013633178651411,0.34306455098667804,0.3262951664917005,Discount Stores,Consumer Defensive,COST
2020Q4,2020,Q4,2020-10-07,2020-08-30,1389000000.0,53383000000.0,1929000000.0,3.13,6982000000.0,0.13079070115954516,55556000000.0,18284000000.0,28120000000.0,24844000000.0,36851000000.0,12242000000.0,12879000000.0,153958797380.0,151848797380.0,41.28777015782117,1.1318628240218966,0.1830045359637123,0.5560599431196674,0.04673069854363723,41.28777015782117,0.07596805950557865,2.884041687053931,27.710366699064075,8.42041114526362,0.4456443484521238,3.7903120405162554,0.004020556217207832,0.9608863129094968,0.59793109000161,0.025001799985600114,45.41557444837758,0.13079070115954516,0.6560846560846562,0.794561539067732,0.478558085977045,0.7065572776874309,0.39166832768586807,0.6575178997613366,0.6361323155216285,0.49485190920058647,0.24817087708519767,0.6778165325768809,Discount Stores,Consumer Defensive,COST
2020Q3,2020,Q3,2020-06-04,2020-05-10,838000000.0,37266000000.0,1179000000.0,1.89,5017000000.0,0.1346267375087211,51732000000.0,16802000000.0,25254000000.0,22779000000.0,34529000000.0,11010000000.0,11883000000.0,137265786260.0,138069786260.0,37.98590167344152,1.1086527064401421,0.22481249516740123,0.6921795024401857,0.027891672107281096,37.98590167344152,0.04987501487918105,3.683405416733752,40.9504135620525,8.169609942863945,0.3424821002386635,2.9290644868301543,0.0020908341970692036,0.7203665042913477,0.5830370077703148,0.016198871104925384,114.38815521666666,0.1346267375087211,-0.10000000000000009,0.6157625566474094,0.42049220752373506,0.5789605884038358,0.00019936204146730463,-0.09989258861439312,-0.06872037914691943,0.18765658760553888,0.2810360639708943,0.6840633880212756,Discount Stores,Consumer Defensive,COST
2020Q2,2020,Q2,2020-03-12,2020-02-16,931000000.0,39072000000.0,1266000000.0,2.1,5016000000.0,0.12837837837837837,48782000000.0,16614000000.0,23703000000.0,22695000000.0,31783000000.0,11850000000.0,11384000000.0,140699704510.0,140958704510.0,37.58644951257972,1.044415069398546,0.16491738756098562,0.4842301673287589,0.034637247734491165,37.58644951257972,0.056037077163837726,3.601036663339476,37.78187553974222,8.46874350006019,0.0,2.8739240506329113,0.0,0.8009511705137141,0.47160167437761624,0.019084908367840596,1901.3473582432432,0.12837837837837837,0.10526315789473695,0.551090457656868,0.41790992342931876,0.6218372508473357,0.043478260869565216,0.10308056872037914,0.19321394910461828,0.7959311778074594,0.3040444732910949,0.3267865607002086,Discount Stores,Consumer Defensive,COST
2020Q1,2020,Q1,2019-12-23,2019-11-24,844000000.0,37040000000.0,1061000000.0,1.9,4807000000.0,0.12977861771058316,51431000000.0,15861000000.0,26643000000.0,26265000000.0,35207000000.0,13818000000.0,10787000000.0,132125672900.0,132347672900.0,35.899397489463986,1.0143917761279269,0.1798331745445354,0.5831284282201626,0.031156620977497915,35.899397489463986,0.05321228169724482,3.567107799676026,39.1367514514218,8.330223371792448,0.6789099526066351,2.3326820089738023,0.004336780183770024,0.7201882133343703,0.44664001522939273,0.016410336178569344,95.26003813987022,0.12977861771058316,-0.23076923076923087,0.6898353562311967,0.3691517631573014,0.2744736339895799,-0.22317388493859083,-0.23062898814949864,-0.2747778537252221,0.5352658517158524,0.30682597934526884,0.313303883418329,Discount Stores,Consumer Defensive,COST
2019Q4,2019,Q4,2019-10-11,2019-09-01,1097000000.0,47498000000.0,1463000000.0,2.47,6188000000.0,0.13027916964924838,45400000000.0,15243000000.0,23485000000.0,23237000000.0,29816000000.0,11395000000.0,10258000000.0,129613930520.0,128052930520.0,34.664689682462075,1.0106726341610364,0.1502863436123348,0.44761529882569046,0.049325882940989364,34.664689682462075,0.07196746047366004,2.728829224809466,29.53827040109389,8.503177230204027,0.26071103008204194,3.6252742430890743,0.0022065529442135768,1.0462114537444933,0.47247923570168265,0.024162995594713656,100.94542875389408,0.13027916964924838,0.20487804878048801,0.5672593409242547,0.33147404441085115,0.23374794722491113,0.37297537164410915,0.2108167770419426,0.30392156862745096,0.4020733099679396,0.29351267385967483,0.2564378777373158,Discount Stores,Consumer Defensive,COST
2019Q3,2019,Q3,2019-06-06,2019-05-12,906000000.0,34740000000.0,1122000000.0,2.05,4507000000.0,0.12973517559009787,43752000000.0,14486000000.0,22285000000.0,22832000000.0,28932000000.0,11304000000.0,9496000000.0,106410689280.0,105895689280.0,32.933280892285936,0.9760423966362999,0.14851892484914975,0.4485710341018915,0.04361343536473874,32.933280892285936,0.06254314510561922,3.0630595647668395,29.362772980132448,7.345760684799116,0.27704194260485654,2.674539985845718,0.0023587855853422776,0.7940208447613823,0.43233181499649614,0.020707624794295117,74.25728491277042,0.12973517559009787,0.01990049751243783,0.9136349320321067,0.3455602589719694,0.22450279676719567,-0.036142001710863986,0.019122609673790775,-0.06733167082294264,0.6584396697098368,0.29468956746520225,0.2561162672532336,Discount Stores,Consumer Defensive,COST
2019Q2,2019,Q2,2019-03-13,2019-02-17,889000000.0,35396000000.0,1203000000.0,2.01,4676000000.0,0.13210532263532604,42799000000.0,13858000000.0,21648000000.0,22450000000.0,28616000000.0,11356000000.0,8916000000.0,95308277480.0,95720277480.0,31.475138774064014,0.9642761692650335,0.15168578705109934,0.46846586809063356,0.043837898504565175,31.475138774064014,0.06415067109250974,2.6926284744038873,26.8021027784027,6.877491519699812,0.0,2.7051778795350474,0.0,0.8270286688941331,0.4061024498886414,0.020771513353115726,-118.24848322580645,0.13210532263532604,0.16184971098265885,0.9178709960091929,0.34399604916786064,0.20208516105104435,0.051731893837157,0.1590612777053455,0.26765015806111697,0.6258531497967862,0.2546989596449422,0.2579983465217905,Discount Stores,Consumer Defensive,COST
2019Q1,2019,Q1,2018-12-20,2018-11-25,767000000.0,35069000000.0,949000000.0,1.73,4446000000.0,0.12677863640252074,43814000000.0,13167000000.0,22954000000.0,22473000000.0,30335000000.0,12205000000.0,8387000000.0,96373003650.0,96075003650.0,29.982443636330515,1.0214034619320962,0.14789793216780026,0.49213943950786054,0.04014018550409378,29.982443636330515,0.0582516898306372,2.748096713621717,31.41232191981747,7.319283333333333,0.6531942633637549,2.5090536665301104,0.005198551264620671,0.8004062628383621,0.4337649623993236,0.017505820057515862,66.60193756046993,0.12677863640252074,-0.26694915254237284,0.7998279323661417,0.3980178197502618,0.17025317167843107,-0.2254355400696864,-0.26462128475551294,-0.3437067773167358,0.5949512076546656,0.2859631872317553,0.21151957120541948,Discount Stores,Consumer Defensive,COST
2018Q4,2018,Q4,2018-10-26,2018-09-02,1043000000.0,44411000000.0,1446000000.0,2.36,5740000000.0,0.12924725856206795,40830000000.0,12799000000.0,20289000000.0,19926000000.0,27727000000.0,11040000000.0,7887000000.0,102199296270.0,102631296270.0,29.196197810570304,1.0182174043962662,0.15887827577761449,0.5068364715993438,0.054486149319526986,29.196197810570304,0.08149074146417688,2.301215830987818,24.4964756160115,7.984943844831628,0.23969319271332695,3.5028079710144926,0.002446200797112397,1.087705118785207,0.4480578139114724,0.025544942444281165,205.21947042168674,0.12924725856206795,0.388235294117647,0.6841637104913584,0.361965493779834,0.17709755249351072,0.35697399527186763,0.39066666666666666,0.35520149953139646,0.36125804984645166,0.24258472067248124,0.2067734262222492,Discount Stores,Consumer Defensive,COST
2018Q3,2018,Q3,2018-06-07,2018-05-13,750000000.0,32361000000.0,1067000000.0,1.7,4230000000.0,0.13071289515157133,39605000000.0,12143000000.0,19693000000.0,19411000000.0,27158000000.0,10626000000.0,7176000000.0,85940391200.0,86555391200.0,27.676984090805487,1.0145278450363195,0.16391869713420024,0.5346290043646545,0.040738076824504955,27.676984090805487,0.06176397924730297,2.6556778591514476,28.646797066666664,7.077360718109199,0.292,2.647374364765669,0.002548277904511098,0.8170938012877162,0.44495389212302305,0.01893700290367378,56.53973105263158,0.13071289515157133,0.06918238993710683,0.6255998684289323,0.33683074589726997,0.15361644688956322,-0.007508212106992022,0.06990014265335236,0.05019685039370079,0.4578944885512532,0.24359600774977522,0.1504496447379589,Discount Stores,Consumer Defensive,COST
2018Q2,2018,Q2,2018-03-15,2018-02-18,701000000.0,32995000000.0,1016000000.0,1.59,4262000000.0,0.12917108652826187,38703000000.0,11754000000.0,18899000000.0,18913000000.0,26650000000.0,10671000000.0,6727000000.0,84099054320.0,85823054320.0,26.77314576490472,0.9992597684132607,0.16807482624085987,0.5534286200442402,0.040237346621805455,26.77314576490472,0.059639271737280924,2.5488423797545083,29.99253007132668,7.154930604049686,0.31383737517831667,2.692624871146097,0.0026159628283439654,0.8525178926698189,0.4140538254110929,0.018112291036870527,-210.77457223057644,0.12917108652826187,0.09655172413793112,0.27264124479042934,0.3174380049791611,0.1543139067300568,0.016698473282442748,0.0953125,0.0683491062039958,0.1758775041922385,0.20555700610613398,0.1552483857076034,Discount Stores,Consumer Defensive,COST
2018Q1,2018,Q1,2017-12-21,2017-11-26,640000000.0,31809000000.0,951000000.0,1.45,4192000000.0,0.13178660127636832,39378000000.0,11078000000.0,19897000000.0,20360000000.0,28022000000.0,11213000000.0,6300000000.0,75597138650.0,76386138650.0,25.294258673638303,0.9772593320235756,0.1645081009700848,0.5847625925257267,0.03767559195190774,25.294258673638303,0.0577721610398989,2.376595889528121,29.530132285156252,6.824078231630259,0.0,2.462944796218675,0.0,0.8077860734420235,0.41473477406679765,0.016252729950733912,63.74126361720067,0.13178660127636832,-0.3028846153846154,0.5225066281200905,0.327392733165371,-0.13437714353696525,-0.25182937711940034,-0.30359085963003263,-0.34413793103448276,0.29266479167027265,0.18613638530617774,-0.10202209437288279,Discount Stores,Consumer Defensive,COST
2017Q4,2017,Q4,2017-10-18,2017-09-03,919000000.0,42300000000.0,1450000000.0,2.08,5603000000.0,0.13245862884160756,36347000000.0,10778000000.0,17317000000.0,17495000000.0,25268000000.0,9834000000.0,5988000000.0,69307062880.0,71420062880.0,24.608036311580022,0.9898256644755644,0.18320631688997716,0.6178326220077937,0.05461724020629102,24.608036311580022,0.08526628316941919,1.638464843498818,18.85393440696409,6.430419640007424,3.8171926006528833,3.731645312182225,0.05061533203439654,1.1637824304619364,0.41217490711631893,0.025284067460863344,65.69389846445497,0.13245862884160756,0.3081761006289308,0.5090759886129739,0.3129696292977917,-0.1280381923410687,0.4403598971722365,0.31285714285714283,0.49793388429752067,0.3181707282514387,0.19047330576242053,-0.12417752581215129,Discount Stores,Consumer Defensive,COST
2017Q3,2017,Q3,2017-06-01,2017-05-07,700000000.0,28860000000.0,968000000.0,1.59,3890000000.0,0.1347886347886348,35631000000.0,9898000000.0,17256000000.0,21394000000.0,25446000000.0,9736000000.0,5508000000.0,75757366880.0,75198366880.0,22.556099695317183,0.806581284472282,0.11167242008363504,0.40200040412204485,0.05103371180030624,22.556099695317183,0.07072135785007072,2.6249953873873872,27.056202457142856,7.65380550414225,0.28285714285714286,2.564708299096138,0.0026136072061959713,0.8099688473520249,0.3359353089651304,0.019645814038337404,71.06694829268292,0.1347886347886348,0.35897435897435914,0.792700867514957,0.2779721987919419,-0.22251624609206708,0.013284709559781192,0.3592233009708738,0.14691943127962084,0.48203674321543755,0.12046863243669241,-0.16133447950686564,Discount Stores,Consumer Defensive,COST
2017Q2,2017,Q2,2017-03-09,2017-02-12,515000000.0,29766000000.0,844000000.0,1.17,3839000000.0,0.12897265336289726,35630000000.0,12440000000.0,17460000000.0,18860000000.0,22918000000.0,9530000000.0,8140000000.0,75512278920.0,75840278920.0,28.328934454041768,0.9257688229056203,0.1423519506034241,0.4077170418006431,0.03103815515378894,28.328934454041768,0.04139871382636656,2.536863499294497,36.656446077669905,6.070118884244374,0.0,2.720566631689402,0.0,0.8354195902329498,0.4009544008483563,0.014454111703620544,-3283.1425617391305,0.12897265336289726,-0.05645161290322586,0.2934380395417447,0.28248067310504443,0.006369647889718788,0.007347152978220939,-0.05504587155963303,-0.005889281507656066,0.1139549355536808,0.1332012519727029,0.08192665900657163,Discount Stores,Consumer Defensive,COST
2017Q1,2017,Q1,2016-12-16,2016-11-20,545000000.0,28099000000.0,849000000.0,1.24,3811000000.0,0.13562760240577956,36532000000.0,11973000000.0,18570000000.0,19161000000.0,24301000000.0,10721000000.0,7882000000.0,66213518189.99999,66500518189.99999,27.335179574755653,0.969156098324722,0.13938464907478376,0.42529023636515495,0.03263803604490964,27.335179574755653,0.04551908460703249,2.356436819459767,30.37317348165137,5.530236213981458,0.363302752293578,2.265460311538103,0.0029903259245617803,0.7691612832585131,0.3973696571160169,0.01491842767984233,31.144646373471303,0.13562760240577956,-0.2994350282485876,0.688407591088727,0.2879686007299987,-0.00331376729284162,-0.22398696803095092,-0.30038510911424904,-0.2871536523929471,0.2822446162893718,0.12310134620926753,0.06692706517741134,Discount Stores,Consumer Defensive,COST
2016Q4,2016,Q4,2016-10-12,2016-08-28,779000000.0,36560000000.0,1191000000.0,1.77,4911000000.0,0.13432713347921224,33163000000.0,12079000000.0,15218000000.0,15575000000.0,20831000000.0,8969000000.0,7686000000.0,71791919820.0,73573919820.0,27.58965667677001,0.9770786516853932,0.15562524500196,0.42727046940971936,0.0459191942806737,27.58965667677001,0.06449209371636724,1.963673955689278,23.039768876765084,5.9435317344150995,0.5057766367137355,3.5287100011149515,0.005488082795220618,1.102433434852094,0.38401284109149275,0.023490034074118746,-70.52251455795678,0.13432713347921224,0.4274193548387097,0.6251918226773789,0.2938713297907198,0.0036272076696449015,0.3615192680898253,0.42935779816513764,0.3881118881118881,0.2595125840141512,0.12265624346513154,0.11232693924976045,Discount Stores,Consumer Defensive,COST
2016Q3,2016,Q3,2016-06-01,2016-05-08,545000000.0,26769000000.0,858000000.0,1.24,3607000000.0,0.13474541447196384,33873000000.0,11505000000.0,16542000000.0,16999000000.0,22125000000.0,8927000000.0,7225000000.0,65203520850.0,65433520850.0,26.218338023996445,0.9731160656509207,0.15097570336256014,0.44450239026510213,0.033944410354932474,26.218338023996445,0.04737070838765754,2.435784708057828,29.909871949541284,5.6674072881355935,0.3229357798165138,2.5946006497143497,0.002699240741997447,0.7902754406164202,0.4306723924936761,0.016089510819827,46.640572854077256,0.13474541447196384,0.0,0.6750532051598561,0.29257996497643696,-0.04231290690362828,-0.025398540934882464,-0.0018315018315018315,0.002336448598130841,0.18106734127018695,0.1056365978387352,0.09281798390165784,Discount Stores,Consumer Defensive,COST
2016Q2,2016,Q2,2016-03-09,2016-02-14,546000000.0,28170000000.0,856000000.0,1.24,3701000000.0,0.1313809016684416,32388000000.0,11000000000.0,15529000000.0,15433000000.0,21154000000.0,8908000000.0,7001000000.0,65353675200.0,66695675200.0,25.02001601281025,1.006220436726495,0.15360627392861553,0.45227272727272727,0.035361435358085884,25.02001601281025,0.04963636363636364,2.3199742705005324,29.923843956043957,5.9412432,0.0,2.7468567579703635,0.0,0.8697665802148944,0.40873452990345366,0.016858095590959615,391.3393724550898,0.1313809016684416,0.13761467889908247,0.5583807955455273,0.3403572002948032,-0.05673913213278034,0.028341205890525144,0.1375,0.11603650586701435,-0.010167291220378643,0.12318186834970261,0.0787283901488279,Discount Stores,Consumer Defensive,COST
2016Q1,2016,Q1,2015-12-18,2015-11-22,480000000.0,27220000000.0,767000000.0,1.09,3599000000.0,0.1322189566495224,35451000000.0,10848000000.0,18858000000.0,18293000000.0,24371000000.0,10382000000.0,6704000000.0,71646999900.0,72718999900.0,24.74779966327662,1.0308861313070574,0.1728018955741728,0.5647123893805309,0.028879199838443666,24.74779966327662,0.04424778761061947,2.6321454775900075,37.31614578124999,6.604627571902654,0.0,2.2751878250818725,0.0,0.7678203717807678,0.4177554255726234,0.01353981552001354,746.322915625,0.1322189566495224,-0.36994219653179183,0.5235697591939978,0.40113933933257473,-0.0407183600295815,-0.23131140538231526,-0.3741851368970013,-0.3365051903114187,0.1408978868975859,0.13491637151614225,-0.15307812290119677,Discount Stores,Consumer Defensive,COST
2015Q4,2015,Q4,2015-10-14,2015-08-30,767000000.0,35778000000.0,1156000000.0,1.73,4682000000.0,0.13086254122645202,33440000000.0,10617000000.0,17299000000.0,16540000000.0,22597000000.0,8908000000.0,6518000000.0,61458841750.00001,62804841750.00001,24.19360351840669,1.045888754534462,0.18382177033492822,0.5789771121785815,0.046408971605822,24.19360351840669,0.07224262974474899,1.717783044049416,20.03221699804433,5.788720142224735,0.4576271186440678,3.490794791198922,0.0057111391950369775,1.0699162679425838,0.4620918984280532,0.022936602870813397,275.60018721973097,0.13086254122645202,0.4786324786324787,0.7683260740031793,0.477064536973809,-0.023518101081029603,0.37141183362624486,0.48643410852713176,0.40803897685749085,0.25704528576867286,0.10838422198605084,-0.14272321486432082,Discount Stores,Consumer Defensive,COST
2015Q3,2015,Q3,2015-06-04,2015-05-10,516000000.0,26101000000.0,821000000.0,1.17,3414000000.0,0.1307995862227501,33491000000.0,10587000000.0,17634000000.0,16736000000.0,22677000000.0,8869000000.0,6164000000.0,63488898900.00001,64451898900.00001,24.057536301043015,1.0536567877629064,0.17992893613209518,0.5691886275621044,0.03210078630913695,24.057536301043015,0.0487390195522811,2.4324316654534313,30.760125436046515,5.996873420232361,4.872093023255814,2.5580110497237567,0.03959747363014985,0.7793437042787614,0.4780114722753346,0.015407124302051297,38.04008322348712,0.1307995862227501,-0.13333333333333344,0.6897346545135197,0.4710100028058221,-0.024395442773602907,-0.040202417767781835,-0.13712374581939799,-0.06385404789053592,0.3177140330124117,0.15250788897925283,-0.17076339057880413,Discount Stores,Consumer Defensive,COST
2015Q2,2015,Q2,2015-03-11,2015-02-15,598000000.0,27454000000.0,877000000.0,1.35,3557000000.0,0.12956217673198805,33600000000.0,10206000000.0,18058000000.0,18249000000.0,23175000000.0,8558000000.0,5937000000.0,64780486400.0,63944486400.0,23.17522889114954,0.9895336730779769,0.14970238095238095,0.49284734469919655,0.04016040352100138,23.17522889114954,0.05859298451891044,2.3596010198878123,27.082143143812708,6.347294375857339,0.0,2.7923580275765367,0.0,0.8170833333333334,0.47893035234807385,0.017797619047619048,224.93224444444445,0.12956217673198805,0.20535714285714282,0.9972841883447172,0.4628492185149896,-0.04308128690985901,0.021832806664751507,0.2056451612903226,0.13896103896103895,0.4976081441982889,0.1794908874185931,-0.17671287718969375,Discount Stores,Consumer Defensive,COST
2015Q1,2015,Q1,2014-12-18,2014-11-23,496000000.0,26866000000.0,770000000.0,1.12,3481000000.0,0.12956897193478747,34613000000.0,12359000000.0,19156000000.0,16019000000.0,22043000000.0,9644000000.0,7782000000.0,61338648000.00001,60403648000.00001,28.16801896253077,1.1958299519320807,0.14543668563834397,0.4073145076462497,0.028699223648544072,28.16801896253077,0.04013269682013108,2.283132881709224,30.916657258064518,4.963075329719233,0.0,2.4248237245956035,0.0,0.7761823592291913,0.553530182907797,0.014329876058128448,107.04825130890053,0.12956897193478747,-0.29113924050632906,0.8579171513431221,0.547420392331534,0.19036223817365527,-0.22403031654034775,-0.2883787661406026,-0.29422548120989916,0.5339686844744279,0.22933839279697105,0.027052945666977572,Discount Stores,Consumer Defensive,COST
2014Q4,2014,Q4,2014-10-15,2014-08-31,697000000.0,35523000000.0,1091000000.0,1.58,4486000000.0,0.12628437913464516,33024000000.0,12303000000.0,17588000000.0,14412000000.0,20509000000.0,8456000000.0,7458000000.0,53017905000.0,52372905000.0,28.097059663145874,1.2203719122953094,0.15422117248062014,0.41396407380313743,0.04071314419139981,28.097059663145874,0.05665284889864261,1.4924951439912169,19.016465208034433,4.309347720068276,0.24964131994261118,3.670411542100284,0.003281910139602838,1.075672238372093,0.5872189841798501,0.021105862403100775,-148.92669943820223,0.12628437913464516,0.4766355140186916,0.8811927438818675,0.602361440025093,0.23965865153827867,0.3845679012345679,0.47357293868921774,0.48032564450474896,0.4538998228655175,0.25698204216103704,0.022084974228531527,Discount Stores,Consumer Defensive,COST
2014Q3,2014,Q3,2014-06-05,2014-05-11,473000000.0,25794000000.0,737000000.0,1.07,3240000000.0,0.1256106071179344,32701000000.0,11819000000.0,17533000000.0,14687000000.0,20680000000.0,8483000000.0,7051000000.0,51199853460.0,50448853460.0,26.895227172394332,1.1937768094232994,0.15244182135102902,0.4217784922582283,0.029016950055301225,26.895227172394332,0.04002030628648786,1.9849520609444056,27.061233329809724,4.331995385396396,0.5771670190274841,2.6587292231521866,0.0053320465109003064,0.7887832176386044,0.5712534894804929,0.01446438946821198,29.83674444055944,0.1256106071179344,0.019047619047619063,1.2262819008262134,0.6130024516984858,0.23319428937381695,-0.007048728164266013,0.02159827213822894,0.017955801104972375,0.45167431771417255,0.24371226380311176,-0.01758792241817618,Discount Stores,Consumer Defensive,COST
2014Q2,2014,Q2,2014-03-14,2014-02-16,463000000.0,26306000000.0,724000000.0,1.05,3263000000.0,0.12404014293317114,31566000000.0,11515000000.0,16634000000.0,13884000000.0,19857000000.0,8267000000.0,6899000000.0,51057993600.0,50912993600.0,26.183784472094885,1.1980697205416306,0.15792308179687006,0.43291359096830223,0.028509157509157508,26.183784472094885,0.040208423795049936,1.9409257811906029,27.569111015118786,4.4340419973947025,0.0,2.7873472843836944,0.0,0.8333650129886587,0.5564678766925958,0.014667680415637077,191.94734436090226,0.12404014293317114,0.09375000000000008,0.9094866325252842,0.539461738422422,0.24438572062556763,0.02192295646727216,0.08941176470588236,0.08383233532934131,0.32109945366125786,0.25130188128436426,-0.012864769848628261,Discount Stores,Consumer Defensive,COST
2014Q1,2014,Q1,2013-12-20,2013-11-24,425000000.0,25017000000.0,668000000.0,0.96,3193000000.0,0.12763320941759604,32319000000.0,11221000000.0,17473000000.0,14933000000.0,20910000000.0,9337000000.0,6571000000.0,54820704900.0,55108704900.0,25.620476288330252,1.1700930824348759,0.1543055168786163,0.44443454237590235,0.026954972309895485,25.620476288330252,0.03787541217360307,2.191338086101451,32.24747347058824,4.885545397023438,0.0,2.3373674627824785,0.0,0.7740647916086513,0.5078684792071252,0.013150159348989759,150.19371205479453,0.12763320941759604,-0.3142857142857143,0.595606232383401,0.5066637867909297,0.2517908249197498,-0.2152863111329565,-0.31118314424635335,-0.29979035639413,0.35013985707954465,0.28883450919515813,-0.006891406707038711,Discount Stores,Consumer Defensive,COST
2013Q4,2013,Q4,2013-10-16,2013-09-01,617000000.0,32487000000.0,954000000.0,1.4,4069000000.0,0.125250100040016,30283000000.0,10833000000.0,15840000000.0,13257000000.0,19271000000.0,7894000000.0,6283000000.0,48859446240.0,49213446240.0,24.80354984064183,1.1948404616429056,0.16504309348479346,0.4613680420936029,0.039290000631672026,24.80354984064183,0.056955598633804116,1.503969164281097,19.797182431118316,4.510241506507893,0.4392220421393841,3.599949328604003,0.0055465221334854,1.0727801076511574,0.552538281662518,0.020374467523032725,-346.52089531914896,0.125250100040016,0.34615384615384603,0.5660062991367226,0.42004935881489336,0.18997964436082904,0.3362889983579639,0.3442265795206972,0.32132963988919666,0.4292839158064446,0.3475949526424073,0.0011000399297409562,Discount Stores,Consumer Defensive,COST
2013Q3,2013,Q3,2013-06-11,2013-05-12,459000000.0,24083000000.0,722000000.0,1.04,3045000000.0,0.12643773616243822,30006000000.0,10472000000.0,15863000000.0,13509000000.0,19359000000.0,7635000000.0,5802000000.0,48018044880.0,47457044880.0,23.991495757042575,1.1742542009031016,0.16286742651469707,0.46667303284950346,0.03063460211814469,23.991495757042575,0.04383116883116883,1.9938564497778517,26.153619215686273,4.585374797555386,7.16557734204793,2.7554682383759004,0.06849508363406737,0.8026061454375791,0.5658449922274039,0.015296940611877625,32.11909356521739,0.12643773616243822,-0.16129032258064513,0.54556971458616,0.4402532377955233,0.1414075557206015,-0.01932367149758454,-0.16087751371115175,-0.02168021680216802,0.5154127948534668,0.36841718554390845,-0.02707358299886557,Discount Stores,Consumer Defensive,COST
2013Q2,2013,Q2,2013-03-20,2013-02-17,547000000.0,24871000000.0,738000000.0,1.24,3105000000.0,0.12484419605162639,29089000000.0,10112000000.0,15110000000.0,13045000000.0,18806000000.0,7582000000.0,5478000000.0,44543565750.0,45000565750.0,23.19399048110557,1.1582981985435032,0.16741723675616213,0.48160601265822783,0.036927669089239966,23.19399048110557,0.05409414556962025,1.790984107997266,20.358119629798903,4.405020347112342,0.0,2.8707465048799787,0.0,0.8549967341606793,0.5328478344193177,0.01880435903606174,-1391.9864296875,0.12484419605162639,0.3052631578947369,0.6638689270077148,0.462437422549667,0.1271874868183827,0.038808966209434595,0.31490384615384615,0.15492957746478872,0.8454230963889225,0.33861943984644954,-0.042306609921745036,Discount Stores,Consumer Defensive,COST
2013Q1,2013,Q1,2012-12-21,2012-11-25,416000000.0,23715000000.0,639000000.0,0.95,2989000000.0,0.12603837233818257,29323000000.0,12665000000.0,15405000000.0,14135000000.0,16491000000.0,8152000000.0,8099000000.0,41721297980.0,39202297980.0,29.220876603225946,1.089847895295366,0.04699382737100569,0.10880378997236478,0.02965449551344841,29.220876603225946,0.032846427161468614,1.759278852203247,25.07289542067308,3.2942201326490332,0.0,2.542443572129539,0.0,0.8087508099444123,0.4776087725504068,0.014186815810114927,67.94999671009772,0.12603837233818257,-0.27127679975453534,0.594008683550977,0.5058139557044187,0.45093755603310287,-0.25424151696606784,-0.3169129720853859,-0.3266596417281349,0.5774408091392215,0.38274949444108974,0.23485532017999963,Discount Stores,Consumer Defensive,COST
2012Q4,2012,Q4,2012-10-19,2012-09-02,609000000.0,32218000000.0,949000000.0,1.30365,4008000000.0,0.12440250791483022,27140000000.0,12361000000.0,13526000000.0,12260000000.0,14622000000.0,7096000000.0,7834000000.0,42867060000.0,40721060000.0,28.22146118721461,1.1032626427406198,0.05092114959469418,0.11180325216406439,0.044508989786227485,28.22146118721461,0.04926785858749292,1.3305313799739276,17.59731527093596,3.4679281611520105,0.3891625615763547,3.975479143179256,0.005528720654040655,1.1871039056742816,0.4796084828711256,0.022439204126750184,285.7804,0.12440250791483022,0.4814204545454545,0.676309456874044,0.6128685114063736,0.4694346510313531,0.4412081984897519,0.5777202072538861,0.5232744783306581,0.6432129514321295,0.4528656855171275,0.2451473193001455,Discount Stores,Consumer Defensive,COST
2012Q3,2012,Q3,2012-06-06,2012-05-06,386000000.0,22324000000.0,623000000.0,0.88,2781000000.0,0.12457444902347249,27836000000.0,12585000000.0,14591000000.0,12366000000.0,14653000000.0,7044000000.0,7611000000.0,36069721650.0,32651721650.0,29.011666908718716,1.1799288371340773,0.04932461560569047,0.10909813269765593,0.029062267187414333,29.011666908718716,0.030671434247119586,1.615737396971869,23.361218685233165,2.8660883313468415,0.2694300518134715,2.774417944349801,0.002883304756525616,0.8019830435407386,0.5655830502992075,0.013866934904440293,44.257327177914114,0.12457444902347249,-0.02222222222222224,0.7697231424687453,0.5638641135310318,0.5238125201024089,-0.01661951909476662,-0.02030456852791878,-0.03260869565217391,0.8404808284349352,0.4142081125708994,0.33023683822121924,Discount Stores,Consumer Defensive,COST
2012Q2,2012,Q2,2012-03-15,2012-02-12,394000000.0,22967000000.0,644000000.0,0.9,2828000000.0,0.1231331911002743,27511000000.0,12232000000.0,14360000000.0,12409000000.0,14692000000.0,6934000000.0,7339000000.0,36444450450.0,34335450450.0,28.149631214976928,1.1572245950519784,0.08287594053287776,0.18639633747547416,0.029160050572457002,28.149631214976928,0.032210595160235445,1.5868180628728175,23.12465130076142,2.979435125081753,0.26649746192893403,2.9043841938275166,0.0028810970862094584,0.8348297044818436,0.5541945362237086,0.014321544109628876,125.23866134020619,0.1231331911002743,0.2328767123287672,0.6387790514307867,0.5770239950014371,0.4442557080315316,0.0485724879495736,0.23125,0.1860036832412523,0.6445179387401712,0.3602699876331575,0.3378126894576624,Discount Stores,Consumer Defensive,COST
2012Q1,2012,Q1,2011-12-16,2011-11-20,320000000.0,21628000000.0,543000000.0,0.73,2697000000.0,0.12469946365822082,28004000000.0,11909000000.0,14993000000.0,13311000000.0,15557000000.0,7618000000.0,7175000000.0,35297906380.0,33242906380.0,27.426063165846042,1.1263616557734204,0.08084559348664476,0.19010832143756823,0.02272410330163216,27.426063165846042,0.02687043412545134,1.6320467162936934,27.576489359375,2.963968962969183,0.0,2.4850354423733263,0.0,0.7723182402513926,0.5181428893396439,0.011426939008713041,109.96232517133956,0.12469946365822082,-0.3240740740740741,0.4275497917243551,0.6150678092818012,0.4027083728286324,-0.22898799313893653,-0.3305439330543933,-0.2874015748031496,0.21176753290483633,0.31380231340311565,0.3400099923323112,Discount Stores,Consumer Defensive,COST
2011Q4,2011,Q4,2011-10-14,2011-08-28,478000000.0,28178000000.0,762000000.0,1.08,3498000000.0,0.12413939953154944,26761000000.0,12002000000.0,13706000000.0,12050000000.0,14188000000.0,6638000000.0,7111000000.0,33962802840.000004,32106802840.000004,27.489944937654034,1.1374273858921162,0.08045289787377154,0.1793867688718547,0.03486565284791072,27.489944937654034,0.039826695550741545,1.2052950117112642,17.76297219665272,2.8297619430094985,0.4393305439330544,3.7179873455860197,0.0061832352585656026,1.0529501887074475,0.5458921161825726,0.017861813833563767,72.41535786780385,0.12413939953154944,0.4794520547945207,0.4593718163102103,0.5375891185867818,0.42509113917072244,0.3685446009389671,0.47530864197530864,0.37050359712230213,0.21364420672431506,0.23213741737368804,0.3188626269457338,Discount Stores,Consumer Defensive,COST
2011Q3,2011,Q3,2011-06-09,2011-05-08,324000000.0,20623000000.0,556000000.0,0.73,2556000000.0,0.12393929108277166,26974000000.0,11963000000.0,14069000000.0,12494000000.0,14433000000.0,6396000000.0,6994000000.0,35569927800.0,33635927800.0,27.376726921554223,1.1260605090443412,0.07963223845184252,0.1795536236729917,0.025161128845480604,27.376726921554223,0.027083507481400985,1.7247698104058575,27.445931944444446,2.973328412605534,0.2777777777777778,2.8247342088805505,0.0025302272331292164,0.7645510491584488,0.5733151912918201,0.01201156669385334,66.73532420262664,0.12393929108277166,-0.07594936708860765,0.4807943834335179,0.6729880502911204,0.39427605529245197,-0.031818181818181815,-0.06896551724137931,-0.06711409395973154,0.08976951175696614,0.23195216776510516,0.3024616420586828,Discount Stores,Consumer Defensive,COST
2011Q2,2011,Q2,2011-03-17,2011-02-13,348000000.0,20875000000.0,596000000.0,0.79,2640000000.0,0.12646706586826348,25716000000.0,11583000000.0,13138000000.0,10746000000.0,13592000000.0,6127000000.0,6863000000.0,32602678120.0,31392678120.0,26.52502278545944,1.2225944537502327,0.08341110592627159,0.18518518518518517,0.027958298246256365,26.52502278545944,0.030044030044030043,1.5618049398802396,23.421464166666663,2.814700692394026,0.0,2.9761710461889996,0.0,0.8117514387929694,0.6044109436069235,0.013532431171255249,66.26560593495935,0.12646706586826348,0.11267605633802827,0.2695925176258841,0.6050305345723654,0.38063567244664,0.06365834004834811,0.11538461538461539,0.13523809523809524,0.05683533304692449,0.22548168222812742,0.2890698474546071,Discount Stores,Consumer Defensive,COST
2011Q1,2011,Q1,2010-12-17,2010-11-21,312000000.0,19239000000.0,525000000.0,0.71,2482000000.0,0.12900878424034512,26043000000.0,11199000000.0,13558000000.0,11502000000.0,14336000000.0,6852000000.0,6685000000.0,29197498740.000004,27625498740.000004,25.79826260829903,1.178751521474526,0.08320853972276619,0.19349941959103492,0.025874108434335876,25.79826260829903,0.027859630324136082,1.5176203929518168,23.39543168269231,2.6071523118135547,0.28525641025641024,2.445563339171045,0.0030482063135795854,0.738739776523442,0.5450356459746131,0.01198018661444534,70.52535927536233,0.12900878424034512,-0.26804123711340205,0.5742705308592128,0.6206354036163648,0.3450131537428447,-0.199613028055466,-0.2777777777777778,-0.2369186046511628,0.19364481198536823,0.21970232568053363,0.2809905947398296,Discount Stores,Consumer Defensive,COST
2010Q4,2010,Q4,2010-10-18,2010-08-29,432000000.0,24125000000.0,688000000.0,0.97,3101000000.0,0.12853886010362695,23815000000.0,10829000000.0,11708000000.0,10063000000.0,12885000000.0,5638000000.0,6590000000.0,24506570970.0,23459570970.0,24.776294926911188,1.1634701381297823,0.09099307159353348,0.2001108135561917,0.03382237269587223,24.776294926911188,0.03989288022901468,1.0158164132642487,14.182043385416668,2.2630502327084683,0.4166666666666667,3.728981908478184,0.007344968833883332,1.0130170060885997,0.5597734274073338,0.018139827839596893,122.53285485,0.12853886010362695,0.426470588235294,0.3682116474099558,0.6226389422253716,0.36977947338709544,0.3565179352580927,0.4117647058823529,0.40122199592668023,0.19163367618203925,0.21029106408818485,0.2900517818074366,Discount Stores,Consumer Defensive,COST
2010Q3,2010,Q3,2010-06-10,2010-05-09,306000000.0,17780000000.0,491000000.0,0.68,2286000000.0,0.12857142857142856,23899000000.0,10874000000.0,12057000000.0,10189000000.0,12927000000.0,5546000000.0,6614000000.0,25364766960.0,23113766960.0,24.65910611307268,1.1833349690843067,0.09046403615214026,0.19882288026485195,0.024712642562044997,24.65910611307268,0.0281405186683833,1.4265898177727785,20.72284882352941,2.3326068567224576,0.2581699346405229,2.7937252073566534,0.0031145565076384205,0.7439641826017825,0.5972126803415448,0.012803883007657224,37.80144107302534,0.12857142857142856,0.01492537313432837,0.581910639974351,0.6073256715627403,0.3306251288085862,-0.02557544757033248,0.023411371237458192,0.04468085106382979,0.38009184646170185,0.22525728900429368,0.29519805765940094,Discount Stores,Consumer Defensive,COST
2010Q2,2010,Q2,2010-03-17,2010-02-14,299000000.0,18742000000.0,470000000.0,0.67,2346000000.0,0.12517340732045673,23366000000.0,10651000000.0,11501000000.0,9865000000.0,12623000000.0,5365000000.0,0.0,26070514080.0,24161514080.0,24.21859722683305,1.165838824125697,0.09522382949584866,0.20890057271617687,0.023487586233112204,24.21859722683305,0.028072481457140176,1.39102091985914,21.798088695652172,2.44770576283917,0.0,3.0561043802423113,0.0,0.8021056235555936,0.5747592498732894,0.012796370795172473,62.669505,0.12517340732045673,0.11666666666666678,0.055522747424150365,0.5965685949117666,0.33316456155372287,0.057709648331830475,0.12406015037593984,0.09813084112149532,0.22879301217434297,0.27154966335691416,0.24256857996634767,Discount Stores,Consumer Defensive,COST
2010Q1,2010,Q1,2009-12-18,2009-11-22,266000000.0,17299000000.0,428000000.0,0.6,2218000000.0,0.12821550378634602,23478000000.0,10345000000.0,11627000000.0,10285000000.0,13047000000.0,6223000000.0,6288000000.0,26479568610.0,25077568610.0,23.66340098770967,1.1304812834224598,0.09434364085526876,0.2141130981150314,0.02180245721013071,23.66340098770967,0.025712904784920252,1.5306993820452048,24.886812603383458,2.5596489714838087,0.29699248120300753,2.4234292142053673,0.0029834322893827537,0.7368174461197717,0.4898395721925134,0.011329755515802028,60.45563609589041,0.12821550378634602,-0.29090586775394434,0.4675424055851858,0.5922007401927897,0.3427578890654736,-0.22609909281228194,-0.2887700534759358,-0.2842809364548495,0.17864064845415428,0.28308045748904004,0.2102666902771917,Discount Stores,Consumer Defensive,COST
2009Q4,2009,Q4,2009-10-16,2009-08-30,374000000.0,22378000000.0,598000000.0,0.84615,2866000000.0,0.12807221378139244,21979000000.0,10018000000.0,10337000000.0,9281000000.0,11961000000.0,5405000000.0,6101000000.0,22533160000.0,21679160000.0,22.665158371040725,1.1137808425816185,0.10478183720824423,0.22988620483130365,0.03129672076549989,22.665158371040725,0.037332800958275104,1.006933595495576,15.062272727272726,2.2492673188261127,0.4197860962566845,3.609990749306198,0.006967509217526526,1.0181536921606988,0.4914341127033725,0.017016242777196416,97.54614718614718,0.12807221378139244,0.7628125,0.382846585159503,0.6219404877985304,0.4416886204318208,0.41182266009852214,0.780952380952381,0.6657381615598886,0.1278910319683775,0.2061710061217746,0.17497202834440118,Discount Stores,Consumer Defensive,COST
2009Q3,2009,Q3,2009-06-12,2009-05-10,210000000.0,15806000000.0,359000000.0,0.48,2030000000.0,0.12843224092116917,21304000000.0,9473000000.0,10087000000.0,9259000000.0,11740000000.0,5277000000.0,5806000000.0,19988971080.0,19142971080.0,21.8093997062304,1.0894265039421103,0.1050037551633496,0.2361448326823604,0.019047594985320798,21.8093997062304,0.02216826770822337,1.2646445071491839,23.796394142857142,2.110099343397023,0.3333333333333333,2.610574189880614,0.003501931125911659,0.7419263987983478,0.47683335133383736,0.009857303792714983,43.45428495652174,0.12843224092116917,-0.12727272727272737,0.11725448675581125,0.5330078302464057,0.3882392134472254,-0.02027027027027027,-0.12133891213389121,-0.09798994974874371,-0.03442992756305307,0.2899644096338088,0.11073627895079842,Discount Stores,Consumer Defensive,COST
2009Q2,2009,Q2,2009-03-18,2009-02-15,239000000.0,16843000000.0,398000000.0,0.55,2072000000.0,0.12301846464406578,20737000000.0,9121000000.0,9691000000.0,8998000000.0,11528000000.0,4995000000.0,5676000000.0,18535433760.0,18201433760.0,21.041534018030987,1.0770171149144254,0.1143366928678208,0.2599495669334503,0.02172502975937614,21.041534018030987,0.026203267185615612,1.1004829163450691,19.3885290376569,2.032171226839162,0.0,2.957157157157157,0.0,0.8122197039108839,0.4625472327183819,0.011525292954622172,32.80607745132743,0.12301846464406578,-0.08333333333333323,0.11400396365899357,0.5416742232245201,0.3557513219967098,-0.022180273714016045,-0.09125475285171103,-0.05687203791469194,-0.12161836965058345,0.30459736497728995,0.09521837938695943,Discount Stores,Consumer Defensive,COST
2009Q1,2009,Q1,2008-12-19,2008-11-23,263000000.0,16395000000.0,422000000.0,0.6,2119000000.0,0.12924672156145167,20997000000.0,8851000000.0,10100000000.0,9538000000.0,12061000000.0,5933000000.0,5506000000.0,21384701950.0,21534701950.0,20.467058695667255,1.0589222059131893,0.11263513835309806,0.2672014461642752,0.02384416410291666,20.467058695667255,0.029714156592475425,1.3043429063738945,20.327663450570345,2.416077499717546,0.0,2.406202595651441,0.0,0.7808258322617517,0.3765988676871462,0.01252559889508025,-51.653869444444446,0.12924672156145167,-0.3348884442522899,0.7375627400519483,0.6489752940690061,0.3764456617810561,-0.2437164040017717,-0.3389102828357984,-0.3014100921410291,0.33208641731356253,0.38632842530384287,0.06706655335943865,Discount Stores,Consumer Defensive,COST
2008Q4,2008,Q4,2008-10-16,2008-08-31,397828000.0,23099887000.0,604074000.0,0.9021043083900226,2801859000.0,0.12129319074158242,20682348000.0,9192061000.0,9462045000.0,8874165000.0,11408430000.0,5039413000.0,5360854000.0,29573460000.0,29300395000.0,20.84367573696145,1.066246232744151,0.11344766077816697,0.25525983781004064,0.0343110344488853,20.84367573696145,0.04327952131736289,1.2802426262950983,18.5843253868506,3.217282826996035,0.34936957680203506,4.027855625248417,0.00469978825609178,1.116889001190774,0.4533362857237836,0.019235146802481035,-810.6982099290002,0.12129319074158242,0.34642434088063073,0.8085340273287399,0.8366129928254872,0.5263150083968977,0.3563759412691612,0.34826784516006587,0.2974794608817054,0.24875800444743598,0.5398479179123813,0.15236112819334535,Discount Stores,Consumer Defensive,COST
2008Q3,2008,Q3,2008-06-13,2008-05-11,295066000.0,16613717000.0,465575000.0,0.67,2065695000.0,0.12433671525763922,21203350000.0,9115573000.0,10078466000.0,9525513000.0,12010723000.0,5305725000.0,5248498000.0,31953395040.000004,31389166040.000004,21.019219328626306,1.0580496819436391,0.10773906010135191,0.2506072849177995,0.02589699508277143,21.019219328626306,0.03236944073619947,1.9233140326153384,27.073091308385244,3.5053632986099728,0.21346071726325636,2.741947990142723,0.0019711520456951103,0.7835420817936788,0.455324033466754,0.013916008555251883,59.23295456694096,0.12433671525763922,-0.09459459459459453,1.0191519798114943,0.8320121508613624,0.5260303185973637,-0.028683916890840586,-0.09999694982461492,-0.07684818730518785,0.5510446416672002,0.527156484715798,0.13421392074638447,Discount Stores,Consumer Defensive,COST
2008Q2,2008,Q2,2008-03-28,2008-02-17,327850000.0,16959886000.0,504332000.0,0.74,2126697000.0,0.1253957131551474,20668877000.0,8946391000.0,9669405000.0,9169089000.0,11648916000.0,5235648000.0,5235650000.0,27791073680.0,27843545680.0,20.57687008802173,1.0545655080891896,0.11223894747644006,0.2593060151294528,0.028144101984420154,20.57687008802173,0.03664606208246431,1.638635641772592,21.191912215952417,3.1064005228477045,0.0,2.8331142582541835,0.0,0.8205518858136318,0.4270399163973651,0.015862013209522702,115.40568443433051,0.1253957131551474,0.25423728813559326,0.8883194875410774,0.7584076361421591,0.550889473023031,0.07083416623909439,0.25142663017547073,0.27726197531239394,0.17069681706447687,0.4613943306176842,0.1326978904728498,Discount Stores,Consumer Defensive,COST
2008Q1,2008,Q1,2007-12-21,2007-11-25,261981000.0,15809530000.0,394854000.0,0.59,1986019000.0,0.12562163454574551,21004069000.0,8762411000.0,10301909000.0,9693755000.0,12171181000.0,5773342000.0,5085481000.0,28446184199.999996,27922936199.999996,20.13930681008527,1.0627366794394948,0.10565124309961084,0.2532529003718269,0.023249532313115343,20.13930681008527,0.029898277996775087,1.7993061273801305,27.14527408476187,3.2463878035394593,0.0,2.3943689807394053,0.0,0.752688919466033,0.4098644952343029,0.012472868947440612,-171.1728216916189,0.12562163454574551,-0.2878782392487719,0.8823476079460317,0.7995915649825628,0.5722037797316788,-0.21990097629283678,-0.29654800199773373,-0.2886192850052157,0.4522890016855932,0.4620762148006491,0.14278641153895139,Discount Stores,Consumer Defensive,COST
2007Q4,2007,Q4,2007-10-25,2007-09-02,372422000.0,20477260000.0,555053000.0,0.82851,2545855000.0,0.1243259596254577,19606586000.0,8623341000.0,9324153000.0,8581753000.0,10913928000.0,4879465000.0,5132343000.0,27725750000.0,27167732000.0,19.205659242761694,1.086509131642451,0.11331473006060311,0.25763970136400727,0.032763845760168143,19.205659242761694,0.043187669373158266,1.3539775341036837,18.61178313848269,3.215198146518849,0.34398343814275206,3.6748711180426543,0.004620506208127824,1.0444072211245752,0.47980138789825344,0.01899473982874938,1086.0917424005015,0.1243259596254577,0.6908367346938775,0.605916830748857,0.7765805642370072,0.6156499433232968,0.42891661072657755,0.6627021331690374,0.6370106026868004,0.3555441146380931,0.4610376865865099,0.22163630736233708,Discount Stores,Consumer Defensive,COST
2007Q3,2007,Q3,2007-06-15,2007-05-13,223986000.0,14659255000.0,339065000.0,0.49,1781668000.0,0.12153878215502766,19538485000.0,8481264000.0,9690443000.0,8586754000.0,10989523000.0,4954795000.0,5229557000.0,24367263700.0,23427241700.0,19.03886897239102,1.1285339023337573,0.1136686902797223,0.2618612037073719,0.019939742334813635,19.03886897239102,0.02640950688482283,1.662244343249367,27.1973066397007,2.873069827799253,0.26018143991142306,2.5990150954782187,0.002391610347287373,0.7502759297867773,0.5173759490489654,0.011463836628070191,40.54432956241483,0.12153878215502766,-0.09259259259259267,0.7520227479462337,0.734862621449947,0.5992649936808455,-0.04224991721605106,-0.10218135466854793,-0.06161437807200106,0.1619249440839018,0.3863046612624758,0.21188592272928797,Discount Stores,Consumer Defensive,COST
2007Q2,2007,Q2,2007-03-30,2007-02-18,249478000.0,15112016000.0,361328000.0,0.54,1860264000.0,0.12309833446444207,17925221000.0,8788400000.0,8275765000.0,8664500000.0,9070673000.0,4930855000.0,5610470000.0,26062077800.0,25119311800.0,19.490752959075273,0.9551347452247677,0.03509797731364093,0.07158743343498247,0.024279646932504218,19.490752959075273,0.028387192207910427,1.7245930523101616,26.116609280177006,2.9655088298211276,0.0,2.687516059588043,0.0,0.8430588387166886,0.34919002827629986,0.013917708462283395,572.9944112215285,0.12309833446444207,0.058823529411764754,0.3013048829109056,0.6176754698976886,0.6864751970981903,0.05536953682660243,0.053156370574875676,0.02318627173359008,0.11790512605429315,0.3297788639912638,0.25583116080480206,Discount Stores,Consumer Defensive,COST
2007Q1,2007,Q1,2006-12-22,2006-11-26,236886000.0,14151624000.0,353140000.0,0.51,1762666000.0,0.12455574003379401,18415174000.0,8971986000.0,8864259000.0,8946859000.0,9378733000.0,5388792000.0,5844328000.0,,,,,,,,,,,,,,,,,,,,,,,,,,,,,,,Discount Stores,Consumer Defensive,COST
