Year,Date,FillingDate,NetIncome,Revenue,OperatingIncome,EPSDiluted,GrossProfit,GrossProfitRatio,TotalAssets,CommonStockEquity,CurrentAssets,CurrentLiability,TotalLiability,Inventory,RetainedEarnings,EnterpriseValue,bookValuePerShare,currentRatio,debtToAssets,debtToEquity,roic,shareholdersEquityPerShare,roe,priceToSalesRatio,peRatio,pbRatio,payoutRatio,inventoryTurnover,dividendYield,assetTurnover,quickRatio,returnOnAssets,priceToFreeCashFlowsRatio,grossProfitMargin,epsdilutedGrowth,fiveYNetIncomeGrowthPerShare,fiveYRevenueGrowthPerShare,fiveYShareholdersEquityGrowthPerShare,grossProfitGrowth,netIncomeGrowth,operatingIncomeGrowth,threeYNetIncomeGrowthPerShare,threeYRevenueGrowthPerShare,threeYShareholdersEquityGrowthPerShare,Industry,Sector,Price,MarketCap,AvgVolume,Symbol
2022,2022-12-31,2023-03-17,-55700000.0,2301000.0,-30436000.0,-1.85,2301000.0,1.0,52790000.0,43772000.0,51430000.0,6369000.0,9018000.0,392000.0,-253942000.0,-22395965.4452,1.4570897358826789,8.075051028418905,0.07027846182989203,0.08475737914648634,0.8581847439259863,1.4570897358826789,-1.2725029699351182,10.595842918209474,-0.43772054856014364,0.557000698044412,0.0,0.0,0.0,0.0435878007198333,7.974878316847229,-1.0551240765296457,-0.6350881624068768,1.0,0.22268907563025203,-0.42253752985404913,-0.7079209456962685,0.1837580855255827,-0.9174647584203164,0.17101992826420206,0.22568499249497545,0.29895565151946807,-0.1294888816116335,2.3248878885015003,Biotechnology,Healthcare,1,30113700,9772,ANGN
2021,2021-12-31,2022-03-30,-69038000.0,28312000.0,-39307000.0,-2.44,27879000.0,0.9847061317,96513000.0,81507000.0,91247000.0,11296000.0,15006000.0,1437000.0,-215135000.0,-2184007.5,2.88573216509573,8.077815155807366,0.04830437350408753,0.057197541315469835,0.5646466382660728,2.88573216509573,-0.824358644042843,2.8931192603842892,-1.2190619651441414,1.0049442685904277,0.0,0.0,0.0,0.2933490825070198,7.92864730878187,-0.6961860060302757,-1.544742904290429,0.9847061316756146,0.34254143646408847,-0.8251175693710567,2.8223068444430948,1.3444052201932224,15.496449704142012,0.3558712720370424,0.2888571273497006,-0.8251175693710567,2.8223068444430948,1.3444052201932224,Biotechnology,Healthcare,1,30113700,9772,ANGN
2020,2020-12-31,2021-03-30,-104313000.0,2880000.0,-55273000.0,-3.62,1690000.0,0.5868055556,47347000.0,-90449000.0,42297000.0,107449000.0,137796000.0,0.0,-160562000.0,511753284.97999996,-3.1427619481086566,0.3936472186804903,1.1938031976682788,-0.624915698349346,2.622513725567404,-3.1427619481086566,1.153279748808721,170.08239061805554,-4.695841218064863,-5.415618580415483,0.0,0.0,0.0,0.06082750755063679,0.3220783813716275,-2.2031596510866582,-21.363220593135328,0.5868055555555556,-0.3712121212121212,-1.7807681566416693,-0.6184125428048545,-3.553219458856514,0.9952774498229043,-1.333780790657091,-0.4322769557668886,-1.7807681566416693,-0.6184125428048545,-3.553219458856514,Biotechnology,Healthcare,1,30113700,9772,ANGN
2019,2019-12-31,2019-12-31,-44697000.0,1487000.0,-38591000.0,-2.64,847000.0,0.569603228,11886000.0,-18586000.0,6106000.0,26575000.0,30472000.0,0.0,-80455000.0,292839740.82,-1.099783422075587,0.2297648165569144,0.9067810869931011,-0.5798988485957172,4.042368983063292,-1.099783422075587,2.4048746368234153,193.431567464694,-6.435168821621138,-15.4757742827935,0.0,0.0,0.0,0.12510516574120814,0.22619002822201317,-3.7604745078243313,-11.58361486931658,0.5696032279757902,-0.6220649993395,-1.0291691002677745,-0.6644740680113582,-1.8934779280565837,-0.768008764721994,-1.232059925093633,-1.6907683726119092,-1.0291691002677745,-0.6644740680113582,-1.8934779280565837,Biotechnology,Healthcare,1,30113700,9772,ANGN
2018,2018-12-31,2018-12-31,-20025000.0,4029000.0,-14342000.0,-1.627555,3651000.0,0.9061801935964259,26628000.0,18911000.0,25679000.0,7355000.0,7717000.0,0.0,-39797000.0,235975365.7,1.230901612161524,3.491366417403127,0.0,0.0,0.575290814279984,1.230901612161524,-1.0589075141452065,64.90130694961529,-13.058045727840199,13.8272627412617,0.0,0.0,0.0,0.15130689499774674,3.483208701563562,-0.7520279405137449,-32.6044096882793,0.9061801935964259,0.0,-35.83994643867474,-0.32657655063732993,7.878701681310208,0.0,0.0,0.0,0.0,0.0,0.0,Biotechnology,Healthcare,1,30113700,9772,ANGN
2013,2013-12-31,2013-12-31,632241.0,6581072.0,-397800.0,0.037411,3407594.0,0.5177870717718936,11062848.0,2342894.0,2618533.0,1146917.0,6603270.0,0.0,2337126.0,290900025.82,0.13863531587648556,2.2831059265840508,0.48129875778822956,2.2726316256732058,-0.04251847148688268,0.13863531587648556,0.26985471813919026,43.706061994155355,454.9416137517181,122.76814094875823,1.673853799421423,0.0,0.0036792716885532474,0.5948804503144217,2.217258964685326,0.05714993101233968,153.42515791231116,0.5177870717718936,1.057358117025957,1.0573863580895728,-0.09819928221230222,0.3695904429478101,-0.05971909072170467,1.0573863580895728,0.05108809995777843,1.0573863580895728,-0.09819928221230222,0.3695904429478101,Biotechnology,Healthcare,1,30113700,9772,ANGN
2012,2012-12-31,2012-12-31,307303.0,7297701.0,-419217.0,0.018184,3624017.0,0.4965970789978926,11030163.0,1710653.0,2064228.0,1104427.0,6791962.0,0.0,1704885.0,291668364.82,0.10122392178649893,1.869048837089278,0.49320368157750705,3.180140566204835,-0.04347942890893285,0.10122392178649893,0.17964075706762272,39.41415807800292,935.9906698600404,168.14207254188898,1.0152910970605558,0.0,0.001084723523165432,0.6616131602044322,1.7971952876921697,0.027860241049928274,282.6982429886334,0.4965970789978926,0.0,0.0,0.0,0.0,0.0,0.0,0.0,0.0,0.0,0.0,Biotechnology,Healthcare,1,30113700,9772,ANGN
TTM,,,,,,,,,,,,,,,,1191700.0,1.3171897176582954,20.003446578040375,0.0071108770081643406,0.0074875207986688855,-1.0134267550913565,1.3171897176582954,-0.8256949040370616,46.11592649310873,-0.7542859683398457,0.7591920788584682,0.0,0.0,0.0,0.015634352479230014,19.301821762678482,-0.955874254794455,-0.9772098909657322,1.0,,,,,,,,,,,Biotechnology,Healthcare,1,30113700,9772,ANGN
