Quarters,Year,Quarter,FillingDate,Date,NetIncome,Revenue,OperatingIncome,EPSDiluted,GrossProfit,GrossProfitRatio,TotalAssets,CommonStockEquity,CurrentAssets,CurrentLiability,TotalLiability,Inventory,RetainedEarnings,MarketCap,EnterpriseValue,bookValuePerShare,currentRatio,debtToAssets,debtToEquity,roic,shareholdersEquityPerShare,roe,priceToSalesRatio,peRatio,pbRatio,payoutRatio,inventoryTurnover,dividendYield,assetTurnover,quickRatio,returnOnAssets,priceToFreeCashFlowsRatio,grossProfitMargin,epsdilutedGrowth,fiveYNetIncomeGrowthPerShare,fiveYRevenueGrowthPerShare,fiveYShareholdersEquityGrowthPerShare,grossProfitGrowth,netIncomeGrowth,operatingIncomeGrowth,threeYNetIncomeGrowthPerShare,threeYRevenueGrowthPerShare,threeYShareholdersEquityGrowthPerShare,Industry,Sector,Symbol
2023Q1,2023,Q1,2023-05-03,2023-03-31,1010000000.0,6352000000.0,1705000000.0,0.8,4951000000.0,0.7794395466,61876000000.0,20939000000.0,14372000000.0,10528000000.0,40937000000.0,3010000000.0,15223000000.0,103546560000.0,125126560000.0,16.778044871794872,1.3651215805471124,0.4285344883315017,1.2663450976646449,0.0264826776277158,16.778044871794872,0.048235350303261856,16.301410579345088,25.630336633663365,4.9451530636611105,0.9594059405940594,0.4654485049833887,0.009358109047755908,0.10265692675673929,0.9530775075987842,0.016322968517680524,63.331229357798165,0.7794395465994962,-0.3846153846153846,-0.3122572188323164,0.3074478914691178,0.06497521477518807,-0.17386951443350576,-0.38414634146341464,-0.2479047198941332,-0.3415021739489824,0.15776070840959075,-0.04047253236936927,Drug Manufacturers—General,Healthcare,GILD
2022Q4,2022,Q4,2023-02-22,2022-12-31,1640000000.0,7389000000.0,2267000000.0,1.3,5993000000.0,0.8110705102,63171000000.0,21209000000.0,15227000000.0,11237000000.0,41962000000.0,2820000000.0,15687000000.0,107484200000.0,127302200000.0,16.940095846645367,1.3550769778410607,0.39939212613382724,1.189589325286435,0.03827865158380604,16.940095846645367,0.0773256636333632,14.546515089998646,16.384786585365852,5.067857984817766,0.5579268292682927,0.4950354609929078,0.00851287910223084,0.11696822909246331,0.9933256207172733,0.025961279701128683,45.06675052410901,0.8110705102178914,-0.08450704225352106,1.4463098874959606,0.2966207169889751,0.0830987805285928,0.06127147157782894,-0.08328675237562884,-0.20091646105040536,-0.3848892217555768,0.27090059544803147,-0.04789516795325048,Drug Manufacturers—General,Healthcare,GILD
2022Q3,2022,Q3,2022-11-02,2022-09-30,1789000000.0,7042000000.0,2837000000.0,1.42,5647000000.0,0.8019028685,62557000000.0,21057000000.0,13898000000.0,10423000000.0,41500000000.0,2602000000.0,15756000000.0,77420950000.0,97944950000.0,16.77848605577689,1.3333972944449775,0.4032002813434148,1.1978439473809184,0.04396703403958975,16.77848605577689,0.08495987082680344,10.994170690144845,10.8190259921744,3.6767322030678633,0.519284516489659,0.5361260568793236,0.011999336097012502,0.11256933676487044,0.9607598580063321,0.02859791869814729,28.610846267553583,0.8019028685032661,0.5604395604395603,-0.31504768270552813,0.1253330657713128,-0.11802363498311048,0.17206309672063097,0.5638111888111889,0.8303225806451613,2.5463236096709054,0.26861774884757905,0.03175800003248494,Drug Manufacturers—General,Healthcare,GILD
2022Q2,2022,Q2,2022-08-08,2022-06-30,1144000000.0,6260000000.0,1550000000.0,0.91,4818000000.0,0.7696485623,62870000000.0,20215000000.0,13705000000.0,9220000000.0,42655000000.0,2587000000.0,15117000000.0,77633360000.0,99110360000.0,16.094745222929937,1.4864425162689805,0.41698743438842056,1.296858768241405,0.02468403696062889,16.094745222929937,0.05659163987138264,12.401495207667733,16.96533216783217,3.840383873361365,0.8041958041958042,0.5574023965983765,0.011850575577303363,0.09957054238905678,1.0608459869848157,0.01819627803403849,46.795274261603375,0.7696485623003195,94.78947368421053,-0.6126091020828627,-0.08777651616171799,-0.07237147742781541,-0.06736353077816493,94.33333333333333,4.530751708428246,-0.3847065998102724,0.11341725067083448,-0.09620063525287312,Drug Manufacturers—General,Healthcare,GILD
2022Q1,2022,Q1,2022-05-04,2022-03-31,12000000.0,6590000000.0,-439000000.0,0.0095,5166000000.0,0.7839150228,63080000000.0,19915000000.0,13214000000.0,8558000000.0,43165000000.0,2675000000.0,14986000000.0,74609750000.0,96521750000.0,15.868525896414342,1.544052348679598,0.4154724159797083,1.3159929701230229,0.000751423253839562,15.868525896414342,0.0006025608837559629,11.321661608497724,1554.3697916666667,3.7464097414009543,78.75,0.5323364485981309,0.012665904925294616,0.1044705136334813,1.0647347511100724,0.00019023462270133164,46.83600125549278,0.7839150227617603,-0.9683333333333333,-0.99537129055945,0.05584977537964961,0.015411764224351008,0.1189083820662768,-0.9680851063829787,-1.4670212765957447,-0.9938223813606334,0.2687504102129637,-0.07757099704684521,Drug Manufacturers—General,Healthcare,GILD
2021Q4,2021,Q4,2022-02-23,2021-12-31,376000000.0,7244000000.0,940000000.0,0.3,4617000000.0,0.6373550525,67952000000.0,21069000000.0,14772000000.0,11610000000.0,46888000000.0,1618000000.0,16324000000.0,91198160000.0,112555160000.0,16.77468152866242,1.2723514211886304,0.39285083588415354,1.2670273862072239,0.009749295476585085,16.77468152866242,0.01784612463809388,12.589475427940364,60.63707446808511,4.328547154587309,2.377659574468085,1.6236093943139678,0.009802829355329098,0.10660466211443372,0.9485788113695091,0.005533317635978338,29.91084289931125,0.6373550524572059,-0.8536585365853658,-0.8732426694210134,0.03689220702377223,0.16881881144277777,-0.255082284607938,-0.8549382716049383,-0.7553357626236336,127.72611464968153,0.28388188807614745,0.011798717537500348,Drug Manufacturers—General,Healthcare,GILD
2021Q3,2021,Q3,2021-11-03,2021-09-30,2592000000.0,7421000000.0,3842000000.0,2.05,6198000000.0,0.8351974127,67098000000.0,21470000000.0,13991000000.0,10245000000.0,45627000000.0,1676000000.0,16903000000.0,87731600000.0,111055600000.0,17.093949044585987,1.36564177647633,0.4126203463590569,1.289520260829064,0.05879000175670377,17.093949044585987,0.12072659524918491,11.822072496968064,8.461766975308642,4.0862412668840244,0.3472222222222222,0.7297136038186157,0.010258561339357769,0.11059942174133357,1.0057589067837969,0.038630063489224716,28.173281952472703,0.8351974127476082,0.6942148760330578,-0.18071957307626105,0.0414609341825901,0.3397083612131061,0.28402734617775016,0.7030223390275953,0.7105966162065895,0.2754161996664935,0.3683591100103349,-0.03093661861758289,Drug Manufacturers—General,Healthcare,GILD
2021Q2,2021,Q2,2021-08-05,2021-06-30,1522000000.0,6217000000.0,2246000000.0,1.21,4827000000.0,0.7764194949,67984000000.0,19703000000.0,13925000000.0,10214000000.0,48274000000.0,1772000000.0,15392000000.0,86419300000.0,111701300000.0,15.699601593625498,1.3633248482475033,0.4438544363379619,1.531492666091458,0.03759511126797156,15.699601593625498,0.07724711972796021,13.900482547852661,14.195022996057817,4.386098563670507,0.5873850197109067,0.7844243792325056,0.010344911379749662,0.09144798776182632,1.0450362247895046,0.022387620616615676,39.33513882567137,0.7764194949332476,-0.1167883211678833,-0.5370260450904417,-0.14952381830701889,0.349058195641738,-0.046424338206242595,-0.11972238288027762,-0.22283737024221453,-0.13365536204110362,0.13845834791147016,-0.059704555715859337,Drug Manufacturers—General,Healthcare,GILD
2021Q1,2021,Q1,2021-05-06,2021-03-31,1729000000.0,6423000000.0,2890000000.0,1.37,5062000000.0,0.7881052468,67492000000.0,18952000000.0,13278000000.0,9705000000.0,48528000000.0,1779000000.0,14821000000.0,81175280000.0,107276280000.0,15.089171974522293,1.3681607418856259,0.4469566763468263,1.591705360911777,0.044752148752042566,15.089171974522293,0.09123047699451245,12.63821890082516,11.737316367842682,4.283203883495146,0.5303643724696356,0.7650365373805509,0.011296542494217451,0.09516683458780299,0.9882534775888717,0.025617851004563503,33.200523517382415,0.7881052467694224,0.11382113821138222,-0.46611687344381286,-0.09257641841102668,0.5575701478402993,-0.1595550390171011,0.11476466795615732,0.09015465861938891,0.16983498712033993,0.3136412202559788,-0.042224866655303964,Drug Manufacturers—General,Healthcare,GILD
2020Q4,2020,Q4,2021-02-25,2020-12-31,1551000000.0,7421000000.0,2651000000.0,1.23,6023000000.0,0.8116156852,68407000000.0,18202000000.0,15996000000.0,11397000000.0,50186000000.0,1683000000.0,14381000000.0,73116300000.0,98521300000.0,14.503585657370518,1.403527244011582,0.45904658879939186,1.7251950335128008,0.04548864937537935,14.503585657370518,0.0852104164377541,9.852620940574047,11.785348162475822,4.016937699153939,0.5531914893617021,0.8306595365418895,0.0117347294652492,0.10848304998026517,1.0792313766780732,0.0226731182481325,42.14195965417868,0.8116156852176256,3.241379310344828,-0.6210356523936285,-0.0017305806166351668,0.12372661076853704,0.10798381162619573,3.308333333333333,0.3248375812093953,1.4210804332201954,0.2991231577304835,-0.07268435308760066,Drug Manufacturers—General,Healthcare,GILD
2020Q3,2020,Q3,2020-11-04,2020-09-30,360000000.0,6577000000.0,2001000000.0,0.29,5436000000.0,0.8265166489,60878000000.0,17445000000.0,30926000000.0,9509000000.0,43407000000.0,1008000000.0,13709000000.0,79303450000.0,95707450000.0,13.900398406374501,3.252287306762015,0.48112618679982916,1.6789911149326455,0.018320005446570118,13.900398406374501,0.02063628546861565,12.057693477269272,55.071840277777774,4.54591286901691,2.3916666666666666,1.1319444444444444,0.010857030810134994,0.1080357436183843,2.9328005047849404,0.005913466276815927,37.8536754176611,0.8265166489280827,1.1086142322097379,-0.9087684046423002,-0.07570191806613223,0.1678122699279829,0.3326795783280216,1.1075911536162582,0.11725293132328309,-0.8621672251391784,0.05102464833540522,-0.26931292740088153,Drug Manufacturers—General,Healthcare,GILD
2020Q2,2020,Q2,2020-08-06,2020-06-30,-3346000000.0,5143000000.0,1791000000.0,-2.67,4079000000.0,0.7931168579,55934000000.0,18027000000.0,24643000000.0,10564000000.0,37792000000.0,1052000000.0,14445000000.0,96559700000.0,113915700000.0,14.36414342629482,2.33273381294964,0.4309007044016162,1.3369945082376435,0.04784598091504018,14.36414342629482,-0.18561047317912022,18.77497569511958,-7.214562163777644,5.356393187995784,-0.255827854154214,1.0114068441064639,0.00886498197488186,0.09194765259055315,2.0927678909503977,-0.05982050273536668,39.85130004127115,0.7931168578650593,-3.1885245901639343,-1.873675733397665,-0.2682838756570032,0.29821447310775306,-0.10919414719371041,-3.157317859445519,-0.2543713572023314,-2.1339534799299384,-0.24995148937927048,-0.17211555945815885,Drug Manufacturers—General,Healthcare,GILD
2020Q1,2020,Q1,2020-05-06,2020-03-31,1551000000.0,5548000000.0,2402000000.0,1.22,4579000000.0,0.8253424658,59741000000.0,22067000000.0,26950000000.0,8879000000.0,37562000000.0,986000000.0,18709000000.0,94347120000.0,108393120000.0,17.485736925515056,3.0352517175357585,0.4033578279573492,1.0919925680880953,0.03995259169126909,17.485736925515056,0.07028594734218516,17.005609228550828,15.207466150870408,4.2754846603525625,0.5635074145712443,0.9827586206896551,0.009263663798110635,0.092867544902161,2.780943799977475,0.02596206960044191,74.58270355731226,0.8253424657534246,-0.42452830188679247,-0.5779472979086896,-0.13859093862992172,0.5144805905219094,0.09127740705433747,-0.4247032640949555,0.12033582089552239,-0.4050577080310294,-0.1160299708501689,0.11889554809322894,Drug Manufacturers—General,Healthcare,GILD
2019Q4,2019,Q4,2020-02-25,2019-12-31,2696000000.0,5879000000.0,2144000000.0,2.12,4196000000.0,0.7137268243,61627000000.0,22525000000.0,30296000000.0,9759000000.0,38977000000.0,922000000.0,19388000000.0,82264680000.0,95226680000.0,17.79225908372828,3.1044164361102573,0.3990620994044818,1.0918091009988902,0.06436453240533985,17.79225908372828,0.11968923418423974,13.992971593808472,7.628401335311573,3.6521500554938955,0.297106824925816,1.8253796095444685,0.009736863985856384,0.09539649828808801,2.8623834409263242,0.043747058918980314,34.60861590239798,0.7137268242898452,3.3043478260869565,-0.08019935985928205,-0.043854912955997825,0.7370116802861912,-0.08163711971985117,3.308219178082192,2.4555329260013576,-0.09830209356275717,-0.16513825222938733,0.23972112851095537,Drug Manufacturers—General,Healthcare,GILD
2019Q3,2019,Q3,2019-11-05,2019-09-30,-1168000000.0,5604000000.0,-1473000000.0,-0.92,4569000000.0,0.8153104925,59146000000.0,20604000000.0,28361000000.0,9567000000.0,38410000000.0,882000000.0,17616000000.0,80302460000.0,95416460000.0,16.262036306235203,2.964461168600397,0.4157170391911541,1.1933605125218405,-0.025363158496212297,16.262036306235203,-0.0566880217433508,14.32948965024982,-17.18802654109589,3.897420889147738,-0.6883561643835616,1.1734693877551021,0.010012146576829651,0.0947485882392723,2.735549283997073,-0.019747742873567106,29.752671359762875,0.8153104925053534,-1.6258503401360545,-1.5109728905987312,0.1082806960322513,0.8147335851676009,-0.024759871931696906,-1.6212765957446809,-1.6061728395061727,-1.365976710728092,-0.22036432517758492,0.2745086552550947,Drug Manufacturers—General,Healthcare,GILD
2019Q2,2019,Q2,2019-08-06,2019-06-30,1880000000.0,5685000000.0,2430000000.0,1.47,4685000000.0,0.8240985048,63210000000.0,22616000000.0,33727000000.0,8961000000.0,40459000000.0,884000000.0,19829000000.0,86144100000.0,100987100000.0,17.80787401574803,3.763754045307443,0.412640404999209,1.153298549699328,0.038821334441674446,17.80787401574803,0.08312698974177574,15.15287598944591,11.45533244680851,3.808989211177927,0.425531914893617,1.1312217194570136,0.009286764850988054,0.08993830090175606,3.4124539671911616,0.029742129409903496,42.31046168958743,0.8240985048372911,-0.04545454545454549,-0.3793311270150767,0.0499016509986224,0.6963002555735621,0.08348751156336726,-0.04810126582278481,0.08627626285203398,-0.4348811917526608,-0.2314860382035579,0.5302208941184102,Drug Manufacturers—General,Healthcare,GILD
2019Q1,2019,Q1,2019-05-08,2019-03-31,1975000000.0,5281000000.0,2237000000.0,1.54,4324000000.0,0.8187843212,62837000000.0,21951000000.0,34024000000.0,9397000000.0,40746000000.0,898000000.0,19326000000.0,84062880000.0,93713880000.0,17.202978056426332,3.6207300202192187,0.4229673599949075,1.21078766343219,0.038603072608920395,17.202978056426332,0.08997312195344176,15.917985230070062,10.640870886075948,3.829569495694957,0.4136708860759494,1.0657015590200445,0.00971891517397453,0.08404284100132088,3.318825156964989,0.031430526600569726,69.64613090306545,0.8187843211512971,668.5652173913044,0.06771634546267735,0.27211334845838064,0.9744655322513698,0.023431952662721894,657.3333333333334,0.9554195804195804,-0.3997153102182401,-0.2656091254183952,0.7757664317090325,Drug Manufacturers—General,Healthcare,GILD
2018Q4,2018,Q4,2019-02-26,2018-12-31,3000000.0,5795000000.0,1144000000.0,0.0023,4225000000.0,0.7290767903,63675000000.0,21387000000.0,35836000000.0,10605000000.0,42141000000.0,814000000.0,19024000000.0,80689500000.0,90071500000.0,16.57906976744186,3.379160773220179,0.42908519827247743,1.2775050264179175,6.934966342781633e-05,16.57906976744186,0.00014027212792818068,13.923986194995686,6724.125,3.772829288820311,245.33333333333334,1.9287469287469288,0.009121385062492642,0.09100903023164507,3.150966525223951,4.7114252061248525e-05,38.47854077253219,0.729076790336497,-0.9985625,-0.9954926486467075,1.208641905625655,1.2368006708926296,-0.06319290465631928,-0.9985693848354793,-0.5638581776591689,-0.9992868812975185,-0.2416096617617842,0.28453351602711313,Drug Manufacturers—General,Healthcare,GILD
2018Q3,2018,Q3,2018-11-06,2018-09-30,2097000000.0,5596000000.0,2623000000.0,1.6,4510000000.0,0.8059328091,64305000000.0,22861000000.0,34918000000.0,10116000000.0,41298000000.0,816000000.0,20706000000.0,101036159999.99998,113784159999.99998,17.63966049382716,3.451759588770265,0.4248036700101081,1.1949171077380691,0.04118728467795788,17.63966049382716,0.09172827085429333,18.055067905646887,12.045321888412015,4.419586194829622,0.35383881735813066,1.3308823529411764,0.00734390538991189,0.08702278205427261,3.156484776591538,0.03261021693491952,49.406435207823954,0.8059328091493925,0.15107913669064763,2.143560925157106,1.3772458034627495,1.4831661591048433,0.01302785265049416,0.15410016510731975,0.15043859649122807,-0.4853879830917874,-0.23844611137156854,0.48195838420059356,Drug Manufacturers—General,Healthcare,GILD
2018Q2,2018,Q2,2018-08-06,2018-06-30,1817000000.0,5648000000.0,2280000000.0,1.39,4452000000.0,0.7882436261,65355000000.0,21672000000.0,32728000000.0,10912000000.0,43621000000.0,859000000.0,19825000000.0,91950320000.0,107776320000.0,16.696456086286595,2.9992668621700878,0.4446484584194017,1.3409007013658176,0.03918963857146713,16.696456086286595,0.08384090070136582,16.28015580736544,12.65139240506329,4.2428165374677,0.40726472206934505,1.3923166472642607,0.008047824085875937,0.08642031979190574,2.6995967741935485,0.027802004437303955,72.06137931034483,0.7882436260623229,0.18803418803418803,1.7665983567549361,1.400890730024167,1.2984646717160913,0.0893075605578664,0.18140442132639792,0.058987459359033906,-0.541279343383272,-0.2230558116132832,0.5090061619091217,Drug Manufacturers—General,Healthcare,GILD
2018Q1,2018,Q1,2018-05-09,2018-03-31,1538000000.0,5088000000.0,2153000000.0,1.17,4087000000.0,0.8032625786,65381000000.0,20591000000.0,30258000000.0,10670000000.0,44730000000.0,885000000.0,19196000000.0,98534730000.0,119945730000.0,15.754399387911247,2.835801312089972,0.44437986571022164,1.4110048079257929,0.032829914825165216,15.754399387911247,0.07469282696323637,19.366102594339623,16.016698634590377,4.785329998543053,0.4895968790637191,1.1310734463276837,0.007641975575515354,0.07782077361924718,2.6029053420805996,0.02352365366084948,47.87887755102041,0.8032625786163522,1.3993174061433444,1.4789462019134367,1.339407311570285,1.3608901438102927,-0.12912848923929257,1.4009384775808134,-0.06023570493234395,-0.5958942872010695,-0.23721199779393345,0.36452539518113725,Drug Manufacturers—General,Healthcare,GILD
2017Q4,2017,Q4,2018-02-27,2017-12-31,-3836000000.0,5949000000.0,2291000000.0,-2.93,4693000000.0,0.7888720793,70283000000.0,20442000000.0,31823000000.0,11635000000.0,49782000000.0,801000000.0,19012000000.0,93633480000.0,119587480000.0,15.640397857689365,2.735109583154276,0.47724200731329053,1.6408374914391939,-0.07657294785368272,15.640397857689365,-0.18765287153898835,15.739364599092285,-6.102286235662149,4.580446140299384,-0.1777893639207508,1.568039950062422,0.00728371945590402,0.08464351265597655,2.5235066609368286,-0.054579343511233155,36.96544808527438,0.7888720793410657,-2.4223300970873787,-6.839624679250254,1.6680957428364778,1.5489153619525924,-0.14361313868613138,-2.4113318616629873,-0.39900314795383,-2.26768262016556,-0.06282126720850119,0.5269311016258383,Drug Manufacturers—General,Healthcare,GILD
2017Q3,2017,Q3,2017-11-07,2017-09-30,2718000000.0,6512000000.0,3812000000.0,2.06,5480000000.0,0.8415233415,64662000000.0,24845000000.0,35317000000.0,9597000000.0,39408000000.0,1144000000.0,23689000000.0,105812120000.0,123566120000.0,19.02373660030628,3.680004167969157,0.45253781200705206,1.1777822499496882,0.052048082918036476,19.02373660030628,0.10939826926947072,16.248789926289927,9.732534952170713,4.258889917488428,0.2509197939661516,0.9020979020979021,0.006445386407530632,0.10070829853700783,3.3874127331457746,0.042033961213695833,41.25228849902534,0.8415233415233415,-0.11587982832618027,3.66685602455462,2.1125780748443197,2.349347345001796,-0.0889443059019119,-0.11552229092092418,-0.10390220968500236,0.15355394044884635,0.24939416112152446,1.1229207138543333,Drug Manufacturers—General,Healthcare,GILD
2017Q2,2017,Q2,2017-08-07,2017-06-30,3073000000.0,7141000000.0,4254000000.0,2.33,6015000000.0,0.8423190029,60263000000.0,22677000000.0,28592000000.0,8492000000.0,37172000000.0,1408000000.0,21823000000.0,92509460000.0,110093460000.0,17.350420811017596,3.3669335845501647,0.4363539817134892,1.1595890108920932,0.06478400985649865,17.350420811017596,0.13551175199541385,12.954692620081222,7.525989261308168,4.079439961194162,0.22128213472177025,0.7997159090909091,0.007350599603543248,0.11849725370459487,3.011540273198304,0.050993146706934604,27.184678225095503,0.8423190029407646,0.13658536585365866,4.00231190676467,2.439002891361915,2.282484737374741,0.08417447728911319,0.13730569948186527,0.1292805946376427,-0.01419092884183769,0.2814607718834954,0.6527252624322718,Drug Manufacturers—General,Healthcare,GILD
2017Q1,2017,Q1,2017-05-10,2017-03-31,2702000000.0,6505000000.0,3767000000.0,2.05,5548000000.0,0.8528823982,57701000000.0,20441000000.0,21424000000.0,8282000000.0,36784000000.0,1474000000.0,19564000000.0,88839360000.0,104875360000.0,15.627675840978593,2.5868147790388796,0.45616193826796764,1.2876571596301551,0.060111410462715585,15.627675840978593,0.13218531383004745,13.657088393543429,8.21977794226499,4.346135707646397,0.2542561065877128,0.6492537313432836,0.007733058860397013,0.11273634772360965,2.19137889398696,0.04682761130656314,31.649219807623798,0.8528823981552652,-0.12393162393162395,6.069922011692087,2.295752053427381,2.2320534507628618,-0.11160928742994396,-0.13063063063063063,-0.06872682323856613,0.4250072254487036,0.5286211829837411,0.7936607950088626,Drug Manufacturers—General,Healthcare,GILD
2016Q4,2016,Q4,2017-02-27,2016-12-31,3108000000.0,7320000000.0,4045000000.0,2.34,6245000000.0,0.8531420765,56977000000.0,18887000000.0,20445000000.0,9219000000.0,37614000000.0,1587000000.0,18154000000.0,94238760000.0,112355760000.0,14.351823708206688,2.2177025707777416,0.462397107604823,1.3949277280669243,0.07069661868682653,14.351823708206688,0.16455763223381162,12.874147540983607,7.580337837837837,4.989609784507862,0.19916344916344916,0.6773787019533711,0.006568422589601137,0.12847289257068642,1.7799110532595726,0.054548326517717675,28.410841121495327,0.8531420765027322,-0.060240963855421825,4.446943051770987,2.8779476522161858,2.2671190464307,-0.019777115052582013,-0.06666666666666667,-0.08047283473516709,3.5773591509073333,1.7347445767945242,0.9363070033091976,Drug Manufacturers—General,Healthcare,GILD
2016Q3,2016,Q3,2016-11-07,2016-09-30,3330000000.0,7500000000.0,4399000000.0,2.49,6371000000.0,0.8494666667,56609000000.0,16868000000.0,21425000000.0,11073000000.0,39249000000.0,1900000000.0,16654000000.0,104596640000.0,121858640000.0,12.75945537065053,1.9348866612480808,0.4782101785935099,1.604873132558691,0.07784984395940872,12.75945537065053,0.1974152240929571,13.946218666666667,7.8526006006006,6.200891629120228,0.1870870870870871,0.5942105263157895,0.005956214272274903,0.13248776696285042,1.566061591258015,0.05882456853150559,25.31380445304937,0.8494666666666667,-0.0348837209302325,4.213938997070329,3.1020227460691694,2.2000330015400915,-0.07826967592592593,-0.04775521875893623,-0.030630233583076247,3.893743823025769,2.123425800368797,0.7961710655426399,Drug Manufacturers—General,Healthcare,GILD
2016Q2,2016,Q2,2016-08-05,2016-06-30,3497000000.0,7776000000.0,4538000000.0,2.58,6912000000.0,0.8888888889,49980000000.0,15536000000.0,18353000000.0,10444000000.0,33865000000.0,1862000000.0,14949000000.0,111365700000.0,127007700000.0,11.637453183520599,1.7572769054002297,0.4427170868347339,1.424240473738414,0.09578362112395329,11.637453183520599,0.22509011328527292,14.321720679012346,7.961517014583929,7.168235066941298,0.17901058049756935,0.4640171858216971,0.005621120326994757,0.15558223289315726,1.388739946380697,0.06996798719487796,23.51471706081081,0.8888888888888888,0.01976284584980248,4.509805543652563,3.2777156692216654,2.0208000107822346,0.0471140736252083,-0.019349411104879418,-0.024295850354762418,4.177024811749403,2.2138631896524923,0.6020330825199117,Drug Manufacturers—General,Healthcare,GILD
2016Q1,2016,Q1,2016-05-06,2016-03-31,3566000000.0,7794000000.0,4651000000.0,2.53,6601000000.0,0.8469335386,47765000000.0,13398000000.0,19267000000.0,10910000000.0,33746000000.0,1880000000.0,13045000000.0,127042380000.0,143549380000.0,9.68763557483731,1.765994500458295,0.4777975505076939,1.703388565457531,0.10174088527069752,9.68763557483731,0.26615912822809373,16.30002309468822,8.906504486819967,9.48218987908643,0.16461020751542343,0.6345744680851064,0.004620505377811719,0.16317387208206846,1.3274060494958753,0.07465717575630693,34.00491970021413,0.8469335386194509,-0.20440251572327053,5.305070093417184,3.6587193165081313,1.5940611661365924,-0.11324556689951638,-0.23852231475549862,-0.17256715886852872,4.43182178634039,2.386667415084831,0.4517496213158851,Drug Manufacturers—General,Healthcare,GILD
2015Q4,2015,Q4,2016-02-24,2015-12-31,4683000000.0,8506000000.0,5621000000.0,3.18,7444000000.0,0.8751469551,51839000000.0,18534000000.0,24763000000.0,9891000000.0,32726000000.0,1955000000.0,18001000000.0,145308840000.0,154635840000.0,12.906685236768801,2.5035891214235164,0.4278246108142518,1.1966116326750835,0.1189710815318849,12.906685236768801,0.25267076723858856,17.083098988948976,7.757251761691224,7.840123017157657,0.13111253469997863,0.5432225063938619,0.004225482771729511,0.16408495534250275,2.0686482661004955,0.09033739076756882,30.864239592183516,0.8751469550905243,0.03921568627450984,7.631931682709677,3.937467795797356,2.66706791611271,0.02945650670723275,0.018043478260869564,0.006445837063563115,5.488609562649791,2.4721938779834223,1.1034022645218646,Drug Manufacturers—General,Healthcare,GILD
2015Q3,2015,Q3,2015-11-04,2015-09-30,4600000000.0,8295000000.0,5585000000.0,3.06,7231000000.0,0.8717299578,50637000000.0,17414000000.0,25910000000.0,9360000000.0,32693000000.0,1988000000.0,16961000000.0,143651970000.0,151911970000.0,11.902939166097061,2.768162393162393,0.4389083081541166,1.2762719650855634,0.11823778312722613,11.902939166097061,0.26415527736304123,17.317898734177216,7.807172282608696,8.24922303893419,0.13630434782608697,0.5352112676056338,0.0043647156387761335,0.16381302209846554,2.3310897435897435,0.09084266445484528,37.70392913385827,0.8717299578059071,0.0479452054794521,6.431541494748132,3.874987562044827,2.475174952865842,-0.002070107645597571,0.02404274265360641,-0.00551994301994302,6.050690204619097,2.5393303745531384,1.0956491635320071,Drug Manufacturers—General,Healthcare,GILD
2015Q2,2015,Q2,2015-08-05,2015-06-30,4492000000.0,8244000000.0,5616000000.0,2.92,7246000000.0,0.878942261,39167000000.0,16287000000.0,18093000000.0,8925000000.0,22533000000.0,2039000000.0,16038000000.0,172341760000.0,177198760000.0,11.064538043478262,2.0272268907563027,0.3133760563739883,0.7536071713636643,0.160452381123465,11.064538043478262,0.27580278749923254,20.905114022319264,9.591593944790738,10.581553386136182,0.0,0.48945561549779304,0.0,0.2104833150356167,1.5621288515406162,0.11468838563076059,31.409105157645342,0.878942261038331,0.05797101449275368,6.55815532841196,4.125061165922997,1.9734824257588672,0.07955899880810488,0.03669513039464574,0.045615341649599704,5.4925564228632435,2.525163531147315,1.0932735666420683,Drug Manufacturers—General,Healthcare,GILD
2015Q1,2015,Q1,2015-05-08,2015-03-31,4333000000.0,7594000000.0,5371000000.0,2.76,6712000000.0,0.8838556755,38321000000.0,17180000000.0,20062000000.0,7428000000.0,20733000000.0,1908000000.0,13916000000.0,146017440000.0,147745440000.0,11.545698924731182,2.700861604738826,0.3226168419404504,0.719615832363213,0.15032825194603935,11.545698924731182,0.25221187427240976,19.22800105346326,8.424731133164089,8.49926891734575,0.0,0.46226415094339623,0.0,0.19816810626027503,2.1713785675821216,0.11307116202604316,26.18207638515331,0.8838556755333158,0.2660550458715594,5.142097717961256,3.4119517278119926,1.8356516197315234,0.07366421023855277,0.24271414735268618,0.24030914665068034,8.96604354109303,2.382070341940816,1.3878353013502076,Drug Manufacturers—General,Healthcare,GILD
2014Q4,2014,Q4,2015-02-25,2014-12-31,3486723000.0,7314269000.0,4330372000.0,2.18,6251489000.0,0.8546977148,34664000000.0,15426000000.0,17714000000.0,5761000000.0,18845000000.0,1386000000.0,12732000000.0,141955560000.0,144332560000.0,10.243027888446216,3.0748134004513106,0.3578352180936995,0.8040969791261506,0.12734949463750384,10.243027888446216,0.22602897705173083,19.408031069133497,10.17829348646279,9.202357059509918,0.0,0.7667965367965368,0.0,0.21100475998153703,2.5625759416767924,0.10058628548349872,49.75282628444534,0.854697714836575,0.30538922155688636,4.214041233156657,3.317301696776975,1.9064323072446556,0.23681013808218615,0.2765921690756768,0.24463766766315354,4.339740952467034,2.386044857168372,1.3317727550072493,Drug Manufacturers—General,Healthcare,GILD
2014Q3,2014,Q3,2014-11-05,2014-09-30,2731274000.0,6041832000.0,3479223000.0,1.67,5054526000.0,0.8365883063,28844393000.0,13566223000.0,12562031000.0,6054952000.0,14980783000.0,1909584000.0,11247655000.0,161154548550.0,164355610550.0,8.961114975305486,2.074670616711743,0.3262374770722338,0.6936434702569757,0.12238122382223474,8.961114975305486,0.20132899186457426,26.67312638782409,14.750858807098814,11.87910213107952,0.0,0.5170267450921248,0.0,0.20946296217777924,1.513916708175391,0.09468994546011074,41.226962811080185,0.8365883063282792,-0.240909090909091,3.84287378028245,3.002537202404114,1.8671534375144474,-0.0990525528881683,-0.2528506318947432,-0.21155310004747602,2.7344060305211504,1.8856257112642771,1.2474206632309155,Drug Manufacturers—General,Healthcare,GILD
2014Q2,2014,Q2,2014-08-04,2014-06-30,3655593000.0,6534943000.0,4412755000.0,2.2,5610234000.0,0.8584977711,31206164000.0,16090629000.0,15499339000.0,6227997000.0,14776822000.0,2068753000.0,10199576000.0,127078063930.0,127852156930.0,10.498067165430413,2.488655501921404,0.30457492308250383,0.59069257019101,0.14612198047260785,10.498067165430413,0.2271877003689539,19.44593302956124,8.69066003313279,7.897644270463261,0.0,0.44698859651200507,0.0,0.20941192900223174,1.9646411197693254,0.11714329899695458,31.037830173978627,0.8584977711358768,0.6541353383458647,6.560092884292632,3.688299472981229,2.6637526217044005,0.3403171856137644,0.6411855024445432,0.45029990304504297,4.016676166679868,2.1312306379034105,1.7250430920256583,Drug Manufacturers—General,Healthcare,GILD
2014Q1,2014,Q1,2014-05-07,2014-03-31,2227410000.0,4998956000.0,3042650000.0,1.33,4185751000.0,0.8373250335,28077692000.0,13387322000.0,12970629000.0,5914776000.0,14375498000.0,2140228000.0,7734979000.0,108878161500.0,112277851500.0,8.712726444411903,2.192919731871503,0.34916840743177896,0.7323229395692432,0.09889893975478327,8.712726444411903,0.16638204414594643,21.78018000158433,12.220264960200412,8.13293065633291,0.0,0.37996185453138637,0.0,0.1780401323584574,1.6408440488701517,0.07933023839708762,77.5193954837497,0.837325033466988,1.8297872340425536,3.4774324868693367,2.867978763372481,2.2999656187040087,0.8502167923571687,1.8144794550492727,1.5418093448762407,2.544796388257116,1.6894780700373708,1.3330094475606677,Drug Manufacturers—General,Healthcare,GILD
2013Q4,2013,Q4,2014-02-25,2013-12-31,791411000.0,3119826000.0,1197041000.0,0.47,2262303000.0,0.7251375557,22496785000.0,11369067000.0,7273753000.0,6325421000.0,10752284000.0,2055788000.0,6105244000.0,115194538199.99998,119717484199.99998,7.411956721573107,1.1499239339168097,0.2949644582548129,0.5836672437588766,0.047004790250822326,7.411956721573107,0.06961090122874639,36.92338553496252,36.3889743129676,10.132277186861506,0.0,0.41712618227171283,0.0,0.1386787489856884,0.6690223464967786,0.03517884888885234,175.2501284772141,0.7251375557483013,0.0,0.6722919366882139,1.622687103278573,2.2871778444684203,0.07679233114306996,0.003556909280426474,0.04284490892189908,0.3656782972968558,0.6953983632010823,1.1058969201375872,Drug Manufacturers—General,Healthcare,GILD
2013Q3,2013,Q3,2013-10-31,2013-09-30,788606000.0,2782833000.0,1147861000.0,0.47,2100965000.0,0.7549734389,22468428000.0,10883610000.0,6968061000.0,4895124000.0,11275955000.0,1946048000.0,5735335000.0,96323441350.0,101626177350.0,7.103697200909859,1.4234697629722965,0.325499941517938,0.6719711566290965,0.04587520437170297,7.103697200909859,0.0724581274044182,34.6134465668619,30.53598417650893,8.850320927523128,0.0,0.35038601308909134,0.0,0.12385526036801507,0.8298911324820373,0.035098405638347284,134.54573071421788,0.7549734389379457,0.021739130434782507,0.8807683598436492,1.4393542887857276,2.1403146532105612,0.00875485120257969,0.0207104535953042,-0.005180103272729794,0.2165695682065647,0.561708818449766,1.073991158054435,Drug Manufacturers—General,Healthcare,GILD
2013Q2,2013,Q2,2013-08-01,2013-06-30,772605000.0,2767394000.0,1153838000.0,0.46,2082731000.0,0.7525964861,22624374000.0,11092000000.0,7072529000.0,4937138000.0,11280990000.0,1935147000.0,5065839000.0,78874343975.0,84009944975.0,7.264177819109398,1.4325159637020477,0.32433060910326184,0.6615377749729535,0.04468065362180941,7.264177819109398,0.06965425531914894,28.501306274061445,25.522208623746938,7.110921743148215,0.0,0.3538041296087584,0.0,0.12231914129425195,0.8473093115890218,0.03414923215113046,86.89204692925634,0.7525964860804063,0.06976744186046518,1.1087968573029325,1.6170376466972207,2.5540585382700534,0.09779953162234403,0.06981442453883072,0.1254112375507067,0.2531931014110219,0.6585038370114588,0.9521741439029837,Drug Manufacturers—General,Healthcare,GILD
2013Q1,2013,Q1,2013-05-08,2013-03-31,722186000.0,2531635000.0,1025259000.0,0.43,1897187000.0,0.7493919937,22211668000.0,10152231000.0,6663097000.0,4290215000.0,11819195000.0,1799618000.0,4301539000.0,72995428560.0,79129063560.0,6.673076012967242,1.5530916282750398,0.36006332347485115,0.7877684225270288,0.04312346090638698,6.673076012967242,0.07113569421341968,28.833314660288707,25.268915681001843,7.190087435953733,0.0,0.3525459291916396,0.0,0.11397770757243446,0.9062401301566472,0.03251381210992349,115.27165317798584,0.7493919937115737,-0.08510638297872336,0.7760182472087105,1.4550435468755056,2.720283539564983,-0.007989680344811179,-0.052921744535703655,-0.07382588531169855,0.0012547970914333927,0.4385625913207735,0.6389236310527393,Drug Manufacturers—General,Healthcare,GILD
2012Q4,2012,Q4,2013-02-27,2012-12-31,762541000.0,2588285000.0,1106983000.0,0.47,1912467000.0,0.7388935144,21239838000.0,9309739000.0,6156347000.0,4270020000.0,11688969000.0,1744982000.0,3704744000.0,55719463800.0,62139814800.0,6.136099335094463,1.4417606943293007,0.38719904549177825,0.8833808337698833,0.04686363950315591,6.136099335094463,0.08190788162804565,21.52756122297197,18.26769439282609,5.985072599779651,0.0,0.3872922471406582,0.0,0.12185992190712566,0.846281282054885,0.03590145084910723,127.83886412286598,0.7388935144313705,0.09302325581395345,1.3199111369421084,1.889050437948765,2.2878343856237557,0.04544783658261394,0.12884582645576273,0.06041589632862477,0.13187915579326587,0.5164685690636438,0.7411020981498367,Drug Manufacturers—General,Healthcare,GILD
2012Q3,2012,Q3,2012-11-06,2012-09-30,675505000.0,2426597000.0,1043914000.0,0.43,1829328000.0,0.7538655986,20963829000.0,8603642000.0,5880379000.0,4802148000.0,12213667000.0,1617369000.0,3139393000.0,51078044400.0,58298611400.0,5.6798339021765685,1.2245309807194613,0.4184005221565202,1.019484190532335,0.04239033616211991,5.6798339021765685,0.07851384332355996,21.049248968823417,18.903651490366464,5.936793325431252,0.0,0.3692843129799075,0.0,0.11575161197889947,0.7208390911733665,0.03222240555387091,75.24933469262682,0.7538655986140261,-0.06521739130434788,1.0755980061623325,1.804969821144004,2.53136791044692,0.023205083673548153,-0.05067569466695898,-0.014331144036589834,0.19706202697229533,0.606625276574147,0.8172911899929605,Drug Manufacturers—General,Healthcare,GILD
2012Q2,2012,Q2,2012-08-01,2012-06-30,711564000.0,2405186000.0,1059092000.0,0.46,1787841000.0,0.7433275431,20501950000.0,8002120000.0,5844102000.0,4986674000.0,12418563000.0,1603401000.0,2663077000.0,38816447280.0,46290140280.0,5.285758259121132,1.1719438647884342,0.4438208560649109,1.1370977940845677,0.04509852026827575,5.285758259121132,0.08892193568704293,16.13864677409564,13.637721722852758,4.850770455829205,0.0,0.3850222121602768,0.0,0.11731498711098212,0.6838951172665387,0.034707137613739183,30.972406565602164,0.7433275430673553,0.6428571428571428,1.146969771063944,1.824542485459717,2.9570066306744334,0.05073293376855255,0.6100335780032401,0.32355727293404285,0.48987273945382204,0.7469807532171836,0.8446929681799912,Drug Manufacturers—General,Healthcare,GILD
2012Q1,2012,Q1,2012-05-04,2012-03-31,441956000.0,2282449000.0,800186000.0,0.28,1701518000.0,0.7454790885,19950386000.0,7313612000.0,5826532000.0,4187904000.0,12586302000.0,1418033000.0,2178639000.0,36952133960.0,44929010960.0,4.835215778157998,1.391276399841066,0.47261336196703163,1.289215096453025,0.03126546310495012,4.835215778157998,0.06042923797434154,16.189686586644434,20.902609060630468,5.052514948837866,0.0,0.40967382282358733,0.0,0.11440625760323635,0.8633438111284308,0.022152754337685498,85.98118519207948,0.7454790884703228,-0.34883720930232553,0.3295850098425747,1.7201440782167898,2.7621139174901654,0.05296451395511318,-0.33554939148606694,-0.0775698693681439,-0.0975326694274935,0.7940288520411024,0.8313493403859021,Drug Manufacturers—General,Healthcare,GILD
2011Q4,2011,Q4,2012-02-23,2011-12-31,665145000.0,2200378000.0,867476000.0,0.43,1615931000.0,0.7343879097,17303134000.0,6738856000.0,13918785000.0,2514790000.0,10435785000.0,1389983000.0,1776760000.0,31394660690.0,29118189690.0,4.392807089134366,5.5347702989116385,0.43964902543088435,1.1288720221948652,0.04886759357804258,4.392807089134366,0.09870295492291273,14.267848837790599,11.799931101489149,4.658752270415038,0.0,0.42047061007220954,0.0,0.1271664427958542,4.712693704046859,0.038440724090791877,32.97768867969122,0.7343879097136946,-0.10416666666666664,1.476295855685721,1.918581850612379,3.426711472164732,0.01651914138208472,-0.10251860687280401,-0.13570288478974332,0.40531684040639004,0.8495296934245917,0.9481951501953158,Drug Manufacturers—General,Healthcare,GILD
2011Q3,2011,Q3,2011-11-04,2011-09-30,741124000.0,2121660000.0,1003678000.0,0.48,1589671000.0,0.7492581281,12639898000.0,6116764000.0,6147267000.0,2224431000.0,6406692000.0,1337751000.0,1321796000.0,29760880399.999996,32744866399.999996,3.9872886824947558,2.763523345970273,0.3080202862396516,0.6365040403716736,0.07584748320532675,3.9872886824947558,0.12116275860896382,14.0271675951849,10.039102903157906,4.865461606823477,0.0,0.39767415610229406,0.0,0.16785420262093886,1.8540593077510608,0.05863370099980237,35.735198008686176,0.7492581280695305,0.02127659574468087,17.945852814556645,2.379809735776767,1.2115931089502927,-0.00855624645282807,-0.006838401719583987,-0.01282558192143741,0.7652677848165884,0.8574109880630931,0.7626512958090544,Drug Manufacturers—General,Healthcare,GILD
2011Q2,2011,Q2,2011-08-05,2011-06-30,746227000.0,2137253000.0,1016718000.0,0.47,1603390000.0,0.7502106676,12694140000.0,6046845000.0,6219045000.0,2310841000.0,6482809000.0,1321615000.0,1395908000.0,32498857869.999996,35471269870.0,3.85244079117541,2.691247472240626,0.305510337840925,0.6413577659093296,0.07740499729959431,3.85244079117541,0.1234076613506713,15.2059011591047,10.887725139267273,5.374514787463545,0.0,0.40394744309046127,0.0,0.1683653244725519,1.821398789445055,0.058785155985360174,35.4551044816827,0.7502106676186675,0.17499999999999988,2.2812725062255113,2.636109124331086,1.2045757630339105,0.10427601425085556,0.1460298153548924,0.12722055857795556,0.9814299373547678,0.9661898099424958,0.8848382333150879,Drug Manufacturers—General,Healthcare,GILD
2011Q1,2011,Q1,2011-05-09,2011-03-31,651141000.0,1926094000.0,901969000.0,0.4,1451983000.0,0.7538484622,12987354000.0,5946253000.0,6851132000.0,2768765000.0,6811993000.0,1304457000.0,1320335000.0,33811004050.0,36478249050.0,3.7345440043209837,2.4744360752898857,0.3467390663255964,0.7573211230669129,0.06388555821599254,3.7345440043209837,0.10950442236480688,17.55418170141229,12.981444898263202,5.6861025001795245,0.0,0.3634546788433808,0.0,0.14830534379828256,1.7381435405316088,0.05013654051471916,41.96621460097906,0.7538484622245851,0.05263157894736847,1.873185502766318,2.2223745299497173,1.034240769580107,-0.03352547675308683,0.0345111920676052,0.08752069314344071,0.5300408187687436,0.7846999181417741,1.0820327177538862,Drug Manufacturers—General,Healthcare,GILD
2010Q4,2010,Q4,2011-02-28,2010-12-31,629419000.0,1998687000.0,829381000.0,0.38,1502350000.0,0.7516684704,11592630000.0,5863729000.0,5708082000.0,2464950000.0,5470793000.0,1203809000.0,1183730000.0,30188137440.0,32872201440.0,3.5196199066993517,2.31569889855778,0.30984711838469786,0.6125697487042802,0.06871605263670999,3.5196199066993517,0.10734107937116466,15.103984485814937,11.990477503856733,5.148283189758599,0.0,0.41230544048100654,0.0,0.17241014334107102,1.5094156068074402,0.054294754512134,43.03479980954607,0.7516684703507853,-0.09523809523809519,1.4476208701862983,2.5923436767172388,1.1207520501248915,0.028956106274211135,-0.10705003433227972,-0.1528915617119459,0.7438735778936306,1.0316777058008246,0.8858767959293241,Drug Manufacturers—General,Healthcare,GILD
2010Q3,2010,Q3,2010-11-08,2010-09-30,704876000.0,1937656000.0,979073000.0,0.42,1460072000.0,0.7535248775,11455591000.0,5706314000.0,6031947000.0,2590108000.0,5576819000.0,1273389000.0,1122030000.0,29663343660.0,32091444660.0,3.4251337925537153,2.3288399557084105,0.3012584859218525,0.6047851555312238,0.07811533064079963,3.4251337925537153,0.1235256244223504,15.308880244997049,10.520766652574354,5.198337080644352,0.0,0.37504957244015774,0.0,0.16914500526424173,1.5358185836266287,0.061531177221672805,40.71190264830857,0.7535248774808325,0.049999999999999906,3.3066264828396097,3.3000418069303232,1.3865542884451758,-0.007900392675404414,-0.010090427645946063,-0.013654675925599444,0.9692278568474401,1.0364595317071228,1.1295354357768224,Drug Manufacturers—General,Healthcare,GILD
2010Q2,2010,Q2,2010-08-09,2010-06-30,712061000.0,1927224000.0,992627000.0,0.4,1471699000.0,0.7636367127,10496708000.0,6562495000.0,5709014000.0,3105723000.0,3796708000.0,1356606000.0,1831381000.0,30228172560.0,30498172560.0,3.7210706031512744,1.8382238209911186,0.16697034917995243,0.2670690034811455,0.08523674974578126,3.7210706031512744,0.10850461600351695,15.68482571823514,10.612915382249556,4.606201232915225,0.0,0.33578282861788905,0.0,0.18360270667717918,1.1217436326420611,0.06783660172313072,44.25612501976493,0.7636367127017928,-0.13043478260869565,2.7328089715067625,2.997537620683579,1.8175317203088044,-0.1055801456525161,-0.16708367401605567,-0.14512793881191,0.8442757222010179,0.9428010397463403,1.7856554023198044,Drug Manufacturers—General,Healthcare,GILD
2010Q1,2010,Q1,2010-05-10,2010-03-31,854901000.0,2085853000.0,1161141000.0,0.46,1645423000.0,0.7888489745,10695998000.0,7341996000.0,5124228000.0,1887651000.0,3193326000.0,1223945000.0,2688679000.0,40996024820.0,41303128820.0,4.071621085041581,2.714605613007913,0.1163036866686026,0.16943403401472842,0.09927262518851547,4.071621085041581,0.11643986185772916,19.6543211913783,11.988529905801958,5.583771064435338,0.0,0.35984460086033276,0.0,0.1950124710195346,1.665307834975851,0.0799271839804009,62.21860398268031,0.7888489744962852,0.0454545454545455,4.42617682453175,3.8326745336314194,2.5483876472058236,0.05544843423263929,0.0656796457794199,0.0898250297060927,1.1573577478142119,1.085181157978203,2.1679873357413593,Drug Manufacturers—General,Healthcare,GILD
2009Q4,2009,Q4,2010-03-01,2009-12-31,802212000.0,2032379000.0,1065438000.0,0.44,1558980000.0,0.767071496,9698559000.0,6367065000.0,4812558000.0,1871631000.0,3193401000.0,1051771000.0,1995272000.0,39086613130.0,39062068130.0,3.524261639575831,2.5713177437219197,0.1287214935744578,0.19607354408978078,0.10548570797416831,3.524261639575831,0.12599400194595156,19.2319508959697,12.180886452084986,6.138874525389642,0.0,0.4500970268242802,0.0,0.20955473900813512,1.6277295043734583,0.08271455584278035,42.1060824053716,0.7670714960152609,0.22222222222222227,5.9482480169453655,4.2508726163074035,2.249648057343928,0.12020717272321618,0.19193561088386454,0.19122411969508255,1.4877783608465296,1.2890336973366046,2.5514624508345265,Drug Manufacturers—General,Healthcare,GILD
2009Q3,2009,Q3,2009-11-05,2009-09-30,673033000.0,1801389000.0,894406000.0,0.36,1391689000.0,0.7725643934,8936980000.0,5646538000.0,4297610000.0,1889249000.0,3184823000.0,1017827000.0,1420613000.0,42004333500.0,42393991500.0,3.125439628746877,2.274771615599638,0.15824775259651472,0.2504644438769384,0.092602210774876,3.125439628746877,0.11919392023926874,23.31774730499631,15.60262776862353,7.438953479105249,0.0,0.4025242010675685,0.0,0.20156574144733455,1.4262159196590816,0.075308773209742,49.862338943454816,0.772564393365342,0.16129032258064513,4.675153578373927,4.273293918750713,2.864243602705571,0.10092397022411025,0.1778707660859856,0.17520934590000012,14.06717825284997,1.4366708863769526,0.7335591415096505,Drug Manufacturers—General,Healthcare,GILD
2009Q2,2009,Q2,2009-08-05,2009-06-30,571398000.0,1647155000.0,761061000.0,0.31,1264110000.0,0.7674505435,8387092000.0,5189851000.0,4001307000.0,1777882000.0,3073123000.0,969971000.0,1019839000.0,42418819240.0,42975307240.0,2.8653864628411094,2.25060324588471,0.1904548084127371,0.30778571485000245,0.07970908535153114,2.8653864628411094,0.11009911459885842,25.752779331635455,18.55922633610898,8.173417548981657,0.0,0.39490355897238166,0.0,0.19639166948448877,1.3989494240900127,0.06812826185762598,70.45812216070945,0.7674505435129055,-0.03125000000000003,3.8584158468397556,3.8823966496349276,2.8814457192333687,0.05250756423983761,-0.030068985184481048,-0.05846104741215069,1.1773649914492603,1.4284916862671637,0.6397296908949044,Drug Manufacturers—General,Healthcare,GILD
2009Q1,2009,Q1,2009-05-07,2009-03-31,589112000.0,1530460000.0,808316000.0,0.32,1201046000.0,0.7847614443,7519914000.0,4804089000.0,4615915000.0,1261797000.0,2502631000.0,936727000.0,672956000.0,42141009600.0,41651430600.0,2.640247642287146,3.658207302759477,0.156127716354203,0.24438910269980427,0.09956921280047634,2.640247642287146,0.12262720361758493,27.534865073245953,17.8832758456796,8.771904433910363,0.0,0.3516648927595767,0.0,0.20352094452144,2.4792371514593867,0.07834025761464826,88.29798830404455,0.7847614442716568,0.03225806451612906,3.835702115969269,3.6502791340545873,2.9858539670178237,0.08527533853691331,0.036814890688743634,0.13663860866826222,1.2747093614179985,1.2405773562702913,0.438167387909734,Drug Manufacturers—General,Healthcare,GILD
2008Q4,2008,Q4,2009-02-27,2008-12-31,568194000.0,1428205000.0,711146000.0,0.31,1106674000.0,0.7748705543,7018574000.0,4152487000.0,4300281000.0,1220992000.0,2673077000.0,927868000.0,382874000.0,47090069980.0,46992840980.0,2.2548085538011766,3.5219567368172764,0.1940669144472937,0.32801379029001176,0.1003154157004791,2.2548085538011766,0.13683221645245366,32.97150617733448,20.7191865718399,11.340208886867075,0.0,0.34652666111990066,0.0,0.2034893412821465,2.3042403226229164,0.08095576109904946,77.91596204311928,0.7748705542971772,0.19230769230769226,1.5847585880505042,3.748136579306062,2.627103077681364,0.033227054808908724,0.12735786351325878,0.02495121311437606,0.9988511748995454,1.3222189112641767,0.3586381455596931,Drug Manufacturers—General,Healthcare,GILD
2008Q3,2008,Q3,2008-10-31,2008-09-30,504005000.0,1371268000.0,693834000.0,0.26,1071085000.0,0.7810909319,6974128000.0,4165910000.0,4326683000.0,1259134000.0,2680582000.0,897623000.0,531001000.0,42016423410.0,42134275410.0,2.2620972690259737,3.4362371280578556,0.19031425864280094,0.3186040985042884,0.09137613300862875,2.2620972690259737,0.12098317054377075,30.64056290236482,20.84127310740965,10.08577319481218,0.0,0.33441990679828837,0.0,0.19662214401571063,2.3559835569526357,0.0722678161341461,80.21172086159532,0.7810909318966096,0.13043478260869565,5.040634021922564,4.995516460542331,7.724289887143115,0.05792337528804148,0.13815070411085117,0.14585765835693584,1.785728871518602,1.752947056710069,0.576177243064409,Drug Manufacturers—General,Healthcare,GILD
2008Q2,2008,Q2,2008-08-11,2008-06-30,442828000.0,1278125000.0,605515000.0,0.23,1012441000.0,0.7921298778,6517417000.0,3772225000.0,3669377000.0,2451334000.0,2652097000.0,856287000.0,265435000.0,48862048200.0,49072564200.0,2.043910571784013,1.4968898567065931,0.204086220046991,0.3526075459443697,0.08496340764358136,2.043910571784013,0.11739172504291234,38.22947536430318,27.585229592528027,12.953110750286635,0.0,0.31027447573068373,0.0,0.1961091334189603,0.9664492884282598,0.06794532251043627,121.81525593593874,0.7921298777506113,-0.11538461538461538,2.8292960573361445,3.644170646275655,9.012402885616622,-0.005757612657909622,-0.10743015397267232,-0.09360283573286869,1.2182935429637987,1.5333726058043313,0.547614513037996,Drug Manufacturers—General,Healthcare,GILD
2008Q1,2008,Q1,2008-05-02,2008-03-31,496127000.0,1258152000.0,668046000.0,0.26,1018304000.0,0.8093648462,5879003000.0,3329482000.0,2948257000.0,939005000.0,2439510000.0,661093000.0,-34616000.0,47825199120.0,48412818120.0,1.7937009214484583,3.1397670938919386,0.22291245641480367,0.3936056719934212,0.10359488335275555,1.7937009214484583,0.14901026646187004,38.01225855063617,24.099272524978485,14.364156081937072,0.0,0.3628052331517653,0.0,0.21400771525375986,2.0170254684479847,0.08438964906124388,85.34895060042938,0.8093648462188988,0.18181818181818185,1.9680829950391878,5.513587716453216,13.14604154841009,0.15824159075321237,0.23524681183740745,0.29847517420332953,2.0590820696620433,1.8317643525951128,0.5631970803551366,Drug Manufacturers—General,Healthcare,GILD
2007Q4,2007,Q4,2008-02-27,2007-12-31,401642000.0,1094723000.0,514485000.0,0.22,879181000.0,0.8031081835,5834716000.0,3459990000.0,3028292000.0,736275000.0,2234427000.0,599966000.0,249080000.0,42649567630.0,42993371630.0,1.8663042645715093,4.112990390818648,0.2248421345614765,0.3791600553758826,0.07971443634930835,1.8663042645715093,0.11608183838681614,38.95923227154267,26.547004316032684,12.326500258671267,0.0,0.35925702456472536,0.0,0.18762232814759108,2.671698753862348,0.06883659804521762,86.5692797322313,0.803108183531359,0.047619047619047665,8.581456083484554,5.3887977825600775,4.1255823538385075,0.021895918255858418,0.008342559606747357,-0.059493994844889674,2.390033770874823,1.756193930778433,0.7208801865537537,Drug Manufacturers—General,Healthcare,GILD
2007Q3,2007,Q3,2007-11-02,2007-09-30,398319000.0,1058803000.0,547030000.0,0.21,860343000.0,0.8125619213,5317575000.0,2981845000.0,2545043000.0,691439000.0,2174130000.0,565692000.0,-121556000.0,38811940810.0,39647153810.0,1.6083948334507419,3.680791797974948,0.26691508817459086,0.47599422505193933,0.08594767397179051,1.6083948334507419,0.1335813900454249,36.65643260360993,24.35983521373572,13.01608259651323,0.0,0.35082695176880707,0.0,0.1991138817976239,2.2711952898231083,0.07490613672585718,162.59579228494107,0.8125619213394749,0.0,15.241651982437626,5.688457729949836,3.827131817600455,-0.0053355191812781665,-0.023560414777045083,0.00770381395897194,2.273037854988211,2.0204272562241865,0.988593664910646,Drug Manufacturers—General,Healthcare,GILD
2007Q2,2007,Q2,2007-08-09,2007-06-30,407930000.0,1048089000.0,542848000.0,0.21,864958000.0,0.825271518,4825780000.0,2489063000.0,2447174000.0,751725000.0,2225037000.0,573340000.0,-519875000.0,36149067600.0,36855059600.0,1.3357971700492768,3.255411220858692,0.2916917057967831,0.5655300809983516,0.09965882399355151,1.3357971700492768,0.16388898151633768,34.49045605859808,22.153964895938028,14.523162973375923,0.0,0.31941082080440925,0.0,0.217185408369217,2.142985799328212,0.08453141253849118,73.78384673791464,0.8252715179722333,0.0,16.34115383324859,7.030244179500489,3.381240516045126,0.009530901315605187,0.0012837285564558292,-0.030877774286612016,2.3714593585311468,2.0197644469476064,0.8094676842686405,Drug Manufacturers—General,Healthcare,GILD
2007Q1,2007,Q1,2007-05-04,2007-03-31,407407000.0,1028430000.0,560144000.0,0.21,856792000.0,0.8331067744,4615379000.0,2382679000.0,2440559000.0,710486000.0,2174811000.0,522410000.0,-498031000.0,35524975500.0,36192106500.0,1.2852390661747255,3.4350557224209908,0.30252618474019144,0.5860096974875759,0.10396563609718111,1.2852390661747255,0.1709869436881762,34.54292027653803,21.799438583529493,14.909677510063252,0.0,0.32855037231293427,0.0,0.22282677110590485,2.27703571921192,0.08827162406380928,76.32360694550674,0.8331067744037027,1.2307692307692308,89.49727490452456,9.968119969651148,3.3607852345085933,0.15169967349385768,1.2445938425128493,-0.7780471346317144,2.2822746554275013,2.067019502146292,0.9402631588153403,Drug Manufacturers—General,Healthcare,GILD
