Quarters,Year,Quarter,FillingDate,Date,NetIncome,Revenue,OperatingIncome,EPSDiluted,GrossProfit,GrossProfitRatio,TotalAssets,CommonStockEquity,CurrentAssets,CurrentLiability,TotalLiability,Inventory,RetainedEarnings,MarketCap,EnterpriseValue,bookValuePerShare,currentRatio,debtToAssets,debtToEquity,roic,shareholdersEquityPerShare,roe,priceToSalesRatio,peRatio,pbRatio,payoutRatio,inventoryTurnover,dividendYield,assetTurnover,quickRatio,returnOnAssets,priceToFreeCashFlowsRatio,grossProfitMargin,epsdilutedGrowth,fiveYNetIncomeGrowthPerShare,fiveYRevenueGrowthPerShare,fiveYShareholdersEquityGrowthPerShare,grossProfitGrowth,netIncomeGrowth,operatingIncomeGrowth,threeYNetIncomeGrowthPerShare,threeYRevenueGrowthPerShare,threeYShareholdersEquityGrowthPerShare,Industry,Sector,Symbol
2023Q1,2023,Q1,2023-03-31,2023-03-31,225446000.0,4035801000.0,443196000.0,0.15,1289672000.0,0.3195578771,27488331000.0,9933060000.0,5150403000.0,5625457000.0,15670013000.0,1767411000.0,4471227000.0,150350255245.51492,149592449245.51492,6.608939614499468,0.9155528164200704,0.0,0.0,0.027982017747996458,6.608939614499468,0.02269653057567356,37.25413003404155,166.72535246302323,15.13634823966783,,1.553758011011587,,0.14681869917820767,0.5675528228195504,0.008201516490761116,0.0,0.3195578771103927,2.2500000000000004,7.525356387622523,0.17198429452269923,0.05275296337090479,0.06765788177441853,2.2957932671582855,0.2280265225089429,4.555555558374982,0.35396932906659057,0.1703748561706677,Building Materials,Basic Materials,CX
2022Q4,2022,Q4,2022-12-31,2022-12-31,-173983000.0,3868517000.0,360901000.0,-0.12,1207945000.0,0.3122501465,26447000000.0,10501000000.0,4526000000.0,5546000000.0,26447000000.0,1669000000.0,4246000000.0,111735199464.5295,120065199464.5295,7.413405183144254,0.8160836639019113,0.333686240405339,0.8403961527473574,0.02252104321990568,7.413405183144254,-0.01656823159699076,28.88321273101023,-160.55476607560726,10.640434193365346,0.0,1.5941114439784303,0.0,0.1462743222293644,0.41723764875586006,-0.006578553333081257,570.0775482884158,0.31225014650316907,-1.631578947368421,-0.05690280477416332,0.6355098231884563,0.22363328781766925,0.002183665155855782,-1.6333471664045665,0.02913155681024281,0.19417565610398574,0.4514538891484058,0.24187726252509462,Building Materials,Basic Materials,CX
2022Q3,2022,Q3,2022-09-30,2022-09-30,274704000.0,3955565000.0,350685000.0,0.19,1205313000.0,0.3047132331,26603032000.0,10495517000.0,4783603000.0,5486240000.0,15686529000.0,1571880000.0,4344919000.0,100005191014.41832,99608378014.41832,7.244389375501703,0.8719274038321327,0.0,0.0,0.02822243064930301,7.244389375501703,0.026173460535579143,25.282150846824237,91.0117717747269,9.528372067275802,,1.7496577346871263,,0.1486885028744092,0.5147709542418851,0.01032604103171398,0.0,0.3047132331285164,0.05555555555555561,-0.003163803339944611,0.17360874681578958,0.14788813124487593,-0.052724772084250235,0.03536080686863509,-0.23798917885313225,0.580089494863206,0.2623777844616697,0.18347259344417371,Building Materials,Basic Materials,CX
2022Q2,2022,Q2,2022-06-30,2022-06-30,265322000.0,4079511000.0,460210000.0,0.18,1272400000.0,0.3119001272,26986757000.0,10121648000.0,4820957000.0,5512243000.0,16409455000.0,1500476000.0,3850828000.0,117000646055.26936,116510948055.26936,6.866737926509429,0.8745907972489602,0.0,0.0,0.03617251777289845,6.866737926509429,0.026213320202401823,28.68006632541728,110.2440111028009,11.559446253739447,,1.8708136617979894,,0.15116714468507647,0.5377217586379991,0.009831562940296976,0.0,0.3119001272456429,0.28571428571428553,-0.08021883389723432,0.14133899698883612,0.1113373598587893,0.09734211046036796,0.33684353727786204,0.18433479763549943,0.7473841194686488,0.22117079714994328,0.08324301983042144,Building Materials,Basic Materials,CX
2022Q1,2022,Q1,2022-03-31,2022-03-31,198469000.0,3769992000.0,388581000.0,0.14,1159529000.0,0.3075680267,,,,,,,,148502846061.68417,,,0.0,0.0,0.0,0.0,,0.0,39.39075893574421,187.06050574861084,0.0,,0.0,,0.0,0.0,0.0,0.0,0.30756802666955263,-0.06666666666666654,-0.4482846811301232,0.12232515808051804,0.0,0.10984352506968054,-0.11057483317872396,0.4324141007162421,4.194521031009862,0.24376277276960123,0.0,Building Materials,Basic Materials,CX
2021Q4,2021,Q4,2021-12-31,2021-12-31,223143000.0,3513109000.0,271277000.0,0.15,1044768000.0,0.297391285,26650000000.0,9827000000.0,4225000000.0,5380000000.0,16379000000.0,1261000000.0,3388000000.0,207876978636.01163,216420978636.01163,6.5573867718169625,0.7853159851301115,0.34360225140712947,0.9318204945558156,0.022497879017179236,6.5573867718169625,0.02270713340795767,59.17179872187616,232.89659392857004,21.153656114379935,,1.95744726407613,,0.1318239774859287,0.4200743494423792,0.008373095684803001,0.0,0.2973912850412555,1.576900888427368,0.2031423130166713,0.4735556542240043,0.1386024798792212,-0.14259406067350447,1.593201955514439,3.176833574065158,4.395443896655149,0.16619953630581732,0.024800248700824368,Building Materials,Basic Materials,CX
2021Q3,2021,Q3,2021-09-30,2021-09-30,-376167000.0,3768556000.0,-124620000.0,-0.26001,1218522000.0,0.32333923125993086,26780305000.0,9539266000.0,4510630000.0,5163134000.0,16788813000.0,1212196000.0,3192618000.0,211989422828.90387,211120174828.90387,6.593626109218439,0.873622493624996,0.0,0.0,-0.018246960944613064,6.593626109218439,-0.039433537129586284,56.252162055945,-140.88783893118207,22.222823310399757,,2.1036482549026725,,0.1407211755056561,0.5998964969725752,-0.014046404624592588,0.0,0.32333923125993086,-2.605,-2.3063894743271813,0.04442573562178702,0.08680893635263952,-0.06314453300693268,-2.3935104578020465,-1.2482104231647129,-3.2270495994146686,0.03789656828695372,0.007112621074628772,Building Materials,Basic Materials,CX
2021Q2,2021,Q2,2021-06-30,2021-06-30,269942000.0,3855305000.0,502074000.0,0.162,1300651000.0,0.33736656373490553,27909863000.0,9989385000.0,4995773000.0,5763930000.0,17468829000.0,1132506000.0,3568785000.0,280081221481.1873,278776564481.1873,5.9949187972824545,0.866730338501682,0.0,0.0,0.04154232257997486,5.9949187972824545,0.02702288479220693,72.64826556684551,259.39018518902884,28.037884362369386,,2.2557531704026292,,0.1381341427580637,0.6127716679418383,0.00967192135626033,0.0,0.33736656373490553,-0.6351351351351352,0.08185088830683893,-0.1379648977350467,-0.01835300014000887,0.1728142470694319,-0.5940721804511279,-0.4855799180327869,-0.9777659907828108,-0.9681483919325737,-0.9676855911714289,Building Materials,Basic Materials,CX
2021Q1,2021,Q1,2021-03-31,2021-03-31,665000000.0,3411000000.0,976000000.0,0.444,1109000000.0,0.3251245968924069,27562000000.0,8685000000.0,4708000000.0,5418000000.0,17988000000.0,1074000000.0,3300000000.0,211827944223.73935,221477944223.73935,5.798706765940669,0.8689553340716132,0.3976126551048545,1.2618307426597581,0.041892316947462246,5.798706765940669,0.07656879677605066,62.101420176997756,79.63456549764636,24.39009144775352,0.0,2.143389199255121,0.0,0.12375734707205573,0.6177556293835363,0.024127421812640593,-14121.86294824929,0.3251245968924069,8.5000000016,12.816956955112872,-0.2141237152597924,-0.1914589944585513,0.0036199095022624436,8.5,2.05,24.23505489751586,-0.0060000388418861945,-0.07631086261252042,Building Materials,Basic Materials,CX
2020Q4,2020,Q4,2020-12-31,2020-12-31,70000000.0,3537000000.0,320000000.0,0.04673684209739169,1105000000.0,0.3124116482895109,27425000000.0,8075000000.0,4235000000.0,5352000000.0,18473000000.0,971000000.0,2635000000.0,154022317019.18384,164257317019.18384,5.391428570520541,0.7912929745889388,0.40783956244302644,1.3851393188854488,0.019827346143135614,5.391428570520541,0.0086687306501548,43.54603251885322,550.0797036399422,19.073971147886542,0.0,2.504634397528321,0.0,0.12896991795806745,0.5517563527653214,0.0025524156791248863,276.5212154742977,0.3124116482895109,1.0453746937898212,-0.5367718666264332,0.06282477120448585,-0.091080749928253,-0.05902830408798979,1.0455901910750036,1.2702170941022586,1.4021615269452157,0.41422318525082624,-0.11010779732099844,Building Materials,Basic Materials,CX
2020Q3,2020,Q3,2020-09-30,2020-09-30,-1535418000.0,3424488000.0,-1184233000.0,-1.03002,1174318000.0,0.34291783180434565,29233000000.0,7403000000.0,6728000000.0,7376000000.0,20424000000.0,934000000.0,84000000.0,126735567629.67955,137148567629.67955,4.966229431902624,0.9121475054229935,0.47432695925837237,1.8730244495474808,-0.05190071929849866,4.966229431902624,-0.207404835877347,37.00861782248311,-20.63535265798622,17.119487725203236,0.0,2.4091755888650965,0.0,0.11714459685971333,0.747152928416486,-0.052523449526220366,251.95937898544642,0.34291783180434565,-37.14888888888889,-32.34010313069819,-0.1015310623813647,-0.15544559443661415,0.26160192949189687,-34.13140372955039,-6.686784189624621,-6.41510055102766,-0.012512646810135235,-0.21309091402541974,Building Materials,Basic Materials,CX
2020Q2,2020,Q2,2020-06-30,2020-06-30,-43705000.0,2902598000.0,208243000.0,-0.027,930815000.0,0.32068340155956837,29960000000.0,8792000000.0,6125000000.0,4663000000.0,19743000000.0,929000000.0,1619000000.0,107486655150.3416,118319655150.3416,5.4315066916038885,1.3135320609049967,0.4561081441922563,1.5542538671519563,0.002156138159586429,5.4315066916038885,-0.004970996360327571,37.031189007345006,-614.8418667792107,12.225506727745861,0.0,2.1224790096878365,0.0,0.0968824432576769,1.0072914432768605,-0.0014587783711615487,995.2468069476074,0.32068340155956837,-2.0,-1.3504871345936467,-0.3103713360829686,-0.09919086940482544,-0.03642339544513457,-2.040595238095238,-0.04475688073394495,-1.1379671748797606,-0.26051931253774013,-0.12094558270540917,Building Materials,Basic Materials,CX
2020Q1,2020,Q1,2020-03-31,2020-03-31,42000000.0,3085000000.0,218000000.0,0.027,966000000.0,0.31312803889789304,28598000000.0,8784000000.0,4777000000.0,4589000000.0,18423000000.0,971000000.0,1663000000.0,79818424022.80528,90670424022.80528,5.646857141243755,1.0409675310525168,0.42796699069865024,1.3933287795992715,0.002483318345866072,5.646857141243755,0.0047814207650273225,25.873070996047094,475.10966680241233,9.086796906057067,0.0,2.1822863027806387,0.0,0.10787467655080775,0.7217258662017869,0.0014686341702216939,-440.9857680817971,0.31312803889789304,1.177137394920168,1.241342308068619,-0.2245116768923713,-0.12070230764571017,0.004158004158004158,1.1764705882352942,4.589743589743589,-0.8937889912758276,-0.16452911522113822,-0.08235689758878369,Building Materials,Basic Materials,CX
2019Q4,2019,Q4,2019-12-31,2019-12-31,-238000000.0,2938000000.0,39000000.0,-0.1524240548539641,962000000.0,0.3274336283185841,29363000000.0,9321000000.0,4579000000.0,5409000000.0,18539000000.0,989000000.0,1621000000.0,111656389434.76369,122658389434.76369,5.969515190310082,0.8465520428914771,0.4015257296597759,1.2648857418731896,0.0018586160625102344,5.969515190310082,-0.025533741014912563,38.00421696213876,-117.28612335584423,11.979013993644854,-0.31512605042016806,1.9979777553083924,0.0006717036112279044,0.100057895991554,0.48678129044185614,-0.008105438817559514,177.2323641821646,0.3274336283185841,-2.3855472671026643,-0.41699639387264364,-0.05994209710907465,-0.11940271879438799,-0.16830426576914997,-2.2702004568452065,-0.8883183899520914,-2.231621891396773,0.18275126021811566,0.03652644504304733,Building Materials,Basic Materials,CX
2019Q3,2019,Q3,2019-09-30,2019-09-30,187372000.0,3377074000.0,349207000.0,0.11001,1156673000.0,0.34250744875593486,28509000000.0,9558000000.0,3584000000.0,5182000000.0,17450000000.0,1017000000.0,2038000000.0,121243012369.05048,132426012369.05048,6.121298807958777,0.6916248552682362,0.4027500087691606,1.2012973425402804,0.012679191279941738,6.121298807958777,0.019603682778824023,35.90179319998628,161.7677832987993,12.684977230492832,0.0,2.1832851524090464,0.0,0.11845641727173875,0.4349671941335392,0.006572380651724017,0.0,0.34250744875593486,4.2385714285714275,2.5115451050233766,-0.303895715343311,-0.2089497851705649,0.013561199337187182,0.21234002355163892,0.05281136000482378,-0.3970742011659028,-0.13281778040304304,0.008956549306511895,Building Materials,Basic Materials,CX
2019Q2,2019,Q2,2019-06-30,2019-06-30,154554000.0,3400377000.0,331690000.0,0.021,1141197000.0,0.3356089633590628,28970211000.0,9510880000.0,3836571000.0,5201207000.0,17916592000.0,1089136000.0,0.0,123835612762.37155,123531390762.37155,6.339055780469646,0.7376308999045799,0.0,0.0,0.02201072388479298,6.339055780469646,0.01625023131403193,36.418200911949334,200.31123872945955,13.020415856615955,0.0,2.074286406839917,0.0,0.11737494766606982,0.45248400996153393,0.005334928351056884,485.6298539700845,0.3356089633590628,-0.22222222222222215,0.9120865147412927,-0.23040391796283288,-0.14677331050416687,0.174070987654321,2.9629230769230768,0.39365546218487396,-0.31208225525301014,-0.15559149859613242,0.03799822804338406,Building Materials,Basic Materials,CX
2019Q1,2019,Q1,2019-03-31,2019-03-31,39000000.0,3094000000.0,238000000.0,0.027,972000000.0,0.3141564318034906,28900275000.0,9245799000.0,3832511000.0,5773490000.0,18085988000.0,1114269000.0,0.0,131856654181.65094,131555713181.65094,6.400937771200288,0.663811836514829,0.0,0.0,-0.0049502731747933055,6.400937771200288,0.0042181319321348,42.616888875776,845.2349627028907,14.261250345335318,0.0,1.904387540172077,0.0,0.107057804813276,0.38911213148373,0.001349468127898437,-440.9921544536821,0.3141564318034906,1.6156972465021084,1.1169204215439636,-0.2434294583562099,-0.20072181213238477,-0.039807062517125895,1.5928417059179527,0.8505875929741326,-0.15977964422147445,-0.260853362065583,-0.10748708792572284,Building Materials,Basic Materials,CX
2018Q4,2018,Q4,2018-12-31,2018-12-31,-65784845.449786,3015490123.760728,128607800.518917,-0.04385272169624286,1012296552.1367798,0.33569884515964116,28118811478.162468,9598887109.150005,3422322538.889104,4587062135.048938,16948535921.66616,1081140489.240495,1600696472.657037,142048468876.159,152309127126.26636,6.398697482880195,0.7460815742476513,0.3758839581056334,1.1011078717201166,0.015957550466242924,6.398697482880195,-0.006853382553804337,47.10626234749699,-539.8221577665084,14.798431032776007,0.0,1.8528522348017866,0.0,0.10724102354406434,0.4598617874455081,-0.0023395315090353514,385.68161645844407,0.33569884515964116,-1.3782624443315294,0.7822854130291048,-0.34365588225475635,-0.1969191428091291,-0.2302819868084817,-1.3756093469027526,-0.710783981894716,-1.4346424256129786,-0.09532229450095778,0.0787306632189913,Building Materials,Basic Materials,CX
2018Q3,2018,Q3,2018-09-30,2018-09-30,175141662.453938,3764953015.842173,444677308.544161,0.115932,1315152477.644958,0.34931444618593066,28637545955.219986,9821449417.09537,3648134806.60506,4522292158.559455,17251543460.14581,1060733276.356957,0.0,199631093647.97787,199326861417.10718,6.547059356859991,0.8067003808456171,0.0,0.0,0.030734175893619268,6.547059356859991,0.017832567782621135,53.023528529564636,284.95660434375594,20.32603184826232,,2.309534915894173,,0.13146912175119202,0.5207889938501596,0.006115805548694845,0.0,0.34931444618593066,-0.5312507581209921,1.9657573949812603,-0.19756665039000812,-0.21807772868910172,0.0095947658622829,-0.5312492245774226,-0.030022347949118566,4.77903960192712,-0.018435951448610172,0.11338952401212994,Building Materials,Basic Materials,CX
2018Q2,2018,Q2,2018-06-30,2018-06-30,373634928.488488,3724964748.55306,458440777.067341,0.247322,1302653819.249649,0.3497090327514259,28578578009.319427,9513434338.9739,3687041517.924796,4845484553.091941,17518974160.31304,1019844532.337495,0.0,6636907295.382496,6328774272.228442,185.5184425339695,0.7609231806490987,0.0,0.0,0.04277221805744501,185.5184425339695,0.03927445286060465,1.7817369407215362,4.44077011364516,0.6976352659725551,,2.375176659281045,,0.13034115089065507,0.49605738592447,0.013073950998074372,0.0,0.3497090327514259,13.0563796533106,76.17872198760612,25.925897235340074,22.87790736479618,0.18490318384705665,13.056712712217205,0.34087690423446415,93.581359006088,26.936224034640485,29.768020075668442,Building Materials,Basic Materials,CX
2018Q1,2018,Q1,2018-03-31,2018-03-31,26580533.879998,3461319269.937839,341896243.883084,0.017595,1099375743.949213,0.31761754932504577,29371341808.843628,9483972688.797777,3575291352.554777,4879849942.688357,18307157397.610546,1026991855.133801,0.0,181686376758.5364,181370513226.37576,6.277768711605149,0.7326641996260062,0.0,0.0,0.01547881920086801,6.277768711605149,0.0028026792940256183,52.49049931236169,1708.829265608322,19.15720159898179,,2.299865879346143,,0.11784682131531511,0.46562392149879334,0.0009049819396400431,0.0,0.31761754932504577,1.1514015870361078,1.0848062440019581,-0.0663396601463235,-0.2213633833275941,0.2571251479787968,1.1515842194933361,12.719674708544874,1.1572709151500435,-0.10409430446793835,-0.022460210489307575,Building Materials,Basic Materials,CX
2017Q4,2017,Q4,2017-12-31,2017-12-31,-175351589.821436,2519586633.835317,24920142.142302,-0.1162141054426581,874515751.8460171,0.34708699439115076,28899236252.545826,9141496945.010183,3633655804.480652,5711761710.794297,18185488798.37067,959877800.407332,1089714867.617108,221983898076.92026,232802380765.31128,6.058518722031455,0.6361707627987413,0.39856161499415943,1.2599825107636782,0.0035956687632971306,6.058518722031455,-0.019181933864469574,88.10330039694495,-316.4840112128024,24.283101488984087,0.0,1.7138336580877283,0.0,0.08718523257213619,0.4290731776892288,-0.006067689411895399,389.5218511846872,0.34708699439115076,-1.610968258965781,0.6804562242860411,-0.39774837649431805,-0.2507071972336521,-0.30321575585766414,-1.6109697542427726,-0.9411400808586954,-0.08037388512695764,-0.1657337181162835,-0.10627329947759623,Building Materials,Basic Materials,CX
2017Q3,2017,Q3,2017-09-30,2017-09-30,287005352.726117,3510217286.260527,423380502.485509,0.190213,1255073947.492095,0.35754879118299226,29389687728.224487,9522546097.209566,3638629207.880378,4927001259.854333,18367617110.189816,998009827.305081,1291295531.819596,248340912270.0082,259692894830.62354,6.31105869841621,0.7385078704014689,0.4016531283314065,1.2396327511802359,0.021577798304766905,6.31105869841621,0.030139560344078508,70.74801700796377,216.32080195643124,26.07925545698126,,2.259640413419555,,0.11943703923364514,0.49200644857929726,0.009765512154472142,0.0,0.35754879118299226,-0.09424537511011645,2.2485927451592804,-0.2060368706813988,-0.2964810148617455,-0.013644668494077977,-0.02803385136415693,-0.134320155120025,3.395956877831786,-0.25124400529274926,-0.1844272766602478,Building Materials,Basic Materials,CX
2017Q2,2017,Q2,2017-06-30,2017-06-30,295283280.31684,3658841185.69979,489072842.56365,0.210005,1272435913.7146912,0.3477701952978659,29425132854.068653,9322994381.09823,3900536716.083706,4596710088.297028,18632189549.88059,1010693468.979003,0.0,257461769515.36096,444001707441.53577,6.17880598145458,0.8485496455419842,6.3536925364858305,20.05345486199646,0.0037569095722270037,6.17880598145458,0.031672579457465704,70.36702509024556,217.97862144370617,27.615780830818487,,2.361156320121305,,0.12434408380908557,0.534872235489835,0.010035070420285657,0.0,0.3477701952978659,-0.17389491406744798,2.400913280116697,-0.12970386465801054,-0.25592684649389397,0.184570975588809,-0.17389575131509294,-0.06431929214194107,2.632548408298012,-0.17657395089077718,-0.16834267512898285,Building Materials,Basic Materials,CX
2017Q1,2017,Q1,2017-03-31,2017-03-31,357440699.266355,3337706102.049103,522692023.525018,0.254211,1074174481.678658,0.3218301578497864,29193443307.926186,8652523086.585999,4202205002.356675,4720234019.684789,19089861697.15899,997369833.170961,0.0,229209302524.28827,228773903609.5892,6.153652903188578,0.8902535308275442,0.0,0.0,0.04941184756873038,6.153652903188578,0.041310574463591446,68.67270380204262,160.31281761893587,26.490458358860817,,2.2695007860564083,,0.11433067579057715,0.5061346889258085,0.012243869128288398,0.0,0.3218301578497864,1.0540841334645967,14.06640707005493,-0.09065552671447737,-0.27716065177139276,0.26009721493138965,1.054083620210352,0.5887732124938586,2.1008314757486377,-0.16156715556475973,-0.23160000658707314,Building Materials,Basic Materials,CX
2016Q4,2016,Q4,2016-12-31,2016-12-31,174014677.761634,2236890351.269761,328990959.44887,0.12375880610655692,852453659.0910132,0.3810887103192705,28946636805.93096,8097826086.956522,4441945323.96324,3963433469.766005,19451453780.214687,862132210.981543,755125878.446212,224927854007.18985,237588435905.40594,5.75915377640188,1.1207316479127087,0.4566436784675719,1.6323268206039074,0.012760431542505146,5.75915377640188,0.021489060877946747,100.55381296607165,323.144945157007,27.776325595518745,0.0,1.6058287517207575,0.0,0.07727634703356757,0.5685006576063131,0.006011568077089343,295.0980784202229,0.3810887103192705,-0.40441874873525874,1.2987851600270335,-0.4283801173487812,-0.31782190823490514,-0.3313470328745786,-0.37818852484482735,-0.3608695443875102,1.6144224648617105,-0.48055697551875676,-0.27718630802264166,Building Materials,Basic Materials,CX
2016Q3,2016,Q3,2016-09-30,2016-09-30,279851184.345237,3506844725.031274,514747742.905777,0.207795,1274882040.4637728,0.36354105768181777,30402275809.763367,8530625697.9606,4514595643.641647,4328152716.747905,20465978554.313534,935341291.439434,0.0,207922606366.74838,207332226516.13196,6.066959783517081,1.0430767902833689,0.0,0.0,0.0528226061378441,6.066959783517081,0.03280546987451817,59.29050832579824,185.7439042586342,24.373664222128046,,2.386254840874869,,0.11534809916779612,0.5873281185430516,0.009204941962120013,0.0,0.36354105768181777,0.38767755420954586,1.3508329350970587,-0.08940322740336114,-0.42777781474993576,-0.012517991067206151,0.3876731400215539,0.05262527009827836,2.6463617182253194,-0.20258301626070865,-0.27541653201770416,Building Materials,Basic Materials,CX
2016Q2,2016,Q2,2016-06-30,2016-06-30,201669381.840806,3614687045.481213,489013286.615965,0.149743,1291043309.074139,0.3571659988346975,30745489891.092865,8224704810.087895,4387207955.050906,4076093805.855498,21324040670.30691,954048993.202514,0.0,146579059870.63284,145965527551.8741,6.107000579778157,1.0763265430124493,0.0,0.0,0.04984931741314894,6.107000579778157,0.024519953785265496,40.55096832072199,181.70713190654243,17.821801907206247,,2.435560178735851,,0.11756804195624176,0.6385697690344182,0.006559315937237049,0.0,0.3571659988346975,3.659955187651708,1.6767517880812888,-0.12770926847852865,-0.48262519647072405,0.21336914474352356,4.499842635819041,0.3780268291961507,2.545059874401897,-0.0051064935169589315,-0.2139735967544118,Building Materials,Basic Materials,CX
2016Q1,2016,Q1,2016-03-31,2016-03-31,36668209.473374,3306800533.629614,354864851.870281,0.032134,1064015278.9998908,0.32176578786020854,32224868229.05292,8183672393.588335,4985196586.207076,4085348298.751485,22862194149.190372,1053356589.358341,533513758.688425,133012847415.95137,147962238914.8354,7.171815314496634,1.2202623183268344,0.5034523049820689,1.9824454605943063,0.007667434529976267,7.171815314496634,0.004480654614437213,40.22403107270388,906.8676199783929,16.253442344559517,0.0,2.1291794984601844,0.0,0.10261641754824329,0.8035448422545196,0.001137885474433534,8113.741391467386,0.32176578786020854,-0.6815066622000778,1.1459767578096807,0.07396147316405746,-0.4295256462976721,-0.011080318831968443,-0.7405212591073453,0.2352887856024932,1.1548886799020976,0.18092167885715021,-0.11047407631378253,Building Materials,Basic Materials,CX
2015Q4,2015,Q4,2015-12-31,2015-12-31,141314889.024159,3112133376.997694,287272786.741281,0.10089379018718,1075937004.047854,0.3457232945092543,31399625704.12096,8308106192.558553,4265548565.81678,4202432459.976282,21916691372.665283,1025839386.302994,496938000.296472,124566180970.01321,139211317903.01056,5.931691478747931,1.015018945918016,0.49458935131227594,1.8692491584134265,0.0296509674322861,5.931691478747931,0.017009278137384988,40.02597764308657,220.36988075035308,14.99333037914047,,1.9849075792342652,,0.0991137093901489,0.6596073027902171,0.004500527820164828,0.0,0.3457232945092543,4.060912268284085,1.2153569532283468,-0.2483908005649434,-0.5234898444813456,-0.11502571670355861,4.26577092606097,-0.1653370400492941,1.2774188429167164,-0.19862781486411396,-0.2663926716783324,Building Materials,Basic Materials,CX
2015Q3,2015,Q3,2015-09-30,2015-09-30,-43271525.230524,3581253769.147268,344178189.910628,-0.032962,1215783355.918655,0.3394853965370192,32946334792.51066,8236119368.746172,4487347489.954853,4408695526.214345,23543671498.270035,1090486908.790775,0.0,153186314648.78833,152729763368.28336,5.8802954542517,1.017840189523826,0.0,0.0,0.3346177347000228,5.8802954542517,-0.005253873006591872,42.77449310308538,-885.029553688633,18.599331528643045,,2.169187354896033,,0.10869961079741582,0.5996246547857057,-0.0013133942061549274,0.0,0.3394853965370192,-1.386401734951058,0.569934815058634,-0.15616546940751733,-0.538444160220554,-0.050587615215214134,-1.3864066330487532,-0.2919987054806854,0.7972035288608429,-0.1273726711362869,-0.3444999186386238,Building Materials,Basic Materials,CX
2015Q2,2015,Q2,2015-06-30,2015-06-30,111984426.58479,3779811779.861616,486126498.037411,0.085305,1280564036.663847,0.33879042429745804,33995592942.44494,8765031610.825012,4459649082.608222,4433141052.446664,24058260854.06829,1192026103.355591,0.0,194170153558.75735,193678540786.1128,6.029586631759862,1.0059795142649315,0.0,0.0,0.034040487909393756,6.029586631759862,0.01277627184441488,51.370323409560406,433.47579543067025,22.152818401584867,,2.0966384344791678,,0.1111853464730236,0.6513927447905559,0.0032940865827632824,0.0,0.33879042429745804,1.762509609024438,1.3357052119254775,-0.07773523814266975,-0.5044442857608621,0.25577987971145977,1.7625052652466544,0.46239359036055655,1.5514611762663628,-0.06679171250940161,-0.27389635588207206,Building Materials,Basic Materials,CX
2015Q1,2015,Q1,2015-03-31,2015-03-31,-146863807.620483,3357212724.830456,332418373.030174,-0.111874,1019736067.8832359,0.3037448477247548,34443684762.31039,8430539134.423222,4897112079.415523,5895319988.205615,24874116305.736656,1226918717.033057,0.0,167276372701.35043,166337010318.88477,6.422008371390679,0.8306779087840622,0.0,0.0,0.17014424838175343,6.422008371390679,-0.017420452628090524,49.8259676737637,-284.74743950125617,19.84171712320682,0.0,1.905160158123369,0.0,0.09746961592518254,0.550861092276119,-0.004263882004319906,-571.1159646491412,0.3037448477247548,-0.0400264887323024,0.5837034936201851,0.06965252252456858,-0.4767706100198676,0.09818858309883009,-0.04002920896402261,9.751079836205323,-4.750323208629505,-0.020319443856820153,-0.24563825446031307,Building Materials,Basic Materials,CX
2014Q4,2014,Q4,2014-12-31,2014-12-31,-141211233.641,2627593759.194971,30919533.488229,-0.10756841408564913,928561891.442889,0.35338868049655325,34954887810.06994,8899102371.953604,4816537425.604935,5445569420.913159,24897231634.736523,1226839784.525826,1018044875.972023,175784948686.9057,191521948556.57855,6.778938928970246,0.8844873792458708,0.47465536225073357,1.864404323318307,0.0007249250840446025,6.778938928970246,-0.015868031149528193,66.89959133590034,-311.2092150079967,19.75311007106843,,1.3848848799835412,,0.07517099678511924,0.5481832346525397,-0.004039813670931575,0.0,0.35338868049655325,-0.3263022056328804,0.3827145591451964,-0.19459332866642756,-0.5248941785953032,-0.3276733917260209,-0.35495424776316714,-0.9226585032383104,0.7403025543995445,-0.2808058583494443,-0.19702723658713786,Building Materials,Basic Materials,CX
2014Q3,2014,Q3,2014-09-30,2014-09-30,-104218451.563305,4078752052.276052,399779352.389579,-0.081104,1381117272.4916039,0.33861270672751576,36984158365.68803,10158369561.654694,5345277306.817877,4953762406.772287,25632735479.122654,1322760449.102064,0.0,204315949765.23828,203311752991.07358,7.738192460106519,1.0790338469827196,0.0,0.0,-0.03025531616604368,7.738192460106519,-0.010259367995106579,50.092760517576586,-490.1146262980395,20.113065243902913,,2.039397822648611,,0.11028376019663882,0.7553717861925838,-0.0028179214065877853,0.0,0.33861270672751576,-2.371366733738016,-1.7602198982856012,-0.14666826698626323,-0.4418387716584046,0.03750359850328285,-2.3713779419191408,-0.2284311246239848,0.8600595993148126,0.13438941236746893,-0.2701508568694049,Building Materials,Basic Materials,CX
2014Q2,2014,Q2,2014-06-30,2014-06-30,75995426.481382,4154119327.819206,518138257.190262,0.059141,1331192753.9181771,0.32045125545707787,37712408020.77358,10480234874.698544,5195014463.791179,4733267953.296449,26043459220.743977,1360336522.152113,1456864595.476442,214686220883.5635,231282110576.33902,7.4295094826620565,1.097553427156633,0.45961499932534927,1.6538931230321041,0.008213808693756269,7.4295094826620565,0.007251309478268535,51.68032113229343,706.247174414368,20.48486731932511,,2.0751678190886427,,0.11015258759215117,0.7398195204586918,0.0020151305755792765,0.0,0.32045125545707787,1.256103686895369,-0.6934142434754904,-0.25347790930916486,-0.42446140490972933,0.33277714737365105,1.2561024067510935,1.2249179360147948,1.2434772486606667,-0.0429139043395534,-0.37058446962669106,Building Materials,Basic Materials,CX
2014Q1,2014,Q1,2014-03-31,2014-03-31,-296738431.494875,3638064917.138716,232879716.057454,-0.230926,998811209.0167542,0.27454463616397046,37881692342.94753,10290726801.867914,5209003648.91617,5314782747.317345,26427688306.99027,1341698351.664775,0.0,181015295776.80542,180170036340.47522,8.00839791246809,0.9800971924102511,0.0,0.0,0.037250331046815306,8.00839791246809,-0.028835517374828448,49.75592791762805,-152.50408825114698,17.59013714599328,,1.9670991656561139,,0.09603754985925327,0.6576706134986454,-0.007833293951296214,0.0,0.27454463616397046,-0.1464729386488322,-89.71703130276164,-0.16960859468048495,-0.339723283288681,-0.21066596357380094,-0.14647441390010738,0.07616228182406727,-0.04902669493136115,0.04922802100594088,-0.3629805812104965,Building Materials,Basic Materials,CX
2013Q4,2013,Q4,2013-12-31,2013-12-31,-258826911.352886,3935477303.188121,216398325.782919,-0.20142298367038322,1265384695.1019459,0.321532713218003,38083840792.91888,10238414530.70511,5300250013.241414,4572087407.146986,26698681462.251225,1303799479.708397,2256720689.075488,169456376222.0898,185969532046.27762,7.967687718597176,1.1592626171048657,0.4641888214782416,1.7266436245585888,0.011580174215494822,7.967687718597176,-0.02527997968598179,43.058659259656665,-163.6773156009385,16.551036853791025,,2.0479319478508753,,0.10333719554672291,0.8085188543030789,-0.006796239716478675,0.0,0.321532713218003,-0.5950758142382935,-7.855098576998286,-0.7213764831370789,-0.3640300613549968,-0.024214853453916923,-0.6661607724240736,-0.3975790682967974,0.5700643221655027,0.035987171352700936,-0.35993230134851484,Building Materials,Basic Materials,CX
2013Q3,2013,Q3,2013-09-30,2013-09-30,-155343299.18014,4019034090.040978,359214486.739536,-0.126278,1296786182.471559,0.3226611552474632,37002521535.4575,10759277282.57515,5227192048.305429,4619674729.794561,25116041280.240547,1277864391.552661,0.0,161782433000.6921,160886381040.57587,8.373030922733278,1.131506513779572,0.0,0.0,-0.3690531877144536,8.373030922733278,-0.014438079352385625,40.25405840711408,-260.3627479500824,15.03655206123387,,2.130310481741939,,0.10861514089491867,0.7844492517966288,-0.004198181440994041,0.0,0.3226611552474632,-0.30294294990364273,-1.168600660544553,-0.44225465050497825,-0.5417471129160171,0.0797222632233537,-0.15827133767183854,0.10389103122515513,-0.6828588357172964,0.03220739586457642,-0.34278449967218144,Building Materials,Basic Materials,CX
2013Q2,2013,Q2,2013-06-30,2013-06-30,-134116501.14073,3733203532.761691,325407559.78501,-0.09691752045577952,1201036809.781242,0.32171747381069193,36549645390.07092,10751541782.300339,5063290163.428924,4420906567.992599,24712149244.526672,1248997841.50478,293324082.639531,163978398939.4321,180560884292.50024,7.769459848373655,1.1453058519913513,0.47409738421756425,1.6116843169449844,-0.03175204930968867,7.769459848373655,-0.012474164529734561,43.92431259115592,-305.66410088376756,15.251617141030001,0.0,2.02735876623271,0.0,0.10214062251273862,0.7722501220617983,-0.003669433717054997,-939.0395261201603,0.32171747381069193,0.5156327848040165,-1.235645629289142,-0.5410973852647455,-0.49150060094579384,0.2917382543181339,0.5328553198113184,0.4476877189525669,0.5776536986812181,-0.04312956477138796,-0.36144872616427637,Building Materials,Basic Materials,CX
2013Q1,2013,Q1,2013-03-31,2013-03-31,-287098423.311938,3395843645.776699,224777454.091031,-0.200091,929783418.4025383,0.2738004205696808,37324580266.64935,11157076432.4491,5025439614.389003,4395575860.362078,25006126605.69815,1311661649.071271,592373795.979973,171928614741.12256,188438640464.75177,8.062514114008565,1.143294934278541,0.464255742865715,1.5531085444971344,0.013762014238504492,8.062514114008565,-0.025732406249090897,50.629131572339794,-149.71225961272415,15.409826739295928,0.0,1.8801039346696367,0.0,0.09098142890064831,0.7415263624280017,-0.007691939768937446,-387.5485454617295,0.2738004205696808,0.4498272530443415,-1.5443574260183772,-0.43949671700145976,-0.492629467203875,-0.19356049316796592,0.41933324384767456,2.977708745103974,0.22798924415744973,0.02639873009941078,-0.3431113605562947,Building Materials,Basic Materials,CX
2012Q4,2012,Q4,2012-12-31,2012-12-31,-494428896.212932,3769431154.347955,56509279.20947,-0.36368758922936334,1152948746.341856,0.3058681002866852,37295225631.55804,10992342626.564775,4932579280.689865,4190367133.275689,25174296775.801765,1284148535.907083,844492221.884664,141578859780.54807,157590637958.20224,8.085649161000529,1.1771234175450338,0.4553877644798129,1.5450564090934862,0.0038372443101538103,8.085649161000529,-0.04497939274728069,37.55974150562214,-71.58706785999385,12.87977136360359,,2.0375231796358326,,0.10107007238906157,0.7884854906772255,-0.013257163292090715,0.0,0.3058681002866852,-1.4012596923837348,-1.655072969940975,-0.5311771215300302,-0.44389733045642743,-0.057528994834320064,-1.3873173588026486,-0.7714052668577095,-1.087035081433064,0.11568587426391662,-0.43331264280752235,Building Materials,Basic Materials,CX
2012Q3,2012,Q3,2012-09-30,2012-09-30,-207106480.581581,3983438945.690627,247202892.353147,-0.151457,1223325428.604751,0.30710284387016196,39055102437.507286,12195560393.42223,5076670683.823815,4252839870.932628,27554779769.07826,1288963184.698519,0.0,121748222776.02281,120962466837.75745,8.970701333917763,1.193713104159392,0.0,0.0,0.04648513741023659,8.970701333917763,-0.01698212086205448,30.56359704162976,-146.96331862013506,9.982995356383022,,2.1413439498130047,,0.10199535264475605,0.8158996963320347,-0.005302930159073977,0.0,0.30710284387016196,-0.0842080059616768,-1.2006797286015958,-0.5064678677347592,-0.40318816882010916,0.0782915135127517,-0.09534323943033297,-0.3201482287831452,-2.4588056041680812,-0.19525576569743944,-0.3529370455130548,Building Materials,Basic Materials,CX
2012Q2,2012,Q2,2012-06-30,2012-06-30,-189079069.579407,3771311071.516871,363612926.845337,-0.13969367424626222,1134503437.404902,0.3008246776494599,38348779566.85745,11239723799.661291,4926145943.541181,4010886510.372467,26411302231.510315,1303465215.13195,1483586118.203875,100033783850.41214,116690817650.18558,8.304030258771963,1.2281937997502002,0.45063853847803625,1.5375322636438626,0.017699733672359882,8.304030258771963,-0.016822394655739217,26.524935746065953,-132.2644860598931,8.90002153375216,0.0,2.022921366447853,0.0,0.09834240135183307,0.8122588222135226,-0.0049305107415417385,-937.4985832145488,0.3008246776494599,-6.250034993059073,-1.2307028853858208,-0.4272701500154178,-0.3966419768790257,0.19476693056198482,-6.180235587366225,0.49914189152809274,-1.7949725494622895,-0.2936821034270616,-0.3567152824996123,Building Materials,Basic Materials,CX
2012Q1,2012,Q1,2012-03-31,2012-03-31,-26333268.216449,3533268216.448525,242547372.533698,-0.019268,949560461.027544,0.2687484795541499,39681969134.5966,11522797421.371363,5268763430.357492,4538777104.903301,27432310998.241844,1320023442.078531,0.0,110483334883.74034,109473528280.88821,8.513168131022118,1.1608332615993804,0.0,0.0,-0.00836312725050241,8.513168131022118,-0.002285319029180242,31.269444637518347,-1048.8950134826719,9.588238935696866,0.0,1.957319599834251,0.0,0.0890396392493551,0.781475423947663,-0.0006636079002816022,-339.14859155065164,0.2687484795541499,0.9534821590114235,-1.0487822574631358,-0.39110240570954796,-0.3489865380213913,-0.03133893753025397,0.951822421058354,0.08290324683854491,-8.474319449060808,-0.23436338108362711,-0.29810596778521187,Building Materials,Basic Materials,CX
2011Q4,2011,Q4,2011-12-31,2011-12-31,-546587620.111517,3672571860.988836,223978802.577051,-0.41420666975347575,980281439.8325229,0.2669196075495125,38905353282.14447,11140472479.403547,4970299447.648736,4635297328.745969,26572405421.517998,1268037608.728443,1929278926.614137,78260550792.06511,92794643578.45816,8.442302451402998,1.0722719806613568,0.38487995982660456,1.3440983617126905,-0.037691512344004544,8.442302451402998,-0.049063235075715646,21.30946752148603,-35.79506190430094,7.024886147042043,,2.1231944562402023,,0.09439759701846365,0.7374562246257786,-0.014049162236045604,0.0,0.2669196075495125,0.27001878719068245,-2.0004726151260668,-0.40327254220644526,-0.32075189881067956,-0.0925306100683638,0.2698702141499164,-0.19349701555427637,-17.209644326982104,-0.7468089429996531,-0.32614696237283985,Building Materials,Basic Materials,CX
2011Q3,2011,Q3,2011-09-30,2011-09-30,-748617068.779258,3614293050.054015,277716024.486856,-0.567421,1080236370.183651,0.29887902149149387,39901490961.46921,13991011955.347498,4288829960.388909,4049471227.943824,24483740223.262512,1307652070.579762,0.0,45759017870.78439,45023546642.84057,10.60245467565328,1.0591086388744693,0.0,0.0,0.022971805902253343,10.60245467565328,-0.053506999434242454,12.660572133214414,-15.281183057114205,3.2706010127662606,,1.9378676766418932,,0.09058040095654946,0.6611081477217279,-0.01876163147643176,0.0,0.29887902149149387,-1.4737484577791145,-1.701743242611831,-0.39079510592000793,-0.08722836113943153,-0.05385527797928808,-1.5690597747085397,0.08751982630195586,-1.791196166093305,-0.5115778710474876,-0.4197315750854585,Building Materials,Basic Materials,CX
2011Q2,2011,Q2,2011-06-30,2011-06-30,-291397294.897192,4052139661.179042,255366401.393538,-0.229377,1141724246.874786,0.28175836529350545,42418729250.631874,15544974212.719448,4674555639.046383,4168152025.411572,25425714615.069336,1387804238.677505,0.0,103999304293.74876,103999304293.74876,11.80382295024653,1.1214935565083683,0.0,0.0,0.015704917185063703,11.80382295024653,-0.01874543443492884,25.665281305602463,-89.22466518644315,6.690220444923792,0.0,2.0971368534496686,0.0,0.0955271346587706,0.5711967793214996,-0.006869543242926149,-652.9814743232121,0.28175836529350545,-0.045812455261274164,-1.3873842502253173,-0.32412713913887076,0.0841244072667295,0.17087046309513348,-0.042420347058516335,1.6064908832365452,-1.5379913474999274,-0.4765974061058159,-0.22745763619603132,Building Materials,Basic Materials,CX
2011Q1,2011,Q1,2011-03-31,2011-03-31,-279539147.254226,3426541081.490203,97973257.08519,-0.219329,975107223.9508877,0.28457479445330724,42712555714.40585,15964258683.037592,4767134807.837861,4134471448.995038,25308384492.473297,1357665461.273232,4966613405.096291,105993705998.1783,122963010514.19882,12.57166999349259,1.1530215812704678,0.40357554218883823,1.0797709541644935,0.004320573049466827,12.57166999349259,-0.017510311803656947,30.933149049560388,-94.79325797415294,6.639438016047633,0.0,1.8056243805748262,0.0,0.0802232744957127,0.6526249415210627,-0.006544659821419785,3299.4009372364485,0.28457479445330724,0.5318440797298759,-1.4363396026976067,-0.31228257115551716,0.23154351106889628,0.011412282029571445,0.5282983783248094,-0.3098068823047046,-1.5775905998735555,-0.38367390776739,-0.20887023420488657,Building Materials,Basic Materials,CX
2010Q4,2010,Q4,2010-12-31,2010-12-31,-592618584.310728,3739489839.224562,141950498.452294,-0.4684956240080186,964104590.45857,0.25781714402478256,41770492069.15566,15746212981.283855,4424973239.482306,4469736287.261994,24441029550.098934,1260501475.883097,5131045444.224594,126954919215.36136,143105216013.83032,12.448195300877941,0.9899853045229411,0.39374719712986106,1.044506015161503,0.007250615714730329,12.448195300877941,-0.03763562610356673,33.949796542751756,-53.55675748973602,8.062568400812408,0.0,2.2018103920279666,0.0,0.08952467768474989,0.6653059743464139,-0.014187493490131322,466.67075365967776,0.25781714402478256,-5.548814269251996,-2.8164253129538905,-0.2694126781134813,0.2683519948223564,-0.13631470154997397,-5.521704343594317,-0.509623320754334,-1.8438528806374368,-0.5001370195527544,-0.1438566650644309,Building Materials,Basic Materials,CX
2010Q3,2010,Q3,2010-09-30,2010-09-30,-90868667.619501,3832869620.454185,289472367.794188,-0.071539,1116268381.7690969,0.2912356777835876,43652453549.3092,16115531205.335875,4992456725.424805,4652135937.748134,25931395902.810863,1390424011.434016,0.0,102422030249.10916,118867559866.38722,12.740160447458736,1.0731536636570005,0.3881555372445017,1.0514044708537191,0.009533047404771918,12.740160447458736,-0.00563857724959226,26.72202302487201,-281.78588102002925,6.355485831903393,,1.9537933870138773,,0.08780421966716326,0.5766440799467477,-0.0020816394092684166,0.0,0.2912356777835876,0.9896231229179595,-1.1067163797253334,-0.29339434209560505,0.3437243796559277,0.004889530901652987,0.6986004403305194,-0.00167990840748073,-1.0946301682037245,-0.48962787054395224,-0.15240980575006965,Building Materials,Basic Materials,CX
2010Q2,2010,Q2,2010-06-30,2010-06-30,-301489052.336868,3704132887.847359,289959473.150963,-6.894078,1110836910.3691502,0.2998912144900687,42871445741.20049,15985749321.329962,4649548868.109856,3997647199.857692,25326271297.864605,1345102206.547716,0.0,125387868119.32143,125387868119.32143,12.167323387679058,1.1630713356284592,0.0,0.0,0.020787350624537244,12.167323387679058,-0.01885986363708255,33.85080177082687,-103.97381525749368,7.8437279103341755,,1.9279545932305442,,0.08640093245765207,0.7658281564604686,-0.007032397604616579,0.0,0.2998912144900687,-26.682389843389114,-1.3027807468609947,-0.377161741657942,0.3279174543500489,0.31291872823143596,0.14574592947445278,0.8934590721653481,-1.3789744097602834,-0.4204741798629621,-0.11594106029313893,Building Materials,Basic Materials,CX
2010Q1,2010,Q1,2010-03-31,2010-03-31,-352926679.238869,3139847919.516321,153137438.993792,0.268436,846082005.2932754,0.26946591904477024,45013923741.22846,16118910750.85186,5075221079.212969,4061812501.517567,25625417755.942795,1401718452.809725,0.0,120525735297.094,120525735297.094,12.273791370233484,1.2494966415403896,0.0,0.0,0.013031754867557767,12.273791370233484,-0.02189519407942732,38.385851285326076,-85.37590269246786,7.477287836631541,0.0,1.636395603999665,0.0,0.0697528155413948,0.47186644463977545,-0.007840389148649617,1827.1553586701666,0.26946591904477024,2.5404302090887345,-1.5852086974964672,-0.10597803800045284,0.46495655750331194,0.1441697699831057,-0.7678348932545619,2.3661222945277722,-1.6738316151125203,-0.44231877058466623,-0.06140660109581102,Building Materials,Basic Materials,CX
2009Q4,2009,Q4,2009-12-31,2009-12-31,-199637805.875149,2847099034.041004,45493724.11179,-0.1742604101219214,739472434.5022402,0.2597283851600612,44503668602.87374,16346147966.982574,4338887190.461633,3761311525.527362,24817792723.937634,1313894833.384286,6302736166.309997,129459053106.97377,144733357601.0123,14.268271664042445,1.1535569869749862,0.3626121871382791,0.9872400910820908,-0.0004834580500606821,14.268271664042445,-0.012213140752083945,45.470512812905994,-162.1174062441057,7.919850803288142,0.0,1.6041060106081784,0.0,0.06397447948498246,0.7483185337207646,-0.004485873010978195,126.08610988390554,0.2597283851600612,-2.6686983237280777,-1.44769125885457,0.059921653360112154,0.7586539893786115,-0.4336514911812245,-2.6686983237280777,-0.8880958646338919,-1.4209076795682298,-0.46714758260375905,0.1479920899355584,Building Materials,Basic Materials,CX
2009Q3,2009,Q3,2009-09-30,2009-09-30,119636846.898206,4171276551.637336,406541938.445364,0.10442894778763974,1305684438.0936866,0.3130179507233034,45513922275.61137,15882684815.684069,4652505941.495702,4158559381.640223,26263456802.920033,1458409974.309047,0.0,148861260102.537,148861260102.537,13.863722643541868,1.1187782870280083,0.0,0.0,0.033044684087782966,13.863722643541868,0.007532532961937596,35.68721907064758,311.069005833121,9.37255015950057,,1.9648741876585731,,0.09164836478776768,0.6007468895240659,0.0026285769478125902,0.0,0.3130179507233034,-0.4076969667764747,-0.7210062388844874,0.7161295419028869,0.8850210361418478,0.004239646400100871,-0.3678809135266233,-0.024929714134918558,-0.870823914540146,-0.19014428378738896,0.1935361409384539,Building Materials,Basic Materials,CX
2009Q2,2009,Q2,2009-06-30,2009-06-30,189263145.913954,4248805751.574475,416936034.600501,0.17631,1300172167.8427806,0.30600885139570744,45453891190.53039,13903595872.220959,5016469990.135822,9514286592.30594,28228671371.120724,1509059185.067152,0.0,96872633590.81726,96872633590.81726,12.908794555292632,0.5272565569122719,0.0,0.0,0.029287726040399108,12.908794555292632,0.013612532157389376,22.799967627354885,127.9602443505551,6.967451764357334,,1.9539548964744429,,0.09347507199690853,0.23834429432176565,0.004163849143753484,0.0,0.30600885139570744,68.66021335440537,-0.544111827187974,0.8055548956965479,0.7044417237576497,0.2069469360995723,64.71357181573033,0.4055910297602218,-0.6923560556480216,-0.1334904544273845,0.18561073855248905,Building Materials,Basic Materials,CX
2009Q1,2009,Q1,2009-03-31,2009-03-31,2880122.639577,3772522023.553015,296626846.48153,0.002531,1077240538.8794303,0.2855491716559602,44177069224.95461,13420362620.361279,4723565872.853278,8039138343.941845,27507203874.167274,1505322388.08079,0.0,68777579217.0078,68009259506.36938,12.12885099501314,0.5875711638191766,0.0,0.0,-0.0009681665884521,12.12885099501314,0.00021460840672123853,18.23119355900594,5970.021751149204,5.124867424421077,,1.790501161754415,,0.08539547982105622,0.3659457373942756,6.519496856867283e-05,0.0,0.2855491716559602,1.1112695983843581,-0.992282802264479,0.7394073057004992,0.7534966734243055,-0.7132498995416895,1.1144328637017384,-0.762096879180278,-0.9948405409360075,-0.1310454416370716,0.18816416175113018,Building Materials,Basic Materials,CX
2008Q4,2008,Q4,2008-12-31,2008-12-31,-25168666.99311,12162527280.407993,1246838820.186422,-0.022746554645206654,3756722446.331091,0.3088767950705942,45334544925.85054,13862460017.446932,4957473102.646118,11103300378.016865,28086289619.075314,1625327129.979645,6207909275.952312,97744770884.12894,115748987226.0888,12.52840304932199,0.44648644401814885,0.41386288488860234,1.3534600297862522,-0.0004986499664889994,12.52840304932199,-0.0018155988880352674,8.036551008734929,-970.897375205517,7.051040779277986,,5.171761843526339,,0.2682838727134263,0.27383672587519725,-0.0005551763458589036,0.0,0.3088767950705942,-1.0311239779119101,-1.207326454657812,4.368266405539146,0.847350848375732,0.8311047165961327,-1.0317236227650608,0.30453818423978496,-1.0881916831721252,1.716493932562534,0.27652439694815234,Building Materials,Basic Materials,CX
2008Q3,2008,Q3,2008-09-30,2008-09-30,793373038.744797,6204830428.617172,955770275.833676,0.730837,2051615296.6469975,0.330648084625292,49517345592.60784,20217249714.10274,6328751841.178354,8212565024.472805,33761866428.800144,1891459402.589086,0.0,146326615183.78745,144936611066.8669,18.271638125432634,0.7706181713410081,0.0,0.0,0.039241791702220065,18.271638125432634,0.039242382122399756,23.582693655723038,46.109020611316765,7.2377112244755955,,2.195772812403549,,0.12530620036998621,0.5170191883155142,0.01602212374774861,0.0,0.330648084625292,0.7863808797504864,3.7057036224922792,1.813424893450145,1.7132764229402095,-0.024344925144379585,0.7863411157126289,0.06348421062235009,0.06517140535806368,0.3076999865781603,0.9271378650723296,Building Materials,Basic Materials,CX
2008Q2,2008,Q2,2008-06-30,2008-06-30,444133000.0,6348211000.0,898716000.0,0.409116,2102808000.0,0.331244188323293,51914907000.0,16499490000.0,6128957000.0,8206757000.0,30569460000.0,2065462000.0,0.0,193002211965.73502,207233890965.73502,15.279191800078074,0.7468183839243686,0.2878452040759699,0.9056920547241157,0.023901488425642325,15.279191800078074,0.026917983525551397,30.402614526476043,108.63987362216668,11.697465313517872,,2.0554253721443434,,0.1222810820021309,0.4648655979456928,0.008555018696267722,0.0,0.331244188323293,0.07344591261636622,0.171698318295208,1.7893685492072298,1.239627451552068,0.3194859370617391,-0.05527536644977123,0.9476672619150818,-0.45732781493532354,0.2986971444488717,0.6675405784177223,Building Materials,Basic Materials,CX
2008Q1,2008,Q1,2008-03-31,2008-03-31,470119000.0,5400459000.0,461432000.0,0.381124,1593657000.0,0.2950965834570728,51061757000.0,19601365000.0,6008188000.0,9565605000.0,35327405000.0,1994720000.0,0.0,231494316487.4743,230780854487.4743,15.890781180325854,0.6281032929961042,0.0,0.0,0.01970604730349698,15.890781180325854,0.023983992951511286,42.86567428573651,123.10410581548199,11.810112024722477,,1.9084392796984038,,0.10576328190195257,0.36371332498048997,0.009206870809400467,0.0,0.2950965834570728,-0.3135206204731641,3.0535004956610057,1.3744863796025681,1.4968091107283448,-0.14986642455227686,-0.17601333468876962,-0.26573959591426904,-0.17005374174021098,0.6371411806337425,0.8966677362975038,Building Materials,Basic Materials,CX
2007Q4,2007,Q4,2007-12-31,2007-12-31,570542000.0,6077717000.0,628431000.0,0.5551863775758192,1874596000.0,0.3084375267884306,49662000000.0,14942000000.0,5608000000.0,7636000000.0,30967000000.0,1798000000.0,18338000000.0,195489140484.46368,214805140484.46368,14.539849570650173,0.7344159245678366,0.3999838911038621,1.3294070405568197,0.016328976408331135,14.539849570650173,0.03818377727211886,32.16489686579084,85.65939952030861,13.083197730187637,0.0,2.3376646273637376,0.0,0.12238163988562684,0.47027239392352016,0.01148850227538158,8.715578570648223,0.3084375267884306,-0.24054643480902493,1.9301037673078603,2.2010997365431817,1.1935375503343548,-0.0707654329555284,-0.2686521629894735,-0.3313205129978538,0.4263256244027407,1.5223590204036501,0.7921276700127142,Building Materials,Basic Materials,CX
2007Q3,2007,Q3,2007-09-30,2007-09-30,780124000.0,6101213000.0,939809000.0,0.731034,2017355000.0,0.3306481842217277,48713344000.0,15446774000.0,6775636000.0,6700102000.0,29529039000.0,1748293000.0,0.0,231047770626.18948,229767073626.18948,15.031038034522169,1.0112735597159566,0.0,0.0,0.050565615367943406,15.031038034522169,0.05050400815082813,37.869153334949864,74.04200185681682,14.957671461121233,0.0,2.3359116578285217,0.0,0.1252472628444477,0.6912887296342652,0.016014585243829697,0.0,0.3306481842217277,0.2530149806314489,32.1618751614359,1.489615992735725,0.0,0.15420351944379126,0.27577973729656186,0.16659653251803938,1.028095538494786,1.7982886298078407,1.0437384401455287,Building Materials,Basic Materials,CX
2007Q2,2007,Q2,2007-06-30,2007-06-30,611488000.0,4912924000.0,805599000.0,0.58342,1747833000.0,0.3557622711037256,44216977000.0,13898824000.0,6820629000.0,16427145000.0,26685457000.0,1353603000.0,0.0,271505591941.383,274673279941.383,13.763022849713545,0.4152047723447988,0.12533009662781786,0.3987184815060612,0.034440038700281034,13.763022849713545,0.043995664669183525,55.26354406080432,111.0020114627691,19.53442909568342,0.0,2.3382712656517457,0.0,0.11110945011007876,0.319771086211268,0.01382925838643379,0.0,0.3557622711037256,0.5091284396550387,4.8085566748371615,0.9601917979065109,0.0,0.16984914331151146,0.5284143171365727,0.44407776805816473,0.5709321641295585,1.2266968206907458,0.8172316779542933,Building Materials,Basic Materials,CX
2007Q1,2007,Q1,2007-03-31,2007-03-31,400080000.0,4300672000.0,557864000.0,0.386594,1494067000.0,0.3474031500193458,29728390000.0,13118130000.0,5010674000.0,3952587000.0,13982697000.0,1322733000.0,0.0,244074441771.97708,248583925771.97708,13.076792767308163,1.2676948034287416,0.1916392377791061,0.4342940647790501,0.024641743989960725,13.076792767308163,0.030498249369384202,56.75262883846457,152.5160229029051,18.605886797278046,,2.1218227714890308,,0.14466548642560192,0.884784066739075,0.013457842822971577,0.0,0.3474031500193458,-0.06622288240253264,-0.012237333805305574,0.8901858838567204,0.0,-0.06796501095435105,-0.06597126568270852,-0.16739698876458156,0.18241352750929254,1.1871558385886871,0.8905428573540687,Building Materials,Basic Materials,CX
