Year,Date,FillingDate,NetIncome,Revenue,OperatingIncome,EPSDiluted,GrossProfit,GrossProfitRatio,TotalAssets,CommonStockEquity,CurrentAssets,CurrentLiability,TotalLiability,Inventory,RetainedEarnings,EnterpriseValue,bookValuePerShare,currentRatio,debtToAssets,debtToEquity,roic,shareholdersEquityPerShare,roe,priceToSalesRatio,peRatio,pbRatio,payoutRatio,inventoryTurnover,dividendYield,assetTurnover,quickRatio,returnOnAssets,priceToFreeCashFlowsRatio,grossProfitMargin,epsdilutedGrowth,fiveYNetIncomeGrowthPerShare,fiveYRevenueGrowthPerShare,fiveYShareholdersEquityGrowthPerShare,grossProfitGrowth,netIncomeGrowth,operatingIncomeGrowth,threeYNetIncomeGrowthPerShare,threeYRevenueGrowthPerShare,threeYShareholdersEquityGrowthPerShare,Industry,Sector,Price,MarketCap,AvgVolume,Symbol
2022,2022-12-31,2023-02-21,1159542000.0,6150530000.0,1192451000.0,5.01,2145269000.0,0.348794169,12431120000.0,7476512000.0,2528058000.0,1564202000.0,4954608000.0,1044284000.0,8857485000.0,34204282760.0,32.477203224909644,1.6161966293355974,0.19185777307274002,0.31899995612927523,0.09642277871997859,32.477203224909644,0.15509130460835213,5.229575623564148,27.73910885504794,4.302094581002478,0.1743524598505272,3.835413546506506,0.006285438395357776,0.4947687738514309,0.8085407127723913,0.09327735553996744,31.83460062076392,0.34879416895779713,0.17882352941176466,0.7016857316803116,0.43042974178569016,0.856473522107829,0.1216424223601835,0.1711918452850504,0.17896482140791486,0.33195233929442775,0.17961270918201602,0.44599489732408837,Specialty Industrial Machinery,Industrials,157.52,36304423260,983403,AME
2021,2021-12-31,2022-02-22,990053000.0,5546514000.0,1011439000.0,4.25,1912614000.0,0.3448317267,11898187000.0,6871884000.0,2128765000.0,1563314000.0,5026303000.0,769175000.0,7900113000.0,36157092200.0,29.75421185945314,1.3617002086592969,0.21383434299696247,0.3702392240614073,0.08650885062864987,29.75421185945314,0.14407300821725164,6.122696742494475,34.30081339079827,4.941821369510894,0.18644961431357715,4.724412519907693,0.005435719911050132,0.4661646349985926,0.7522385138238383,0.08321040844289974,32.34909133861568,0.3448317267386326,0.1273209549071618,0.946810835114026,0.4546158693000439,1.1251631419944537,0.23912967423683879,0.13481057128349375,-0.015998887033945464,0.27194391444650934,0.1439311533374308,0.6190671219401376,Specialty Industrial Machinery,Industrials,157.52,36304423260,983403,AME
2020,2020-12-31,2021-02-18,872439000.0,4540029000.0,1027884000.0,3.77,1543514000.0,0.3399788856,10357483000.0,5949346000.0,2522470000.0,1075915000.0,4408137000.0,559171000.0,7094656000.0,28948771900.0,25.930420380499925,2.3444881798283324,0.23304165693537707,0.40571266152615765,0.09854491583410704,25.930420380499925,0.1466445219356884,6.111826356175258,31.80493868339219,4.66402002841993,0.1891650877597173,5.358852658667921,0.005947663966366801,0.4383332321182666,1.6825622841953127,0.08423272333635498,22.993292817835215,0.3399788855974268,0.005333333333333338,0.543947953715074,0.1944829820776414,0.9113911803704066,-0.13657295011355627,0.012936304201686526,0.11220348262851566,0.2846614347742823,0.05943266556448232,0.4822439764949082,Specialty Industrial Machinery,Industrials,157.52,36304423260,983403,AME
2019,2019-12-31,2020-02-20,861297000.0,5158557000.0,924187000.0,3.75,1787660000.0,0.3465426475,9844559000.0,5115492000.0,2025771000.0,1425858000.0,4729067000.0,624567000.0,6387612000.0,25092393660.0,22.460109150461673,1.4207382502324917,0.28124581304251417,0.5412462769954484,0.09386600051306715,22.460109150461673,0.168370315113385,4.403689376699725,26.374970143864427,4.440762034228574,0.14802791603825394,5.397174362398269,0.0056124391887772225,0.5240008211642594,0.7979686616759873,0.08748964783491063,22.445629241282276,0.3465426474884352,0.12275449101796412,0.5844727606850778,0.37903945387759147,0.6978052980977382,0.07718783630861636,0.10716089946049338,-0.14072279970991317,0.7173944955989506,0.3718551656045315,0.6041895633867673,Specialty Industrial Machinery,Industrials,157.52,36304423260,983403,AME
2018,2018-12-31,2019-02-21,777933000.0,4845872000.0,1075540000.0,3.34,1659562000.0,0.3424692191622065,8662288000.0,4241922000.0,1836144000.0,1258704000.0,4420366000.0,624744000.0,5653811000.0,17905455100.0,18.377380070443586,1.458757579224345,0.30392813076637487,0.6206415393776689,0.12321803442851152,18.377380070443586,0.18339163237796452,3.2247482186900522,20.087484526302394,3.6838765776456994,0.1657096433754578,5.10018503579066,0.008249397437418253,0.5594217139859584,0.8634389022359507,0.08980687319562684,18.527316756813153,0.3424692191622065,0.13605442176870747,0.5900541668368628,0.42474407473591347,0.4293194235433668,0.14552172613562553,0.141551352223869,0.17533280734001097,0.3684230094847095,0.2672837513187421,0.35463913309235495,Specialty Industrial Machinery,Industrials,157.52,36304423260,983403,AME
2017,2017-12-31,2018-02-22,681470000.0,4300170000.0,915094000.0,2.94,1448739000.0,0.33690272710148667,7796064000.0,4027633000.0,1934655000.0,1138663000.0,3768431000.0,540504000.0,5002419000.0,18212684630.0,17.49402985722911,1.6990584571554534,0.2788957350786243,0.5398428804213293,0.1262046987496593,17.49402985722911,0.16919863353984835,3.880008378738515,24.483389775045122,4.1425560943611295,0.12140666500359516,5.275503974068647,0.004958735947884954,0.5515821830092724,1.1544030147638062,0.08741205818731093,22.006100925235927,0.33690272710148667,0.3424657534246575,0.5569973249074768,0.35291643269245315,0.6665745507384436,0.1453686435016488,0.33058548338598637,0.14116152074393595,0.24020679074440826,0.13723339129308584,0.3224092713758284,Specialty Industrial Machinery,Industrials,157.52,36304423260,983403,AME
2016,2016-12-31,2017-02-23,512158000.0,3840087000.0,801897000.0,2.19,1264867000.0,0.32938498528809373,7100674000.0,3256513000.0,1928190000.0,924441000.0,3844161000.0,492104000.0,4403683000.0,12928325800.0,14.000907164016114,2.0857902234972268,0.3297665827215839,0.71904058113694,0.1058487724071187,14.000907164016114,0.157271904027406,2.943688463308253,22.071352590411554,3.4712036463542444,0.16258068799081535,5.233080812186042,0.0073661406714804235,0.5408059854599718,1.4166236677083772,0.07212808248907075,16.2986638406471,0.32938498528809373,-0.10612244897959193,0.37674810720604546,0.3273595362051504,0.6394996438308089,-0.11238337842057802,-0.13319759875029408,-0.11657721137448276,0.038857851348462195,0.1204395380394019,0.08893479266615999,Specialty Industrial Machinery,Industrials,157.52,36304423260,983403,AME
2015,2015-12-31,2016-02-25,590859000.0,3974295000.0,907716000.0,2.45,1425015000.0,0.35855793291640403,6664530000.0,3254626000.0,1619613000.0,1025172000.0,3409904000.0,514451000.0,3974793000.0,14417677540.0,13.56625511658733,1.5798451381816905,0.2914113973528516,0.596726013987475,0.12798604169357905,13.56625511658733,0.18154436177920288,3.234929098116773,21.759104185600965,3.9502426822621097,0.1455304903538746,4.955340741878235,0.0066882574352568735,0.5963353754878439,0.9601315681661223,0.08865726465332138,21.304852773271335,0.35855793291640403,0.03375527426160341,1.0695204360138049,0.5995432856445454,0.8232785700887738,4.772107313464992e-05,0.010948567908838929,0.010160407573676866,0.29551932922506124,0.19995335561858185,0.2923937886608092,Specialty Industrial Machinery,Industrials,157.52,36304423260,983403,AME
2014,2014-12-31,2015-02-24,584460000.0,4021964000.0,898586000.0,2.37,1424947000.0,0.35429133627252757,6420963000.0,3239561000.0,1578604000.0,936144000.0,3181402000.0,495896000.0,3469923000.0,14224708550.0,13.22890744635237,1.6862833068416825,0.26694220166040517,0.5290920590783751,0.13173143150331654,13.22890744635237,0.1804133337819538,3.2044785955319344,22.051633216986623,3.978408664013427,0.13782123669712212,5.237019455692322,0.006249933297047445,0.6263801862742395,1.0287701464731922,0.09102372961812738,19.687761195169827,0.35429133627252757,0.1285714285714286,1.7868623802735712,0.8806241198557476,1.0283985943147158,0.12156924786736498,0.13048574562039772,0.10245264569446642,0.49224377964038546,0.320444481292632,0.5490988399886003,Specialty Industrial Machinery,Industrials,157.52,36304423260,983403,AME
2013,2013-12-31,2014-02-26,516999000.0,3594136000.0,815079000.0,2.1,1270494000.0,0.35349079723193555,5877902000.0,3136121000.0,1369129000.0,874545000.0,2741781000.0,452848000.0,2966015000.0,13966865050.0,12.85743394215198,1.5655329342686768,0.24074321075785204,0.4512150519702524,0.1277466833537757,12.85743394215198,0.16485301428101787,3.574434314672567,24.849183557415007,4.09646281186217,0.1129692707335991,5.131174257145886,0.004546196476539328,0.6114657917059523,0.9512420744501426,0.08795638307681891,21.506839514853226,0.35349079723193555,0.1170212765957448,1.049901439068324,0.3903848352684543,1.3845677035266986,0.07661592721177614,0.12603564987846633,0.09278669798571336,0.7810584332946665,0.42276444687377185,0.7280143688581077,Specialty Industrial Machinery,Industrials,157.52,36304423260,983403,AME
2012,2012-12-31,2013-02-21,459132000.0,3334213000.0,745872000.0,1.88,1180081000.0,0.35393089763611385,5190056000.0,2535151000.0,1164743000.0,879969000.0,2654905000.0,428935000.0,2507419000.0,10369396840.0,10.496998078770414,1.3236182183690561,0.2801077676233166,0.5734471043342192,0.12959146316309522,10.496998078770414,0.18110637196758694,2.7213635841501427,19.76252110504169,3.579118498266967,0.11561598843034247,5.022047629594227,0.005850265146628851,0.6424233187464644,0.7566562003888774,0.08846378536185351,16.34774950138459,0.35393089763611385,0.18987341772151886,0.9852967359054325,0.538438396296467,1.0146305102759705,0.1411285760563176,0.19421324233218196,0.17286352035802063,1.2198404541836931,0.5808134884686561,0.6095128213610026,Specialty Industrial Machinery,Industrials,157.52,36304423260,983403,AME
2011,2011-12-31,2012-02-23,384464000.0,2989914000.0,635941000.0,1.58,1034135000.0,0.345874496724655,4319490000.0,2052805000.0,1059119000.0,628875000.0,2266685000.0,380471000.0,2101615000.0,7840275512.75,8.539743949746757,1.6841486781951898,0.2926095441822993,0.6157058269051371,0.13243005079977171,8.539743949746757,0.18728715099583254,2.256500860141797,17.54844019921241,3.2865973693312323,0.09979087768945857,5.140415432450831,0.005686595307424376,0.6921914392671357,0.9750745378652356,0.08900680404399594,14.73895849635936,0.345874496724655,0.34659129164525343,1.07373203788983,0.6127520017964294,1.0839120350332374,0.25492682571657405,0.3540706929828269,0.31894731602503745,0.5468016213861612,0.1736399219905135,0.5837995132289466,Specialty Industrial Machinery,Industrials,157.52,36304423260,983403,AME
2010,2010-12-31,2011-02-24,283932000.0,2470952000.0,482158000.0,1.173333,824060000.0,0.3334989914818256,3818915000.0,1775204000.0,974492000.0,550859000.0,2043711000.0,335253000.0,1755742000.0,7248259952.799999,7.440582771686282,1.769040716408373,0.3059801016780944,0.658240968361946,0.11447599742826362,7.440582771686282,0.15994330792404704,2.5265387400483696,21.98750388402857,3.5167541042043617,0.100566332783906,4.912385571493767,0.004573794884327732,0.6470298501014031,1.0325074111524002,0.07434886610463967,16.264898399812417,0.3334989914818256,0.3821983792934058,0.9748183159021798,0.6850302483123789,1.1556865602114619,0.24404817618304292,0.37985129027555037,0.31719164048627235,0.2427953118293115,0.1541133851245149,0.42802970464378853,Specialty Industrial Machinery,Industrials,157.52,36304423260,983403,AME
2009,2009-12-31,2010-02-25,205770000.0,2098355000.0,366050000.0,0.848889,662402000.0,0.3156768039726357,3246032000.0,1567024000.0,969430000.0,424282000.0,1679008000.0,311542000.0,1500471000.0,4878884771.5,6.521848064493305,2.284871854097039,0.32090903601689696,0.6647511461215655,0.09799775131124346,6.521848064493305,0.1313126027425234,1.9460766988903213,19.845263019390583,2.605933139186126,0.12430869417310589,4.609179500677277,0.006263897538251083,0.6464369420880632,1.373456804672364,0.06339124198405931,12.314381610571486,0.3156768039726357,-0.1695649281662887,0.7394789721374797,0.6224062118157607,1.2636552285366276,-0.1730817964943468,-0.16676115196475427,-0.1539428735201801,0.11039345038570131,0.1323631649630688,0.591494751158067,Specialty Industrial Machinery,Industrials,157.52,36304423260,983403,AME
2008,2008-12-31,2009-02-26,246952000.0,2531135000.0,432654000.0,1.022222,801049000.0,0.31647818073710016,3055542000.0,1287772000.0,954586000.0,447513000.0,1767770000.0,349509000.0,1320470000.0,4231440041.1,5.391934950362806,2.133091105733241,0.3638244867849959,0.8632591794199594,0.12159163793065682,5.391934950362806,0.1917668655631587,1.2669174268065513,12.98527260803719,2.490145026526435,0.10400806634487673,4.9500470660269125,0.008009694481154081,0.8283751295187564,1.1110783373890813,0.0808210130968581,15.79285417926619,0.31647818073710016,0.08490568040228307,1.634495792644206,1.1721844320818233,1.2799759182957169,0.1570234683737376,0.08302780457854574,0.11920098092473885,0.7158224043010277,0.7242716321361834,0.5621520602205906,Specialty Industrial Machinery,Industrials,157.52,36304423260,983403,AME
TTM,,,,,,,,,,,,,,,,38150447260.0,33.708164223077794,1.835205177786788,0.17801942640873644,0.28952698325732795,0.11891256346861927,33.708164223077794,0.16274958726173747,5.772574178080819,30.390010395637862,4.6730518742446465,0.1751187114774549,3.6515369486263385,0.005967496190959877,0.49850277686579814,0.8958550032457542,0.09454707672513571,30.204704088203627,0.3514272739501635,,,,,,,,,,,Specialty Industrial Machinery,Industrials,157.52,36304423260,983403,AME
