Quarters,Year,Quarter,FillingDate,Date,NetIncome,Revenue,OperatingIncome,EPSDiluted,GrossProfit,GrossProfitRatio,TotalAssets,CommonStockEquity,CurrentAssets,CurrentLiability,TotalLiability,Inventory,RetainedEarnings,MarketCap,EnterpriseValue,bookValuePerShare,currentRatio,debtToAssets,debtToEquity,roic,shareholdersEquityPerShare,roe,priceToSalesRatio,peRatio,pbRatio,payoutRatio,inventoryTurnover,dividendYield,assetTurnover,quickRatio,returnOnAssets,priceToFreeCashFlowsRatio,grossProfitMargin,epsdilutedGrowth,fiveYNetIncomeGrowthPerShare,fiveYRevenueGrowthPerShare,fiveYShareholdersEquityGrowthPerShare,grossProfitGrowth,netIncomeGrowth,operatingIncomeGrowth,threeYNetIncomeGrowthPerShare,threeYRevenueGrowthPerShare,threeYShareholdersEquityGrowthPerShare,Industry,Sector,Symbol
2023Q1,2023,Q1,2023-05-02,2023-03-31,305712000.0,1597117000.0,405541000.0,1.32,574592000.0,0.3597682574,12616022000.0,7757125000.0,2665942000.0,1452667000.0,4858897000.0,1117051000.0,9105705000.0,33444211580.000004,35290235580.0,33.708164223077794,1.835205177786788,0.17801942640873644,0.28952698325732795,0.032650585257761724,33.708164223077794,0.03941047746426672,20.94036415616389,27.349442923405036,4.311418415972413,0.1880593499764484,0.915378975534689,0.0017190418695467418,0.12659434170295517,0.8958550032457542,0.0242320439834363,91.24549581207542,0.3597682574288546,-0.0075187969924812095,0.691725051212492,0.3667224905053388,0.8514329041018031,0.02238750200174374,-0.004461349085911906,0.295384998690372,0.08392136784325419,0.32175580861983705,0.44909582229757244,Specialty Industrial Machinery,Industrials,AME
2022Q4,2022,Q4,2023-02-21,2022-12-31,307082000.0,1625667000.0,313066000.0,1.33,562010000.0,0.3457104069,12431120000.0,7476512000.0,2528058000.0,1564202000.0,4954608000.0,1044284000.0,8857485000.0,32291806960.0,34331427960.0,32.34932804887546,1.6161966293355974,0.19185777307274002,0.31899995612927523,0.02530527265852357,32.34932804887546,0.04107289602424232,19.863727909836392,26.28923785829192,4.319100532440796,0.1645619085456002,1.0185514668423532,0.0015649170720795117,0.13077397692243337,0.8085407127723913,0.024702681657002748,98.80034806127787,0.34571040686684296,0.031007751937984523,0.2854443812804274,0.42003367519946694,0.8535091041907221,0.027083828286335643,0.0317194203755531,-0.18582648496827214,0.3755021991224374,0.23208709432834532,0.44534785136343286,Specialty Industrial Machinery,Industrials,AME
2022Q3,2022,Q3,2022-11-01,2022-09-30,297641000.0,1551786000.0,384520000.0,1.29,547190000.0,0.3526194978,12038932000.0,7132672000.0,2432568000.0,1591383000.0,4906260000.0,1025130000.0,8600938000.0,26027595000.0,28075042000.0,31.07918082788671,1.5285873985080902,0.19581396422872063,0.3305060151371043,0.032815791690364166,31.07918082788671,0.04172924256155337,16.772670329542862,21.861567290796632,3.649066577013495,0.16945918069083224,0.9799693697384722,0.0019378663299471197,0.12889731414713532,0.7455175781065903,0.024723206344217246,87.09775057557424,0.3526194977915769,0.05737704918032792,0.9465697424245462,0.4363353372285522,0.9016358463200229,0.03954010148619715,0.054070325420631574,0.05393567626534226,0.3397515156336778,0.2078027383192806,0.45651016297324637,Specialty Industrial Machinery,Industrials,AME
2022Q2,2022,Q2,2022-08-02,2022-06-30,282373000.0,1514552000.0,364842000.0,1.22,526377000.0,0.3475463371,11984971000.0,6950091000.0,2411614000.0,1633029000.0,5034880000.0,966609000.0,8353735000.0,25285689000.0,27439189000.0,30.204654498044327,1.4767735294351785,0.20877422231559842,0.36001730049290004,0.031458187970154684,30.204654498044327,0.04062867666049265,16.69516068117833,22.3867800745822,3.638180996479039,0.17855460684980504,1.0223109861381385,0.0019939737453861747,0.12637093573276065,0.7554875020590571,0.023560591010191013,120.55443037974683,0.3475463371346775,0.04273504273504278,0.8769424456123504,0.4230021346151001,0.9352626833170813,0.032735455922400195,0.0364327740808304,0.0328445249688597,0.29593015929543476,0.16172739464952285,0.47293919656856265,Specialty Industrial Machinery,Industrials,AME
2022Q1,2022,Q1,2022-05-03,2022-03-31,272447000.0,1458525000.0,353240000.0,1.17,509692000.0,0.3494571571,11972029000.0,6931688000.0,2272815000.0,1590735000.0,5040341000.0,866472000.0,8121781000.0,30828639580.0,33024353580.0,29.944954445505246,1.4287829211025092,0.21182858811985839,0.3658586479945433,0.030232984099322412,29.944954445505246,0.03930456766086413,21.136860581752114,28.288657592118835,4.447493825457811,0.18637753397908585,1.0950532735045102,0.0016471047925495257,0.12182772026362448,0.7510748176157562,0.0227569612469198,176.21198717362478,0.3494571570593579,-0.03305785123966945,0.9447181250989255,0.4353193508890564,1.019192095450766,-0.022363052914447273,-0.03278176376823428,-0.01825145147259503,0.30715228271170986,0.1100606543739432,0.5243257863887832,Specialty Industrial Machinery,Industrials,AME
2021Q4,2021,Q4,2022-02-22,2021-12-31,281681000.0,1503745000.0,359807000.0,1.21,521351000.0,0.3467017347,11898187000.0,6871884000.0,2128765000.0,1563314000.0,5026303000.0,769175000.0,7900113000.0,34023291520.0,36268113520.0,29.698532335298285,1.3617002086592969,0.2178141930363004,0.3771300563280754,0.0314077161776025,29.698532335298285,0.040990360139955793,22.62570550193018,30.196651105328367,4.951086415312016,0.16419282805727045,1.2772047973478078,0.0013593628932936353,0.12638438108259686,0.7522385138238383,0.02367427911496096,142.6822315321549,0.3467017346691095,0.09999999999999988,1.5685168840139556,0.5376723350547696,1.0994448449543064,0.06121165366319342,0.09407674978637458,0.06589584758993136,0.3214720251817113,0.173730640156092,0.6075518852162239,Specialty Industrial Machinery,Industrials,AME
2021Q3,2021,Q3,2021-11-02,2021-09-30,257460000.0,1440681000.0,337563000.0,1.1,491279000.0,0.3410047054136204,11679695000.0,6558396000.0,2061815000.0,1633826000.0,5121299000.0,738688000.0,7664682000.0,28667515710.0,31137924710.0,28.370323267191818,1.2619550674306812,0.242222506666484,0.43136843215932674,0.028432670580951058,28.370323267191818,0.0392565499247072,19.89858664756459,27.836863697273365,4.371116917917125,0.17935990056707837,1.2852543969849246,0.0016108127564012067,0.12334919704666945,0.689829883965612,0.022043383838362216,102.05849099123154,0.3410047054136204,0.10000000000000009,0.9762120202581167,0.5292496629309136,0.9503467609596052,0.03725450453303606,0.1112789678822854,0.06617584354302282,0.34838448042172254,0.20937953212422128,0.4556558159753312,Specialty Industrial Machinery,Industrials,AME
2021Q2,2021,Q2,2021-08-03,2021-06-30,231679000.0,1386346000.0,316611000.0,1.0,473634000.0,0.34164198547837266,11755264000.0,6343299000.0,2042081000.0,1857629000.0,5411965000.0,711620000.0,7453401000.0,30815538000.0,33571079000.0,27.480630599407352,1.0992943154957207,0.2676405225778,0.49598560622792653,0.025990069958893938,27.480630599407352,0.03652342416777138,22.22788394816301,33.252407425791716,4.857967124046967,0.19912896723483786,1.282583401253478,0.0014971018841209262,0.11793405915851826,0.6162096952620787,0.01970853227966637,116.9168411946822,0.34164198547837266,0.06382978723404262,0.6943337093062272,0.43305110926044477,0.9099275569673343,0.11090418670106719,0.05677065040390817,0.07931275460635089,0.19727929006798073,0.14885625050207074,0.4649170482566887,Specialty Industrial Machinery,Industrials,AME
2021Q1,2021,Q1,2021-05-04,2021-03-31,219233000.0,1215742000.0,293345000.0,0.94,426350000.0,0.35069118283319983,10579883000.0,6120748000.0,2573493000.0,1138463000.0,4459135000.0,604321000.0,7267856000.0,29433462550.0,30833758550.0,26.561711545555145,2.2604977061178095,0.23856180640182884,0.41236071146859826,0.02677093005348546,26.561711545555145,0.035818007864398274,24.210286845399764,33.56413330794178,4.808801563142283,0.20997295115242687,1.3062461837334793,0.0015639682188869756,0.11491072254768792,1.582947359729741,0.020721684729405797,110.29138737962303,0.35069118283319983,-0.010526315789473694,0.6662436518827088,0.3127268328697167,0.893280301523768,-0.006128505124959497,-0.008107680126682502,-0.01599393518565108,0.21154755753481908,0.038968246429129876,0.45891145003479883,Specialty Industrial Machinery,Industrials,AME
2020Q4,2020,Q4,2021-02-18,2020-12-31,221025000.0,1198947000.0,298113000.0,0.95,428979000.0,0.3577964663992654,10357483000.0,5949346000.0,2522470000.0,1075915000.0,4408137000.0,559171000.0,7094656000.0,27813539320.0,29059390320.0,25.869196183982815,2.3444881798283324,0.23738132131136494,0.41326777766833533,0.028170398778308025,25.869196183982815,0.03715114232724068,23.198305946801653,31.459720981789392,4.67505828707895,0.18706028729781699,1.3769812812180888,0.0014865062487847375,0.11575659839364448,1.6825622841953127,0.021339644004243114,79.7299082979071,0.3577964663992654,0.07954545454545449,0.6660582012048525,0.2517440111721452,0.8855286963123885,0.08812465598104693,0.08037892081864885,0.10110031358383104,-0.07020371442849012,0.052481611492405794,0.48221906101616363,Specialty Industrial Machinery,Industrials,AME
2020Q3,2020,Q3,2020-10-29,2020-09-30,204581000.0,1126942000.0,270741000.0,0.88,394237000.0,0.34982900628426306,10433386000.0,5704192000.0,2643018000.0,1403494000.0,4729194000.0,584753000.0,6914976000.0,22819854400.0,24488361400.0,24.846639021500504,1.8831701453657799,0.284983705194076,0.5212561218135715,0.025228474695488768,24.846639021500504,0.03586502698366394,20.249360126785586,27.886087173295664,4.0005410757562165,0.2018320371882042,1.253016230784622,0.0018094331048843153,0.1080130649819723,1.3677372329343767,0.01960830357469761,76.17206049742475,0.34982900628426306,0.22222222222222227,0.3672397013372051,0.1796476611571653,0.7983984566441635,0.1502945493060074,0.23080671652117413,0.19274417375214767,0.3375151676341717,0.04275381143042303,0.5202865122321186,Specialty Industrial Machinery,Industrials,AME
2020Q2,2020,Q2,2020-08-04,2020-06-30,166217000.0,1011922000.0,226990000.0,0.72,342727000.0,0.3386891479778086,10311172000.0,5486440000.0,2517135000.0,1017453000.0,4824732000.0,621518000.0,6751686000.0,20485838250.0,22394021250.0,23.934736612498636,2.473957027990482,0.2947441862089004,0.5539398954513309,0.021016598005821497,23.934736612498636,0.030295966054490708,20.244483517504314,30.811887848415026,3.7339036333214257,0.24807330176817052,1.0767105699271784,0.0020128051142842543,0.09813840754474855,1.721096699306995,0.01612008799775622,67.2703452861787,0.3386891479778086,-0.4098360655737705,0.12605679913879594,0.0621440508129682,0.6738001659976115,-0.09228462991066581,-0.40767098098469084,-0.021763489053611446,0.10906720800688295,-0.045616246013940875,0.533538567845257,Specialty Industrial Machinery,Industrials,AME
2020Q1,2020,Q1,2020-05-05,2020-03-31,280616000.0,1202218000.0,232040000.0,1.22,377571000.0,0.3140620087205482,10601946000.0,5326003000.0,2774491000.0,1477671000.0,5275943000.0,654298000.0,6626703000.0,16489843240.0,18531052240.0,23.26151501122457,1.8776107807488946,0.3107534220604406,0.6185860203233081,0.021088309184048522,23.26151501122457,0.052687916247887955,13.716183953326269,14.690754661173987,3.0961010048248188,0.14669512786156172,1.2603538448841354,0.0024963851627251735,0.11339597466351932,1.3301858126741337,0.026468348357933533,64.9664261034351,0.3140620087205482,0.27083333333333337,1.0780455927238208,0.28564244397528565,0.7172270939793185,-0.15465267795972648,0.2710381969136278,-0.22043977087567823,1.0250651572942453,0.19610643903095562,0.568526922435313,Specialty Industrial Machinery,Industrials,AME
2019Q4,2019,Q4,2020-02-20,2019-12-31,220777000.0,1304821000.0,297655000.0,0.96,446646000.0,0.3423044233653505,9844559000.0,5115492000.0,2025771000.0,1425858000.0,4729067000.0,624567000.0,6387612000.0,22796275180.0,25215011180.0,22.381690344202976,1.4207382502324917,0.2856162475129663,0.5496570026890865,0.030767406182950305,22.381690344202976,0.04315850752967652,17.470806478436504,25.813688903282497,4.4563211476041795,0.14493357550831834,1.3740319293206333,0.0014036503660068557,0.13254235156699248,0.7979686616759873,0.022426296596932377,75.63788477937004,0.3423044233653505,0.0,0.5505570138210371,0.36009059292944906,0.6856940267777283,-0.014833326348619563,0.0001268408916914686,-0.011296901573129252,1.0380977242755831,0.35078692302846426,0.5822035878403136,Specialty Industrial Machinery,Industrials,AME
2019Q3,2019,Q3,2019-11-01,2019-09-30,220749000.0,1276633000.0,301056000.0,0.96,453371000.0,0.35513025278212296,9219709000.0,4865965000.0,2272184000.0,1110519000.0,4353744000.0,623675000.0,6198836000.0,20938724620.0,22672955620.0,21.33811463728014,2.0460559432121377,0.2678617079996776,0.5075266673722478,0.03224358692766986,21.33811463728014,0.04536592433361111,16.401522301240842,23.713272336454523,4.303098074071638,0.1444310053499676,1.3200176373912695,0.0015226810886822771,0.13846781932054472,1.3483218206982501,0.023943163498978112,67.24298103015842,0.35513025278212296,0.02127659574468087,0.6754036659356445,0.3316697942529781,0.5102355807169777,0.004680239064484033,0.02434304858865074,0.01911242002640398,0.7176826597289762,0.37371628309460736,0.4669104181809139,Specialty Industrial Machinery,Industrials,AME
2019Q2,2019,Q2,2019-08-02,2019-06-30,215503000.0,1289412000.0,295410000.0,0.94,451259000.0,0.3499727007349086,9069602000.0,4666781000.0,2127153000.0,978558000.0,4402821000.0,634138000.0,6009968000.0,20962117470.0,22903002470.0,20.50638245516902,2.1737628224387313,0.27661599704154605,0.5375861862812933,0.03194470318288333,20.50638245516902,0.04617808292268268,16.257113684377064,24.317663176382695,4.491772266579469,0.14778912590543983,1.32172019339639,0.0015193598664629561,0.14216853176137167,1.3544766891691653,0.02376102060487329,93.38910037423149,0.3499727007349086,0.0561797752808988,0.5472965770961937,0.40228252835465655,0.4694056036380472,0.03408695094228936,0.055001272837644666,0.04289713654288125,0.598548150133163,0.3518916143950989,0.42521128848052797,Specialty Industrial Machinery,Industrials,AME
2019Q1,2019,Q1,2019-05-02,2019-03-31,204268000.0,1287691000.0,283259000.0,0.89,436384000.0,0.3388887551438971,8891483000.0,4456621000.0,1924644000.0,1007228000.0,4434862000.0,640580000.0,5826313000.0,19056324000.0,21160613000.0,19.64472077615809,1.9108325026706963,0.2780586770508362,0.554759760814303,0.03250025142102805,19.64472077615809,0.04583472545679788,14.798832949830356,23.32269861162786,4.2759579511024155,0.15551138700139033,1.3289628149489525,0.0016669531857245918,0.14482297272569716,1.1231032099981335,0.02297344548710266,108.99293067947838,0.3388887551438971,-0.021978021978021997,0.5685801389987938,0.42536289124853477,0.4701341947428411,0.0007430170160069715,-0.03428517397881997,0.004393305439330544,0.5769630553356657,0.4123203068595785,0.40024722468077223,Specialty Industrial Machinery,Industrials,AME
2018Q4,2018,Q4,2019-02-21,2018-12-31,211520000.0,1271328000.0,282020000.0,0.91,436060000.0,0.342995670668781,8662288000.0,4241922000.0,1836144000.0,1258704000.0,4420366000.0,624744000.0,5653811000.0,15544664700.0,17823402700.0,18.47438493800384,1.458757579224345,0.30392813076637487,0.6206415393776689,0.03353264223730787,18.47438493800384,0.04986418892190851,12.227107953258326,18.372570797087747,3.6645333648284906,0.1507375189107413,1.3369764255439027,0.002051121758837294,0.14676584292741132,0.8634389022359507,0.024418490819053812,59.42718034980407,0.342995670668781,0.10975609756097571,0.6612787938354437,0.43733997754142606,0.4412468602286332,0.06364399172618351,0.10620093822072767,0.06315924392873569,0.5969591611417518,0.3294339088544932,0.34654291921507147,Specialty Industrial Machinery,Industrials,AME
2018Q3,2018,Q3,2018-11-02,2018-09-30,191213000.0,1192962000.0,265266000.0,0.82,409968000.0,0.3436555397405785,8108043000.0,4511909000.0,1998615000.0,969901000.0,3596134000.0,620149000.0,5474070000.0,18453024420.0,19835572420.0,19.489719311280247,2.0606381476047555,0.23449172630189555,0.4213890395395829,0.032291166011597885,19.489719311280247,0.042379622461357264,15.468241586907212,24.126268114615637,4.08984853639557,0.16930857211591263,1.2625901194712883,0.0017544007563828935,0.14713316147928668,1.2719339396495106,0.02358312603916876,80.26893044499543,0.3436555397405785,-0.012048192771084348,0.5764907032088713,0.41304489616699824,0.6210214435274399,-0.018480345330355027,-0.013654183431342205,-0.0178461675170131,0.26726813939291766,0.23836621050715195,0.41066488306544563,Specialty Industrial Machinery,Industrials,AME
2018Q2,2018,Q2,2018-08-02,2018-06-30,193860000.0,1208935000.0,270086000.0,0.83,417687000.0,0.34549996484509093,8152452000.0,4338096000.0,2018126000.0,1182517000.0,3814356000.0,614390000.0,5315232000.0,16687144320.0,18275336320.0,18.75917181256811,1.7066359299697171,0.2632195810536511,0.4946605607621408,0.032531944812888514,18.75917181256811,0.04468780773869458,13.803177441301642,21.519581553698544,3.8466516923553553,0.1668781594965439,1.2878595029215971,0.0019386780254082444,0.14829096816516063,1.072837853493861,0.02377934883885241,89.31009296475689,0.34549996484509093,0.06410256410256401,0.5918418181947712,0.4494989052641147,0.657865536492384,0.055172831927487134,0.06904157935370023,0.04616373834092529,0.30181583516325267,0.2578122440426757,0.31186339763010856,Specialty Industrial Machinery,Industrials,AME
2018Q1,2018,Q1,2018-05-03,2018-03-31,181340000.0,1172647000.0,258168000.0,0.78,395847000.0,0.337567059822777,8058361000.0,4204397000.0,1960205000.0,1159923000.0,3853964000.0,596312000.0,5153722000.0,17543600160.0,19192526160.0,18.20652757569459,1.6899440738738691,0.27371595787282305,0.5246179178607538,0.030970148176477856,18.20652757569459,0.04313103638880914,14.960683104122554,24.18605955663395,4.172679259356335,0.1781294805338039,1.3026737680945546,0.0018412412335781368,0.14551929356354226,1.0702374209322516,0.022503335355663515,106.23985756849066,0.337567059822777,-0.24271844660194175,0.5265652673403924,0.39932192324335314,0.6892401051110567,0.05265579211053967,-0.2397665721999564,0.12452304207683595,0.33144450375756035,0.24334338531608388,0.3440544360579229,Specialty Industrial Machinery,Industrials,AME
2017Q4,2017,Q4,2018-02-22,2017-12-31,238532000.0,1143085000.0,229580000.0,1.03,376046000.0,0.3289746606770275,7796064000.0,4027633000.0,1934655000.0,1138663000.0,3768431000.0,540504000.0,5002419000.0,16723901900.0,18251890900.0,17.453018156606145,1.6990584571554534,0.2788957350786243,0.5398428804213293,0.04470255340996497,17.453018156606145,0.05922386672271282,14.63049720711933,17.527943735012492,4.152290414742356,0.08691496319152148,1.419118082382369,0.0012396628564294557,0.1466233473711863,1.1544030147638062,0.030596465088023904,74.85375994199292,0.3289746606770275,0.5606060606060606,1.09109014014341,0.42729191916208453,0.669875534454646,0.030034430715375492,0.5536406328363653,-0.013962917309121208,0.6591885370031223,0.18007769529153927,0.3144873333239699,Specialty Industrial Machinery,Industrials,AME
2017Q3,2017,Q3,2017-11-02,2017-09-30,153531000.0,1084799000.0,232831000.0,0.66,365081000.0,0.3365425299986449,7783301000.0,3766155000.0,2024483000.0,1270341000.0,4017146000.0,546876000.0,4784618000.0,15218191560.000002,16912222560.000002,16.343392394516552,1.593653200203725,0.3122641665791931,0.6453388137238112,0.028219225757128413,16.343392394516552,0.04076598015748157,14.0285818478815,24.780323778259767,4.040776749762026,0.1348457314809387,1.3160533649309898,0.0013604113155216452,0.13937518284337197,1.084141974477719,0.019725692222361695,68.854364129943,0.3365425299986449,0.015384615384615398,0.39800437050617654,0.3580046279381176,0.632661657987749,0.000591999780740822,0.020268339524591145,0.0019192288658906557,0.15311799614213248,0.11979033192851775,0.15672697065256178,Specialty Industrial Machinery,Industrials,AME
2017Q2,2017,Q2,2017-08-02,2017-06-30,150481000.0,1064604000.0,232385000.0,0.65,364865000.0,0.34272367941506887,7535013000.0,3592196000.0,1789273000.0,995146000.0,3942817000.0,541213000.0,4651790000.0,13940670060.0,15825575060.0,15.60752178937947,1.7980004943998167,0.31869726037632584,0.6685013846683199,0.028691173314001055,15.60752178937947,0.041891088348185904,13.094700057486165,23.160183112818228,3.880821107756926,0.1374060512622856,1.2929087069231522,0.0014832142150274805,0.14128761290790076,1.1643979878329411,0.019970901178272684,75.48349925548908,0.34272367941506887,0.08333333333333341,0.38696170166042027,0.3506887604446362,0.6432857792922883,0.06453156409829991,0.0831737759670616,0.05486658980108762,0.06832700401708955,0.1448120762437499,0.11837278107705548,Specialty Industrial Machinery,Industrials,AME
2017Q1,2017,Q1,2017-05-08,2017-03-31,138926000.0,1007682000.0,220298000.0,0.6,342747000.0,0.3401340899212251,7298810000.0,3404235000.0,1787443000.0,1016798000.0,3894575000.0,529927000.0,4521986000.0,12413955840.0,14258250840.0,14.830166239740707,1.7579135678866402,0.33081118702911844,0.709271833466256,0.027477142613628974,14.830166239740707,0.04080975608323162,12.31931883272699,22.33915149072168,3.6466212937708473,0.14844593524610225,1.2547671660436248,0.0016612754440086684,0.13806113599340167,1.1547357488901433,0.019034061716910015,96.1882227508349,0.3401340899212251,0.2765957446808511,0.319693891394184,0.2747128185698175,0.6269044581215145,0.4439052132701422,0.2732888514132786,0.271766865640623,0.05432920218410796,0.10236043483955232,0.10983173297246265,Specialty Industrial Machinery,Industrials,AME
2016Q4,2016,Q4,2017-02-23,2016-12-31,109108000.0,972953000.0,173222000.0,0.47,237375000.0,0.24397375823909273,7100674000.0,3256513000.0,1928190000.0,924441000.0,3844161000.0,492104000.0,4403683000.0,11188157400.0,12812463400.0,14.145897858033353,2.0857902234972268,0.3297665827215839,0.71904058113694,0.023243342261365697,14.145897858033353,0.033504549191113314,11.499175602521396,25.635511144920628,3.4356249767773077,0.18845547530886828,1.4947612699754524,0.0018378361391304702,0.13702262630279885,1.4166236677083772,0.015365865268564646,49.82812211904603,0.24397375823909273,-0.16071428571428584,0.11706377787556094,0.3308664195232965,0.6551239026257237,-0.28572073373293855,-0.16511971351396848,-0.13869607589649754,-0.14529140698098422,0.09714529779945003,0.10356750394789671,Specialty Industrial Machinery,Industrials,AME
2016Q3,2016,Q3,2016-11-03,2016-09-30,130687000.0,945030000.0,201116000.0,0.56,332328000.0,0.3516586775023015,6977062000.0,3373199000.0,1696890000.0,1216738000.0,3603863000.0,537227000.0,4315137000.0,11079895320.0,12788852320.0,14.546297015015481,1.394622342690045,0.30878699372314594,0.6386892679619554,0.02728805846887629,14.546297015015481,0.03874274835252827,11.724384749690486,21.195481034838966,3.284684751774206,0.15876866099918124,1.1404899604822543,0.001872671121950636,0.13544812988618993,0.8552473909748853,0.018730950076120866,72.08217523680649,0.3516586775023015,-0.0508474576271185,0.3884376592355849,0.3106624187832144,0.714605710969757,-0.06681418165684794,-0.05431534158748996,-0.08181303530013331,0.07565158795984159,0.117481086849954,0.20986141506982864,Specialty Industrial Machinery,Industrials,AME
2016Q2,2016,Q2,2016-08-04,2016-06-30,138193000.0,977706000.0,219036000.0,0.59,356122000.0,0.36424242052314293,6955780000.0,3356577000.0,1707622000.0,1207462000.0,3599203000.0,536971000.0,4205199000.0,10784765550.0,12470722550.0,14.388310435733116,1.4142242157517173,0.30796718700131404,0.6381953996586404,0.028887183833266914,14.388310435733116,0.04117081181215268,11.030683610410492,19.510332560259926,3.2130249209239055,0.15159957450811545,1.1575746176236705,0.0019425549774700482,0.14056022473396226,0.8718982460731683,0.01986736210748471,61.69633160568408,0.36424242052314293,0.03508771929824565,0.5139741200415746,0.32888240761327864,0.7434941656840173,0.05037723939806867,0.029984348214951183,0.050416500817655606,0.12485470336841313,0.16204220955383888,0.271585133826336,Specialty Industrial Machinery,Industrials,AME
2016Q1,2016,Q1,2016-05-04,2016-03-31,134170000.0,944398000.0,208523000.0,0.57,339042000.0,0.35900330157412447,6994702000.0,3296686000.0,1662590000.0,1290554000.0,3698016000.0,548777000.0,4087956000.0,11744450340.0,13575870340.0,14.029465961367418,1.288276197663949,0.317148607617594,0.6729060638471484,0.02771465601386033,14.029465961367418,0.04069844686451788,12.43591191425649,21.883525266453006,3.562501961060289,0.1565625698740404,1.1031001663699462,0.0017885894521990887,0.1350161879662636,0.7700785864055282,0.019181660634005566,83.58801414906337,0.35900330157412447,0.0,0.5127067527187434,0.3415218763185624,0.7858430972251063,-0.003939679713734235,-0.019519003807338443,-0.0014700952928219126,0.1099855768236301,0.10750462958371892,0.30168350096974234,Specialty Industrial Machinery,Industrials,AME
2015Q4,2015,Q4,2016-02-25,2015-12-31,136841000.0,987983000.0,208830000.0,0.57,340383000.0,0.34452313450737515,6664530000.0,3254626000.0,1619613000.0,1025172000.0,3409904000.0,514451000.0,3974793000.0,12712619800.0,14273734800.0,13.719863417924289,1.5798451381816905,0.2914113973528516,0.596726013987475,0.030075054614159626,13.719863417924289,0.04204507676150808,12.867245489041816,23.225166068649017,3.9060155606204834,0.1558524126541022,1.2588176522156629,0.0016776243084057308,0.1482449625104846,0.9601315681661223,0.020532730740202235,72.3920311147556,0.34452313450737515,-0.12307692307692318,0.7012677978490368,0.47182712789157527,0.8517136712328928,-0.07186076125397764,-0.12504635609151013,-0.12114134208698946,0.16699875412184848,0.2000844307959789,0.31269354400913313,Specialty Industrial Machinery,Industrials,AME
2015Q3,2015,Q3,2015-11-05,2015-09-30,156398000.0,998527000.0,237615000.0,0.65,366737000.0,0.36727800049472875,6644024000.0,3315269000.0,1590740000.0,925477000.0,3328755000.0,541994000.0,3859394000.0,12554654880.0,14143691880.0,13.81598106343167,1.7188325587777977,0.28854064946183217,0.5782550375248585,0.033564571981890876,13.81598106343167,0.0471750557797874,12.573175167021022,20.068438982595687,3.7869189136688455,0.13630609087072726,1.165677110816725,0.0016980156128353883,0.15028949323482274,1.013588668329953,0.02353965006748922,74.53133833586627,0.36727800049472875,0.015625000000000014,1.004983542024115,0.5367422793595044,0.9709467225822719,-0.008285537356578268,0.005690842566216329,-0.01125171126710747,0.367610996186036,0.2004130965118426,0.38017995317286984,Specialty Industrial Machinery,Industrials,AME
2015Q2,2015,Q2,2015-08-05,2015-06-30,155513000.0,1003726000.0,240319000.0,0.64,369801000.0,0.36842823639120637,6557811000.0,3453334000.0,1599342000.0,830131000.0,3104477000.0,541919000.0,3724314000.0,13229260440.0,14568481440.0,14.29963809224093,1.926613992249416,0.25401906215351433,0.4823770304291447,0.03393284183906887,14.29963809224093,0.04503271331414801,13.180151196641315,21.267129500427615,3.8308661832304667,0.13954460398809101,1.1697781402755763,0.0016403789235553065,0.15305808599851384,1.139179237975693,0.023714163155967746,87.12230363457954,0.36842823639120637,0.08474576271186449,1.2718160100234839,0.6693411896748039,1.1886199356490958,0.0623595925238585,0.09433736550627345,0.08765252181469278,0.36603565934634297,0.21365403183614004,0.5055812346836444,Specialty Industrial Machinery,Industrials,AME
2015Q1,2015,Q1,2015-05-01,2015-03-31,142107000.0,984059000.0,220952000.0,0.59,348094000.0,0.35373285544870786,6335240000.0,3263862000.0,1608754000.0,898502000.0,3071378000.0,506086000.0,3590387000.0,12659355380.0,13925444380.0,13.545974840940124,1.7904846066007645,0.2640272507434604,0.5124836773123373,0.03232188835117706,13.545974840940124,0.043539524649020084,12.864427214221912,22.270815969656667,3.8786429634586264,0.15229369418818214,1.2566342479341457,0.001709565720399264,0.15533097404360371,1.1117259616561788,0.02243119439831798,117.70232050876768,0.35373285544870786,-0.04838709677419359,1.441715744959798,0.7600506328500043,1.1296439798830438,-0.034895197959410006,-0.06508552631578947,-0.027003223476775116,0.286047874557677,0.18593798559746885,0.4860256117204979,Specialty Industrial Machinery,Industrials,AME
2014Q4,2014,Q4,2015-02-24,2014-12-31,152000000.0,1024143000.0,227084000.0,0.62,360680000.0,0.3521773814789536,6420963000.0,3239561000.0,1578604000.0,936144000.0,3181402000.0,495896000.0,3469923000.0,12841193700.0,14177604700.0,13.277433501373007,1.6862833068416825,0.26694220166040517,0.5290920590783751,0.03357539045388423,13.277433501373007,0.046919937608830335,12.53847724390051,21.120384375000004,3.96386846859806,0.14358552631578947,1.3379075451304305,0.0016996083471585667,0.15949990678968248,1.0287701464731922,0.023672461591820418,67.84948589242312,0.3521773814789536,0.08771929824561413,1.880416123349363,0.923485916921298,1.0326172640537092,0.01866287082853205,0.07184915133522787,0.040986875581613895,0.4683014705460149,0.3217626569401871,0.553510266664772,Specialty Industrial Machinery,Industrials,AME
2014Q3,2014,Q3,2014-11-06,2014-09-30,141811000.0,1031811000.0,218143000.0,0.57,354072000.0,0.3431558686619933,6571061000.0,3467807000.0,1590130000.0,831709000.0,3103254000.0,526674000.0,3339749000.0,12323492190.0,13590563190.0,14.128997429096435,1.9118826416450947,0.24907454062593545,0.4719651353146239,0.03190320477053109,14.128997429096435,0.04089356760627105,11.94355573840558,21.72520500877929,3.553684559146458,0.15541812694360804,1.2868282846694539,0.0017884540891651265,0.1570235004666674,1.1579350469935998,0.02158114191909039,68.99124524140093,0.3431558686619933,-0.06557377049180334,2.2294007934975566,1.0335440359317558,1.2889861767163222,-0.016666064936832252,-0.054990237433611214,-0.05862476696816958,0.4234750346280201,0.3520456152815816,0.6654176425243287,Specialty Industrial Machinery,Industrials,AME
2014Q2,2014,Q2,2014-08-06,2014-06-30,150063000.0,990718000.0,231728000.0,0.61,360073000.0,0.363446510510559,6485003000.0,3421918000.0,1530670000.0,1121825000.0,3063085000.0,538287000.0,3219978000.0,12819108280.0,14139003280.0,13.955562987100379,1.364446326298665,0.24713419562026417,0.4683531282748447,0.03320554031553952,13.955562987100379,0.04385347632526554,12.939210027475022,21.356210858106262,3.7461763490533673,0.14676502535601713,1.1715776156585613,0.001718060220644302,0.15277063094650842,0.7816923316916632,0.02314000471549512,91.40184156862745,0.363446510510559,0.0701754385964913,1.8359080587880006,0.8480203468527133,1.3529213790022065,0.028421521641027986,0.06741069523281124,0.04555770627755142,0.5641219432436472,0.2811291213030077,0.6910562748506327,Specialty Industrial Machinery,Industrials,AME
2014Q1,2014,Q1,2014-05-06,2014-03-31,140586000.0,975292000.0,221631000.0,0.57,350122000.0,0.35899197368582947,6088843000.0,3272632000.0,1434171000.0,931805000.0,2816211000.0,483448000.0,3091938000.0,12610467390.0,13753019390.0,13.362535778303139,1.5391321145518644,0.23122406013753352,0.43020021805079217,0.033466388662999155,13.362535778303139,0.0429580838908866,12.929940356324055,22.424827845589178,3.853310543318039,0.10429203476875365,1.2931483841074944,0.0011626848987077868,0.16017690060328374,0.9205166316986924,0.023089115616874996,86.07768813864752,0.35899197368582947,0.03636363636363619,1.3274635145617533,0.724694825313666,1.4130711444661945,0.05260911001343864,0.03625025798272253,0.05265382697285616,0.5207910665736648,0.32924646744623687,0.7009480151859085,Specialty Industrial Machinery,Industrials,AME
2013Q4,2013,Q4,2014-02-26,2013-12-31,135668000.0,942468000.0,210545000.0,0.55,332623000.0,0.3529276325562247,5877902000.0,3136121000.0,1369129000.0,874545000.0,2741781000.0,452848000.0,2966015000.0,12886189530.0,14006051530.0,12.818334906952126,1.5655329342686768,0.24074321075785204,0.4512150519702524,0.033659301786159626,12.818334906952126,0.04325981044736475,13.672813856809993,23.74581612834272,4.108958018520331,0.10795471297579384,1.3466880719358372,0.0011365656205741062,0.16034088353293402,0.9512420744501426,0.023081024487989082,70.26850358535322,0.3529276325562247,0.057692307692307744,2.0294266193244286,0.47878422381508606,1.3834080891610876,0.046375845048933405,0.061033598198085466,0.02862433190350097,0.6353999132547699,0.3613319899011745,0.7300380671891645,Specialty Industrial Machinery,Industrials,AME
2013Q3,2013,Q3,2013-11-04,2013-09-30,127864000.0,890006000.0,204686000.0,0.52,317881000.0,0.35716725505221314,5461222000.0,2934228000.0,1308557000.0,732221000.0,2526994000.0,449133000.0,2844992000.0,11231134980.0,12276346980.0,12.023110113133018,1.787106624912424,0.23805844186520891,0.44307736140477155,0.03430945874986934,12.023110113133018,0.04357670910372336,12.61916771347609,21.959142096289806,3.827628589189388,0.11421510354751924,1.2738431600439069,0.001300313817437532,0.16296828804981742,1.0747711414996293,0.02341307494915973,74.57741508794996,0.35716725505221314,0.0,0.7675076043787974,0.34775526241763766,1.1106350630948592,0.021432404381593197,-0.0035613812236500652,0.010231327703553079,0.611713762499544,0.3467722916509823,0.715181090935815,Specialty Industrial Machinery,Industrials,AME
2013Q2,2013,Q2,2013-08-07,2013-06-30,128321000.0,878809000.0,202613000.0,0.52,311211000.0,0.35412814388564523,5192534000.0,2757143000.0,1243801000.0,679456000.0,2435391000.0,438912000.0,2731732000.0,10531244520.0,11567374520.0,11.315255308496056,1.8305835845146705,0.23952544172074752,0.4510988367306302,0.035746538160991444,11.315255308496056,0.04654129292532161,11.983541952802032,20.517383203061076,3.819622166858955,0.11368365271467648,1.293193168562263,0.0013852114032957617,0.16924472714092964,1.0731541115245138,0.02471259697095869,89.6535552415167,0.35412814388564523,0.01960784313725492,0.9067039492940016,0.3252310791998464,1.003828323435166,0.00787618328966672,0.02537036741086411,0.02726696580221563,0.8579019740666873,0.44858183764902076,0.7318475604338026,Specialty Industrial Machinery,Industrials,AME
2013Q1,2013,Q1,2013-05-02,2013-03-31,125146000.0,882853000.0,197235000.0,0.51,308779000.0,0.34975131760327033,5174475000.0,2622111000.0,1214164000.0,799137000.0,2552364000.0,434044000.0,2617998000.0,10354209600.0,11500569600.0,10.777939453727111,1.5193439923317278,0.2558124254151387,0.5048203527615727,0.035464692007116064,10.777939453727111,0.04772719385258671,11.728124161100432,20.684259984338293,3.948806743879264,0.11640004474773465,1.3226170618646957,0.0014068674058906438,0.17061692248972118,0.8840999728457073,0.02418525550901299,70.96931122641315,0.34975131760327033,0.04081632653061228,0.8478451834754305,0.4152805422569065,1.0071626308926254,0.03914211100192497,0.04377053829088058,0.038330332606841655,1.1296233301763654,0.563862665070866,0.6944645285920874,Specialty Industrial Machinery,Industrials,AME
2012Q4,2012,Q4,2013-02-21,2012-12-31,119898000.0,841790000.0,189954000.0,0.49,297148000.0,0.35299540265386853,5190056000.0,2535151000.0,1164743000.0,879969000.0,2654905000.0,428935000.0,2507419000.0,9112941630.0,10408732630.0,10.451688042909147,1.3236182183690561,0.2801077676233166,0.5734471043342192,0.03342827708246288,10.451688042909147,0.04729422428880962,10.82567104622293,19.001446291848072,3.5946346509537306,0.1211613204557207,1.2697541585554921,0.0015941065563480406,0.1621928549518541,0.7566562003888774,0.02310148483946994,53.88478899473152,0.35299540265386853,0.04255319148936174,0.9046459335520839,0.4183463873245349,1.0080193413466934,-0.0025879517586995123,0.03900448018579339,0.009512978040432813,1.2854841701527382,0.5903283675134792,0.6000292189242752,Specialty Industrial Machinery,Industrials,AME
2012Q3,2012,Q3,2012-11-01,2012-09-30,115397000.0,839373000.0,188164000.0,0.47,297919000.0,0.35493040638667195,4893511000.0,2423868000.0,1135832000.0,762393000.0,2469643000.0,407898000.0,2402092000.0,8409452739.999999,9618765740.0,10.010275132362537,1.4898248016442963,0.2804048054658506,0.5661050849303675,0.03452312770762392,10.010275132362537,0.04760861565068725,10.018731529367754,18.218525481598306,3.4694351095026623,0.1256618456285692,1.3274249935032778,0.0017243690461598339,0.17152776401238293,0.8669649380306482,0.023581636988248316,56.13824351297404,0.35493040638667195,0.0,0.988139385135109,0.5653288550537222,1.075145587712021,0.012830406772170188,0.015041297597790425,0.017223669841819028,1.6637113948287634,0.6768300373502443,0.6217273389772523,Specialty Industrial Machinery,Industrials,AME
2012Q2,2012,Q2,2012-08-02,2012-06-30,113687000.0,825898000.0,184978000.0,0.47,294145000.0,0.35615172817950885,4885204000.0,2290554000.0,1132010000.0,896380000.0,2594650000.0,415610000.0,2301259000.0,8024455214.4,9372461214.4,9.497752603993897,1.2628684263370447,0.30942433519664686,0.6599281221922731,0.033666492258710067,9.497752603993897,0.04963297088826546,9.71603662244006,17.645938441510463,3.503281395854452,0.1272528961094936,1.2794518899930223,0.0018028638223363453,0.16906110778587752,0.7265568174211829,0.023271699605584537,77.43221412691061,0.35615172817950885,0.03676546820990307,0.9318770156102865,0.5673341940716335,1.0825483064972299,0.011262802154921975,0.03211075805719473,0.012047533593031907,1.184398571702366,0.566338650456156,0.6013302490961973,Specialty Industrial Machinery,Industrials,AME
2012Q1,2012,Q1,2012-05-03,2012-03-31,110150000.0,827152000.0,182776000.0,0.453333,290869000.0,0.35165120800046423,4608592000.0,2189433000.0,1152861000.0,750142000.0,2419159000.0,393259000.0,2202122000.0,7767615240.000001,8908652240.0,9.115572930978491,1.5368570217372177,0.2951749688408086,0.6213211365682348,0.03507483461723971,9.115572930978491,0.05030982907446814,9.390795452347334,17.62963059464367,3.5477748074501485,0.08704493871992737,1.3636890700530693,0.0012343556810880348,0.17948041397459355,0.9235318113103919,0.02390100924534001,58.629263550386085,0.35165120800046423,0.07936428571428572,1.1311182906184838,0.6120981316812371,1.124444516533508,0.06546201803676217,0.08088747583581109,0.09198231568885172,0.8594560196289834,0.4915009168350697,0.6461341148090525,Specialty Industrial Machinery,Industrials,AME
2011Q4,2011,Q4,2012-02-23,2011-12-31,101907000.0,762751000.0,167380000.0,0.42,272998000.0,0.35791234623094564,4319490000.0,2052805000.0,1059119000.0,628875000.0,2266685000.0,380471000.0,2101615000.0,6741228406.2,7834760406.2,8.546730450567477,1.6841486781951898,0.2926095441822993,0.6157058269051371,0.034989867988815045,8.546730450567477,0.04964280581935449,8.838045975947589,16.537697131207867,3.283910749535392,0.09386990098815587,1.2872281987326235,0.0014190292070807183,0.17658357815390244,0.9750745378652356,0.02359236854350861,50.187823155151875,0.35791234623094564,0.049999999999999906,1.0978813307686417,0.5626905705103161,1.0912665691007795,0.06109297263681592,0.04010083896384903,0.04883887057761959,1.3179311823908921,0.21908640402834262,0.5891569879886577,Specialty Industrial Machinery,Industrials,AME
2011Q3,2011,Q3,2011-11-03,2011-09-30,97978000.0,750546000.0,159586000.0,0.4,257280000.0,0.3427904485534531,4116301000.0,2047860000.0,1080537000.0,518207000.0,2068441000.0,363838000.0,2009321000.0,5305664280.0,6198565280.0,8.483756307325198,2.0851455113497117,0.2699450307448362,0.5426030099713848,0.035597524058464114,8.483756307325198,0.047844090904651686,7.069072755034335,13.537896976872359,2.5908334944771614,0.09833840249852008,1.3557297478548145,0.001815983728242979,0.18233506247478015,1.2519610889084865,0.023802438159891613,42.379879705734346,0.3427904485534531,0.034481866825976974,1.0178841718062168,0.5775606945206407,1.1231004854101558,-0.0061727918169948775,0.04072484704282801,0.01676276639801217,0.36932497381832874,0.1491067370745422,0.48930795447291286,Specialty Industrial Machinery,Industrials,AME
2011Q2,2011,Q2,2011-08-04,2011-06-30,94144000.0,758834000.0,156955000.0,0.386667,258878000.0,0.34115234689009716,4154774000.0,1985643000.0,1083132000.0,601895000.0,2169131000.0,364317000.0,1921008000.0,7202221379.7,8216625379.7,8.252571599566101,1.7995364640011962,0.2914712087829567,0.6098764984440809,0.03368287749610403,8.252571599566101,0.047412349551253674,9.491168529217193,19.125545387119733,3.6271481730099517,0.10203518014955812,1.372310378049885,0.0013337551699084437,0.18264146256812044,1.0682511069206424,0.022659234894605577,68.61414901540483,0.34115234689009716,0.03571610331794927,0.9917363494900564,0.6556298005067509,1.1432072916061609,0.05673547528563673,0.04101288218057168,0.032462833837652944,0.4166456856181858,0.1588493027074219,0.46145502346470285,Specialty Industrial Machinery,Industrials,AME
2011Q1,2011,Q1,2011-05-05,2011-03-31,90435000.0,717783000.0,152020000.0,0.373333,244979000.0,0.3412995292449111,3893298000.0,1882219000.0,1022826000.0,491023000.0,2011079000.0,351424000.0,1836529000.0,7007275346.400001,7935614346.400001,7.855934254899997,2.083051099439334,0.27825971708304886,0.5755695803729534,0.03475541972538443,7.855934254899997,0.04804701259523998,9.762386886287361,19.371027108973298,3.7228799339503,0.1057002266821474,1.3453947368421053,0.0013641536157004237,0.1843637450819331,1.2141814130906292,0.02322837861371002,75.12973599373855,0.3412995292449111,0.13131212121212124,1.211634112751228,0.6672184004858595,1.1607659628343006,0.058768870391259435,0.11319686357537635,0.12172013813051563,0.3559015970374917,0.1683967144916486,0.4630011362451852,Specialty Industrial Machinery,Industrials,AME
2010Q4,2010,Q4,2011-02-24,2010-12-31,81239000.0,677975000.0,135524000.0,0.33,231381000.0,0.3412824956672444,3818915000.0,1775204000.0,974492000.0,550859000.0,2043711000.0,335253000.0,1755742000.0,6269331986.4,7274635986.4,7.409279107816622,1.769040716408373,0.3059801016780944,0.658240968361946,0.032518774027245005,7.409279107816622,0.045763191160001895,9.24714331118404,19.292864222848632,3.531612133816733,0.1175666859513288,1.3321103763426427,0.001523447796466815,0.17753079081362114,1.0325074111524002,0.02127279606904055,56.17580317915449,0.3412824956672444,0.03125000000000003,1.1051278802576792,0.6530908920247697,1.16961972285697,0.07469612027923957,0.05018291815866696,0.0538987347678334,0.30650767287124153,0.15647781227014337,0.42349979188534775,Specialty Industrial Machinery,Industrials,AME
2010Q3,2010,Q3,2010-11-04,2010-09-30,77357000.0,644374000.0,128593000.0,0.32,215299000.0,0.3341211780736032,3579305000.0,1668104000.0,930937000.0,463339000.0,1911201000.0,332431000.0,0.0,5052295865.925,6024317865.925,7.009819649173677,2.0091919739111104,0.30928406492321836,0.6636408761084441,0.03294165955067242,7.009819649173677,0.046374206883983256,7.840626508712332,16.32785612783911,3.0287655121772983,0.08184133304031956,1.2907189762687594,0.0012530936762233514,0.18002768693922425,1.1333235492803326,0.021612296241868185,48.33160374543211,0.3341211780736032,0.14285714285714277,1.1442730359082063,0.8367046543287602,1.1673897588150777,0.09599271031653109,0.14788324850499324,0.1124443098749946,0.3561214982923867,0.22274325577710896,0.45314650429659775,Specialty Industrial Machinery,Industrials,AME
2010Q2,2010,Q2,2010-08-05,2010-06-30,67391000.0,591941000.0,115595000.0,0.28,196442000.0,0.331860776665242,3267048000.0,1553376000.0,984945000.0,462392000.0,1713672000.0,315747000.0,1613171000.0,4242543258.375,5025837258.375,6.53363238601771,2.1301082198653956,0.31039856163729457,0.6528277764044249,0.031201389990613854,6.53363238601771,0.04338357229672661,7.167172502622727,15.738538003498242,2.731176005278181,0.0938404237954623,1.2525819722752711,0.0014906153254928155,0.1811852779634704,1.3030329244450596,0.020627490015451257,51.9652048991328,0.331860776665242,0.16666666666666682,0.8782532616598062,0.648715096955916,1.1164564127600771,0.08568680984646675,0.16301665372335836,0.1283505456533198,0.16163143544708247,0.13949231926652672,0.4326131273470871,Specialty Industrial Machinery,Industrials,AME
2010Q1,2010,Q1,2010-05-05,2010-03-31,57945000.0,556662000.0,102446000.0,0.24,180938000.0,0.32504104824830865,3225017000.0,1525880000.0,996281000.0,449328000.0,1699137000.0,305960000.0,1552019000.0,4420431736.425,5191468736.425,6.360675760313724,2.2172688993341167,0.3183452986449374,0.6728373135502137,0.02730326257235453,6.360675760313724,0.03797480797965764,7.940961905833342,19.071670275368884,2.896972066233911,0.1095521615324877,1.2280167342136228,0.001436058823777677,0.17260746222423012,1.3734176370045936,0.017967347148867743,51.36930851607168,0.32504104824830865,0.14285714285714285,0.7481379128224794,0.6104935007025987,1.130589868021254,0.1004220743678007,0.11681828694780665,0.14858789366878566,0.12245667979096232,0.08624625632257117,0.48239752375011485,Specialty Industrial Machinery,Industrials,AME
2009Q4,2009,Q4,2010-02-25,2009-12-31,51884000.0,523500000.0,89193000.0,0.21,164426000.0,0.31408978032473733,3246032000.0,1567024000.0,969430000.0,424282000.0,1679008000.0,311542000.0,1500471000.0,4077097232.625,4872422232.625,6.532185737167963,2.284871854097039,0.32090903601689696,0.6647511461215655,0.02478333186142262,6.532185737167963,0.03310989493460215,7.788151351719198,19.64525302899256,2.6018090550144732,0.12367974712820907,1.1525701189566735,0.0015739138985087378,0.1612738260128058,1.373456804672364,0.015983822710312158,41.975242019798,0.31408978032473733,0.18124852343934572,0.5991753011055385,0.5652676740975169,1.2963893799278308,0.07889660240679257,0.20609977218838627,0.1512487899322362,0.06940181942073434,0.07383476129584007,0.5983353791611942,Specialty Industrial Machinery,Industrials,AME
2009Q3,2009,Q3,2009-11-05,2009-09-30,43018000.0,497060000.0,77475000.0,0.177778,152402000.0,0.30660684826781476,3169015000.0,1484137000.0,960588000.0,449036000.0,1684878000.0,312536000.0,1455050000.0,3730539062.25,4589289062.25,6.172600591832873,2.139222690385626,0.33439822784051193,0.714026400527714,0.022058960266570934,6.172600591832873,0.028985194763017162,7.505208751961534,21.680105201601656,2.5136082870045016,0.14872843925798504,1.1027785599098985,0.0017150336434598743,0.15684999913222247,1.2389006672070837,0.013574564967347899,57.02705813855726,0.30660684826781476,-0.16666432291300456,0.41749295267754916,0.5297690815046797,1.3196625578378394,-0.06702744397034606,-0.1697450446799066,-0.16854475209272377,-0.11054467221262182,0.04887525530761543,0.544722742854835,Specialty Industrial Machinery,Industrials,AME
2009Q2,2009,Q2,2009-08-05,2009-06-30,51813000.0,524929000.0,93180000.0,0.213333,163351000.0,0.311186846221108,3112922000.0,1424031000.0,912305000.0,389862000.0,1688891000.0,325472000.0,1418484000.0,3689965307.7,4611559307.7,5.93116417388262,2.340071615084312,0.3401935544803243,0.7436607770476906,0.02591186979898008,5.93116417388262,0.03638474162430453,7.0294559982397615,17.804244628278617,2.5912113624633175,0.12271051666570165,1.1109342739160357,0.0017230514299775403,0.1686290244342775,1.281925399243835,0.016644490289188102,56.96412781851583,0.311186846221108,-0.1272725041318257,0.7787644424198137,0.6405419614892549,1.3182991704625155,-0.103565411611048,-0.12263144526289052,-0.12261539330709403,0.09852592707988138,0.14775551856807387,0.5403337192308411,Specialty Industrial Machinery,Industrials,AME
2009Q1,2009,Q1,2009-05-06,2009-03-31,59055000.0,552866000.0,106202000.0,0.244444,182223000.0,0.3295970452152963,3048724000.0,1325942000.0,941744000.0,418465000.0,1722782000.0,340779000.0,1373121000.0,3327758721.0,4286384721.0,5.537563949967634,2.2504725604291878,0.3589626348596987,0.8253588769342852,0.02923918290201336,5.537563949967634,0.044538147219109134,6.019105390818028,14.087540093980188,2.5097317386431683,0.1084751502836339,1.0876345079949175,0.0019250193710182752,0.18134340793066214,1.2370090688588053,0.019370398894750722,31.91053968969353,0.3295970452152963,0.35802222222222224,1.2705665687909211,0.7990247368468226,1.2804104369792422,0.01610960554049985,0.3473955600173401,0.29128822420815853,0.4451068212920855,0.284948581500005,0.523100793854676,Specialty Industrial Machinery,Industrials,AME
2008Q4,2008,Q4,2009-02-26,2008-12-31,43829000.0,623744000.0,82245000.0,0.18,179334000.0,0.28751218448594296,3055542000.0,1287772000.0,954586000.0,447513000.0,1767770000.0,349509000.0,1320470000.0,3214956181.5,4239657181.5,5.378153646975297,2.133091105733241,0.3638244867849959,0.8632591794199594,0.023123450332544666,5.378153646975297,0.03403475149327676,5.154287947459214,18.33806487428415,2.4965259234553945,0.15140660293413036,1.2715266273543744,0.0020641027825467426,0.20413530561844676,1.1110783373890813,0.014344099999279996,109.00373572591036,0.28751218448594296,-0.38636293904879443,0.7059719013128833,1.1166979315303625,1.3079036268621391,-0.14581299089770275,-0.38202865038632905,-0.3149960438096031,0.1364282372125404,0.5217943749236185,0.5748560764464509,Specialty Industrial Machinery,Industrials,AME
2008Q3,2008,Q3,2008-11-05,2008-09-30,70924000.0,647423000.0,120065000.0,0.293333,209947000.0,0.3242810341924831,3165144000.0,1362972000.0,1039945000.0,612370000.0,1802172000.0,362897000.0,1283044000.0,4335522570.0,5326963570.0,5.6964419493265375,1.698229828371736,0.3658408590572814,0.8495691767695888,0.032798415099724976,5.6964419493265375,0.05203628541158586,6.696584103437783,15.282283042411596,3.1809329685422743,0.08925046528678586,1.2055101034177742,0.00146003161044552,0.20454772357908518,0.9946715221189804,0.022407827258412255,83.91604703377529,0.3242810341924831,0.081966427035421,2.0341331144238035,1.2669957013878332,1.6034462731080563,-0.007755638315972551,0.077184775675101,0.05217726599539045,0.9552698692600838,0.8353650735958708,0.761302082017237,Specialty Industrial Machinery,Industrials,AME
2008Q2,2008,Q2,2008-08-01,2008-06-30,65842000.0,648771000.0,114111000.0,0.271111,211588000.0,0.3261366491412224,3109139000.0,1346131000.0,1028353000.0,880437000.0,1763008000.0,357115000.0,1218523000.0,5002966946.25,5951295946.25,5.646818730008914,1.1680029349061887,0.3505591097728342,0.8096812271613981,0.031518281907245385,5.646818730008914,0.048912030107025245,7.711452802683843,18.996107903200084,3.7165528067104905,0.09720239360894262,1.2242078882152807,0.0012792409121945437,0.2086658074791767,0.674920522422388,0.021176923900796972,92.02889734286187,0.3261366491412224,-0.016131022369318876,1.8107696850383483,1.1822921950633585,1.6956909884379456,0.05698871016085523,-0.007761050077610501,-0.01825643319883338,0.8301794801059975,0.8021753205109718,0.8291885748572763,Specialty Industrial Machinery,Industrials,AME
2008Q1,2008,Q1,2008-05-02,2008-03-31,66357000.0,611197000.0,116233000.0,0.275556,200180000.0,0.32752124110556824,2848497000.0,1279982000.0,950898000.0,692703000.0,1568515000.0,326770000.0,1159082000.0,4651899977.25,5441439977.25,5.369738997648609,1.3727355013620557,0.3174474117402967,0.7064536845049384,0.035170250270663006,5.369738997648609,0.051842135280027374,7.611130253011713,17.526033339549706,3.634347965244823,0.09522733095227331,1.2578174251002234,0.0013583697050458762,0.21456824423546875,0.8008987978975116,0.023295443175822196,68.88846074591281,0.32752124110556824,0.059830769230769285,2.1430692932321156,1.1337187601884915,1.7582205973891443,0.05915904316954058,0.0726443916395907,0.11723826367795763,1.014711685158915,0.779569903555483,0.7986628989471471,Specialty Industrial Machinery,Industrials,AME
2007Q4,2007,Q4,2008-02-27,2007-12-31,61863000.0,583250000.0,104036000.0,0.26,188999000.0,0.3240445777968281,2745700000.0,1240707000.0,952204000.0,640750000.0,1504993000.0,301679000.0,1099111000.0,4962328577.099999,5695147577.099999,5.204973790690504,1.4860772532188842,0.3288625851331172,0.7277769852189114,0.03316643308183286,5.204973790690504,0.04986108726717912,8.508064427089582,20.053701635468695,3.9995974691043084,0.10571747247951117,1.3068559627948912,0.0013179296570929604,0.21242306151436793,0.8999016777214202,0.022530866445715118,59.42552634093766,0.3240445777968281,0.10377150231792025,1.7091389649531517,1.1568259224048467,1.7578008228852349,0.09776554159624086,0.08068967926769617,0.08366318070080413,0.9189339979634601,0.7550646352085676,0.8298081249793827,Specialty Industrial Machinery,Industrials,AME
2007Q3,2007,Q3,2007-11-02,2007-09-30,57244000.0,528849000.0,96004000.0,0.235556,172167000.0,0.32555039340151914,2514150000.0,1151974000.0,845559000.0,609583000.0,1362176000.0,313267000.0,1043789000.0,4604179680.0,5311952680.0,4.823890522013685,1.3871105329380904,0.31037527593818987,0.6773850798715944,0.03410306557851009,4.823890522013685,0.049692093745171334,8.706038358775379,20.107695479002167,3.9967739549677335,0.11209908462022221,1.1385878499810067,0.0013937336172770737,0.21034902452120996,0.7568715006816135,0.022768728993894555,84.29630128709789,0.32555039340151914,-0.01851666666666668,1.4917213417374422,0.9151576341027131,1.6992763585301622,0.017337044193508358,-0.013255649595780256,-0.00627264258358348,0.8991586597838377,0.6387372773427246,0.8128174762885981,Specialty Industrial Machinery,Industrials,AME
2007Q2,2007,Q2,2007-08-03,2007-06-30,58013000.0,519468000.0,96610000.0,0.24,169233000.0,0.3257813763311696,2326347000.0,1084275000.0,778928000.0,531157000.0,1242072000.0,265469000.0,992603000.0,4192773991.875,4827012991.875,4.560639757724886,1.4664741310008151,0.30543809672417743,0.6553272924304259,0.03714130940887971,4.560639757724886,0.05350395425514745,8.071284452314675,18.068251908516196,3.866891694334924,0.11047523830865495,1.3193065857030388,0.0015285822733158837,0.2232977281549141,0.8547604568893943,0.024937380365010035,74.3030763428617,0.3257813763311696,0.12500175781524658,1.5481316476694882,0.8194526095224736,1.6405699377247345,0.04504165148605339,0.13974459724950883,0.07435167474756461,1.0112721855585325,0.6394999175640592,0.7826057511051475,Specialty Industrial Machinery,Industrials,AME
2007Q1,2007,Q1,2007-05-04,2007-03-31,50900000.0,505283000.0,89924000.0,0.213333,161939000.0,0.32049168485779256,2177781000.0,1014909000.0,712679000.0,461644000.0,1162872000.0,244187000.0,940996000.0,3631014871.875,4221948871.875,4.29080301228696,1.543784821204218,0.29770578400674813,0.6388139232187319,0.03507916430361867,4.29080301228696,0.050152279662511616,7.186101396395683,17.83406125675344,3.577675310668247,0.12538310412573675,1.4060699382030983,0.001757635323786056,0.23201736079063964,0.8969552295708382,0.02337241439795829,78.3373578105111,0.32049168485779256,0.06666499999999992,1.422700228832952,0.7944622739586733,1.6757632597416499,0.09340670470274468,0.06402993498756193,0.13448728300363344,0.9811282615763711,0.6644439886656781,0.7669849162280727,Specialty Industrial Machinery,Industrials,AME
