Quarters,Year,Quarter,FillingDate,Date,NetIncome,Revenue,OperatingIncome,EPSDiluted,GrossProfit,GrossProfitRatio,TotalAssets,CommonStockEquity,CurrentAssets,CurrentLiability,TotalLiability,Inventory,RetainedEarnings,MarketCap,EnterpriseValue,bookValuePerShare,currentRatio,debtToAssets,debtToEquity,roic,shareholdersEquityPerShare,roe,priceToSalesRatio,peRatio,pbRatio,payoutRatio,inventoryTurnover,dividendYield,assetTurnover,quickRatio,returnOnAssets,priceToFreeCashFlowsRatio,grossProfitMargin,epsdilutedGrowth,fiveYNetIncomeGrowthPerShare,fiveYRevenueGrowthPerShare,fiveYShareholdersEquityGrowthPerShare,grossProfitGrowth,netIncomeGrowth,operatingIncomeGrowth,threeYNetIncomeGrowthPerShare,threeYRevenueGrowthPerShare,threeYShareholdersEquityGrowthPerShare,Industry,Sector,Symbol
2023Q1,2023,Q1,2023-05-04,2023-03-31,58000000.0,1680000000.0,122000000.0,0.53,335000000.0,0.1994047619,12618000000.0,3693000000.0,2150000000.0,3347000000.0,8922000000.0,10000000.0,3680000000.0,11893238606.900002,14380238606.900002,34.712199397099944,0.6423662981774724,0.2722301474084641,0.9301380991064175,0.009032365124041843,34.712199397099944,0.0157053885729759,7.079308694583334,51.26395951250001,3.220481615732467,0.0,134.5,0.0,0.1331431288635283,0.5613982671048701,0.004596608020288477,60.9909672148718,0.19940476190476192,-0.8029739776951673,-0.8425510695454778,0.6901734632044794,-0.01615614411753507,-0.002976190476190476,-0.8027210884353742,0.43529411764705883,1.5366999416219722,0.6125040437939038,-0.04998191123726473,Lodging,Consumer Cyclical,H
2022Q4,2022,Q4,2023-02-16,2022-12-31,294000000.0,1588000000.0,85000000.0,2.69,336000000.0,0.2115869018,12312000000.0,3699000000.0,2250000000.0,3287000000.0,8610000000.0,9000000.0,3622000000.0,9696240000.0,12155240000.0,34.50559701492537,0.684514755095832,0.2802144249512671,0.9326845093268451,0.056580192630763866,34.50559701492537,0.07948094079480941,6.105944584382872,8.245102040816327,2.621313868613139,0.0,139.11111111111111,0.0,0.12897985705003248,0.6032856708244599,0.02387914230019493,45.73698113207547,0.21158690176322417,9.76,3.3375392772977217,0.5038637051230335,0.17661638615433464,-0.03724928366762178,9.5,-0.49101796407185627,-0.12255893430046036,0.19320749195200462,-0.10557172805834543,Lodging,Consumer Cyclical,H
2022Q3,2022,Q3,2022-11-03,2022-09-30,28000000.0,1541000000.0,167000000.0,0.25,349000000.0,0.2264763141,12402000000.0,3443000000.0,2634000000.0,2957000000.0,8956000000.0,9000000.0,3328000000.0,8830912456.96,11740912456.96,31.56472010775167,0.8907676699357457,0.3332527011772295,1.2004066221318617,0.009389275423431022,31.56472010775167,0.00813244263723497,5.730637545074626,78.84743265142856,2.5648888925239612,0.0,132.44444444444446,0.0,0.12425415255603935,0.7020629015894487,0.002257700370907918,-490.60624760888885,0.22647631408176508,-0.8648648648648649,0.9895874905466278,0.5656603206599532,0.07213675000227547,-0.005698005698005698,-0.8640776699029126,-0.13471502590673576,-0.9095485467942417,0.21276202408764658,-0.1234823463156285,Lodging,Consumer Cyclical,H
2022Q2,2022,Q2,2022-08-09,2022-06-30,206000000.0,1483000000.0,193000000.0,1.85,351000000.0,0.2366824005,12650000000.0,3609000000.0,2892000000.0,2411000000.0,9038000000.0,8000000.0,3300000000.0,8126648550.82,10831648550.82,32.823025178452575,1.1995022812111158,0.32671936758893283,1.1451925741202549,0.01578856240608192,32.823025178452575,0.057079523413688,5.47987090412677,9.862437561674756,2.2517729428706015,0.0,141.5,0.0,0.11723320158102767,1.1007880547490667,0.016284584980237153,57.22991937197183,0.23668240053944706,3.803030303030303,1.7027023192249295,0.41652254916813425,0.07360698752970062,0.39285714285714285,3.8219178082191783,20.444444444444443,1.296154484217859,0.1028604646040705,-0.050096964906946366,Lodging,Consumer Cyclical,H
2022Q1,2022,Q1,2022-05-10,2022-03-31,-73000000.0,1279000000.0,9000000.0,-0.66,252000000.0,0.1970289289,12689000000.0,3521000000.0,2597000000.0,2520000000.0,9165000000.0,8000000.0,3094000000.0,10515963884.15,13670963884.15,31.95897719908964,1.0305555555555554,0.3292615651351564,1.1865947174098268,0.0011486495936892456,31.95897719908964,-0.02073274637886964,8.22202023780297,-36.01357494571918,2.9866412621840386,0.0,128.375,0.0,0.10079596500906297,0.7777777777777778,-0.005753014421940263,76.75886046824817,0.1970289288506646,-1.5384615384615385,-2.2281397846373645,0.2689450198910949,0.1164701231164246,0.4482758620689655,-1.5172413793103448,1.1451612903225807,-2.114846366547002,-0.008411514385683258,-0.0647013851177521,Lodging,Consumer Cyclical,H
2021Q4,2021,Q4,2022-02-17,2021-12-31,-29000000.0,1076000000.0,-62000000.0,-0.26,174000000.0,0.1617100372,12603000000.0,3563000000.0,2062000000.0,2232000000.0,9037000000.0,10000000.0,3167000000.0,10558590000.0,13960590000.0,32.36148955495005,0.9238351254480287,0.3461080695072602,1.2242492281785013,-0.002121488865133248,32.36148955495005,-0.00813920853213584,9.812815985130111,-91.0223275862069,2.9633988212180746,0.0,90.2,0.0,0.08537649765928747,0.8154121863799283,-0.0023010394350551455,175.9765,0.16171003717472118,-1.2260869565217392,-1.8335333014332869,0.16651826050918003,0.07578648849495831,0.1836734693877551,-1.2416666666666667,-9.857142857142858,-1.6501114689125587,-0.06736326937166881,-0.04238208019957087,Lodging,Consumer Cyclical,H
2021Q3,2021,Q3,2021-11-04,2021-09-30,120000000.0,851000000.0,7000000.0,1.15,147000000.0,0.172737955346651,9477000000.0,3586000000.0,3239000000.0,876000000.0,5888000000.0,9000000.0,3196000000.0,7887329999.999999,8847330000.0,35.053763440860216,3.6974885844748857,0.35644191199746755,0.9419966536530954,0.00044272694499433946,35.053763440860216,0.03346346904629113,9.26830787309048,16.431937499999997,2.199478527607362,0.0,78.22222222222223,0.0,0.08979634905560832,3.593607305936073,0.012662234884457106,33.00138075313807,0.172737955346651,15.375,1.4958364203954215,0.008619188211574843,0.18175377591650657,0.6333333333333333,14.333333333333334,1.1,-0.44863085736911784,-0.13715092900531717,-0.006111161284849005,Lodging,Consumer Cyclical,H
2021Q2,2021,Q2,2021-08-04,2021-06-30,-9000000.0,663000000.0,-70000000.0,-0.08,90000000.0,0.13574660633484162,8962000000.0,2906000000.0,2474000000.0,1017000000.0,6053000000.0,9000000.0,3076000000.0,7911516000.0,10410516000.0,28.518155053974485,2.432645034414946,0.4064940861414863,1.2536132140399174,0.015116613878491218,28.518155053974485,-0.0030970406056434964,11.932904977375566,-219.76433333333335,2.7224762560220235,0.0,63.666666666666664,0.0,0.0739790225396117,2.061946902654867,-0.0010042401249721045,527.4344,0.13574660633484162,0.9732441471571907,-1.176632059818669,-0.2516764206766712,-0.045659470784367676,5.428571428571429,0.9703947368421053,0.5483870967741935,-1.1314504925888635,-0.3418967248059162,-0.1155127011676655,Lodging,Consumer Cyclical,H
2021Q1,2021,Q1,2021-05-05,2021-03-31,-304000000.0,438000000.0,-155000000.0,-2.99,14000000.0,0.0319634703196347,8769000000.0,2885000000.0,2332000000.0,950000000.0,5881000000.0,9000000.0,3085000000.0,8394050000.0,10948050000.0,28.423645320197043,2.4547368421052633,0.41418633823697115,1.2589254766031195,-0.057814106543840324,28.423645320197043,-0.10537261698440208,19.164497716894978,-6.903001644736842,2.9095493934142116,0.0,47.111111111111114,0.0,0.04994868286007526,2.071578947368421,-0.03466757897137644,-76.30954545454546,0.0319634703196347,-0.4950000000000001,-12.903556487974498,-0.46453843694445585,-0.03882512783719681,1.4666666666666666,-0.4975369458128079,0.26540284360189575,-1.8650006592115829,-0.538122037783118,-0.19439190556175054,Lodging,Consumer Cyclical,H
2020Q4,2020,Q4,2021-02-18,2020-12-31,-203000000.0,424000000.0,-211000000.0,-2.0,-30000000.0,-0.07075471698113207,9129000000.0,3211000000.0,2563000000.0,984000000.0,5915000000.0,9000000.0,3389000000.0,7521525000.0,9558525000.0,31.69792694965449,2.6046747967479673,0.35535107897907764,1.010277172220492,-0.022952086387681443,31.69792694965449,-0.0632201806290875,17.739445754716982,-9.262961822660099,2.3424244783556527,0.0,50.44444444444444,0.0,0.04644539379997809,2.233739837398374,-0.022236827691970645,-45.31039156626506,-0.07075471698113207,-0.25786163522012573,-8.474186921373494,-0.4791604542213621,0.09604458006823342,-0.5789473684210527,-0.2608695652173913,-0.25595238095238093,-4.169403023847872,-0.5750780395400337,0.08087682818396308,Lodging,Consumer Cyclical,H
2020Q3,2020,Q3,2020-11-05,2020-09-30,-161000000.0,399000000.0,-168000000.0,-1.59,-19000000.0,-0.047619047619047616,9225000000.0,3350000000.0,2638000000.0,970000000.0,5872000000.0,14000000.0,3592000000.0,5406381000.0,6869381000.0,33.07008884501481,2.7195876288659795,0.35132791327913276,0.9674626865671642,-0.017531078646150656,33.07008884501481,-0.04805970149253731,13.549827067669172,-8.395001552795032,1.6138450746268656,0.0,29.857142857142858,0.0,0.0432520325203252,2.484536082474227,-0.01745257452574526,-36.28443624161074,-0.047619047619047616,0.31759656652360513,-10.019579126949655,-0.4693050804780025,0.13604402250166717,0.7738095238095238,0.3177966101694915,0.3488372093023256,-13.318462932502468,-0.5634907644852838,0.12326855601908142,Lodging,Consumer Cyclical,H
2020Q2,2020,Q2,2020-08-04,2020-06-30,-236000000.0,250000000.0,-258000000.0,-2.33,-84000000.0,-0.336,8580000000.0,3490000000.0,1938000000.0,701000000.0,5087000000.0,11000000.0,3753000000.0,5093039487.16,6155039487.16,34.46117008173242,2.7646219686162623,0.2913752913752914,0.7163323782234957,-0.028816037936762597,34.46117008173242,-0.067621776504298,20.372157948639998,-5.395168948262712,1.4593236352893981,0.0,30.363636363636363,0.0,0.029137529137529136,2.5905848787446506,-0.027505827505827505,-19.365169152699618,-0.336,-1.2843137254901962,-9.405128678206571,-0.679721654439757,0.14982592573342848,-1.6363636363636365,-1.2912621359223302,-52.6,-4.361676090926728,-0.7407401780807875,0.12718900214247802,Lodging,Consumer Cyclical,H
2020Q1,2020,Q1,2020-05-07,2020-03-31,-103000000.0,993000000.0,5000000.0,-1.02,132000000.0,0.13293051359516617,8298000000.0,3705000000.0,1753000000.0,1183000000.0,4590000000.0,12000000.0,3989000000.0,4857060000.0,5625060000.0,36.53846153846154,1.4818258664412511,0.23644251626898047,0.5295546558704454,0.0006134940092012189,36.53846153846154,-0.027800269905533064,4.891299093655589,-11.788980582524271,1.3109473684210526,-0.1941747572815534,71.75,0.004117717302236332,0.11966738973246566,1.375316990701606,-0.012412629549288986,-31.335870967741936,0.13293051359516617,-1.331168831168831,-7.800422079074771,0.3684532409081213,0.21700061841143942,-0.45454545454545453,-1.320872274143302,-0.9,-2.88277040462102,0.0704261442750109,0.27645200903028055,Lodging,Consumer Cyclical,H
2019Q4,2019,Q4,2020-02-20,2019-12-31,321000000.0,1275000000.0,50000000.0,3.08,242000000.0,0.18980392156862744,8417000000.0,3962000000.0,1706000000.0,1086000000.0,4450000000.0,12000000.0,4170000000.0,9213217000.0,9943217000.0,38.57838364167478,1.570902394106814,0.19282404657241298,0.40964159515396265,0.0064662205444517415,38.57838364167478,0.08101968702675416,7.226052549019608,7.175402647975077,2.325395507319535,0.06230529595015576,86.08333333333333,0.00217079441415523,0.15147914934062018,1.2725598526703499,0.038137103481050254,-3071.0723333333335,0.18980392156862744,0.10000000000000009,1.577768385460693,0.7270264489912314,0.2514837658559293,0.16346153846153846,0.08445945945945946,0.25,8.89115176193982,0.4818571172635083,0.2824534482325908,Lodging,Consumer Cyclical,H
2019Q3,2019,Q3,2019-10-31,2019-09-30,296000000.0,1215000000.0,40000000.0,2.8,208000000.0,0.17119341563786009,8129000000.0,3756000000.0,1476000000.0,1044000000.0,4368000000.0,12000000.0,4003000000.0,7683781000.0,8646781000.0,36.011505273250236,1.4137931034482758,0.1996555541887071,0.43210862619808305,0.005034366781683238,36.011505273250236,0.07880724174653887,6.324099588477366,6.489679898648649,2.045735090521832,0.06756756756756757,83.91666666666667,0.002602885220180013,0.14946487882888423,1.1082375478927202,0.03641284290810678,-2561.260333333333,0.17119341563786009,2.4999999999999996,12.555654880153405,0.6128202780441036,0.17538514188424328,-0.1969111969111969,2.441860465116279,-0.5061728395061729,5.03834479695667,0.41242458749858996,0.21404175060685912,Lodging,Consumer Cyclical,H
2019Q2,2019,Q2,2019-08-01,2019-06-30,86000000.0,1289000000.0,81000000.0,0.8,259000000.0,0.2009309542280838,8082000000.0,3642000000.0,1304000000.0,1114000000.0,4435000000.0,13000000.0,3853000000.0,8085233999.999999,9282234000.0,34.55407969639469,1.170556552962298,0.21182875525859934,0.4700713893465129,0.011448292863305806,34.55407969639469,0.023613399231191653,6.272485647788983,23.503587209302324,2.219998352553542,0.23255813953488372,79.23076923076923,0.0024736451659902485,0.1594902251917842,0.9640933572710951,0.010640930462756744,94.0143488372093,0.2009309542280838,0.35593220338983067,0.7005356361864712,0.6287835099940028,0.11699063196088635,0.10683760683760683,0.36507936507936506,2.1153846153846154,0.6317703911184115,0.40657337347199723,0.15632861388137487,Lodging,Consumer Cyclical,H
2019Q1,2019,Q1,2019-05-02,2019-03-31,63000000.0,1241000000.0,26000000.0,0.59,234000000.0,0.18855761482675262,8035000000.0,3622000000.0,1302000000.0,1105000000.0,4407000000.0,14000000.0,3831000000.0,7805840000.0,9010840000.0,34.16981132075472,1.1782805429864254,0.21804604853764778,0.48371065709552735,0.0033949664130459565,34.16981132075472,0.017393705135284373,6.289959709911362,30.975555555555555,2.155118718939812,0.31746031746031744,71.92857142857143,0.0025621842107960194,0.15444928438083386,0.9710407239819004,0.007840696950840075,-147.28,0.18855761482675262,0.47499999999999987,0.6498135825471696,0.6945323036962862,0.11425770617175475,0.02631578947368421,0.4318181818181818,-0.6904761904761905,1.3621304605993338,0.45273416203198347,0.15548739994711702,Lodging,Consumer Cyclical,H
2018Q4,2018,Q4,2019-02-14,2018-12-31,44000000.0,1138000000.0,84000000.0,0.4,228000000.0,0.20035149384885764,7643000000.0,3670000000.0,1345000000.0,1061000000.0,3966000000.0,14000000.0,3819000000.0,7341359999.999999,8405359999.999999,33.79373848987109,1.2676720075400565,0.21379039644118802,0.4452316076294278,0.02177601809954751,33.79373848987109,0.011989100817438692,6.4511072056239005,41.71227272727272,2.000370572207084,0.36363636363636365,65.0,0.002179432693669838,0.14889441318853852,1.049010367577757,0.00575690174015439,68.61084112149531,0.20035149384885764,-0.8086124401913876,0.9764042357274403,0.4993070712492803,0.10614438630087585,0.013333333333333334,-0.8143459915611815,0.3548387096774194,0.5111243840525608,0.30394711277393893,0.16851313244856178,Lodging,Consumer Cyclical,H
2018Q3,2018,Q3,2018-10-31,2018-09-30,237000000.0,1074000000.0,62000000.0,2.09,225000000.0,0.20949720670391062,7724000000.0,3929000000.0,1943000000.0,897000000.0,3789000000.0,13000000.0,3791000000.0,8792802000.0,9411802000.0,35.269299820466784,2.1661092530657746,0.21141895390989124,0.41562738610333416,0.010319747842502697,35.269299820466784,0.06032069228811402,8.186966480446927,9.27510759493671,2.2379236446933066,0.07172995780590717,65.3076923076923,0.001933399614821305,0.1390471258415329,1.8584169453734671,0.030683583635422063,314.02864285714287,0.20949720670391062,2.166666666666666,5.047420034927371,0.4690663074952492,0.16255466189804038,-0.16356877323420074,2.0779220779220777,-0.4205607476635514,11.073494744344703,0.2989743344739574,0.21159266993927156,Lodging,Consumer Cyclical,H
2018Q2,2018,Q2,2018-08-01,2018-06-30,77000000.0,1133000000.0,107000000.0,0.66,269000000.0,0.23742277140335394,7316000000.0,3695000000.0,1727000000.0,916000000.0,3615000000.0,13000000.0,3571000000.0,8841390000.0,9653390000.0,32.24258289703316,1.8853711790393013,0.19682886823400766,0.38971583220568334,0.01573018691410352,32.24258289703316,0.020838971583220567,7.803521624007061,28.70581168831169,2.392798376184033,0.22077922077922077,66.46153846153847,0.0019227745863489788,0.15486604702022963,1.267467248908297,0.010524876981957353,-104.01635294117646,0.23742277140335394,-0.8058823529411764,-0.04123990401396157,0.4469199983379039,0.0954293613693296,0.04669260700389105,-0.8126520681265207,0.35443037974683544,1.4234489679319373,0.2827093715158763,0.07580089821936258,Lodging,Consumer Cyclical,H
2018Q1,2018,Q1,2018-05-03,2018-03-31,411000000.0,1109000000.0,79000000.0,3.4,257000000.0,0.23174030658250677,7987000000.0,4188000000.0,2196000000.0,1051000000.0,3793000000.0,13000000.0,3511000000.0,9052062000.0,9342062000.0,35.28222409435552,2.0894386298763084,0.18154501064229372,0.34622731614135627,0.0102655206363238,35.28222409435552,0.09813753581661891,8.162364292155095,5.506120437956205,2.161428366762178,0.043795620437956206,65.53846153846153,0.0019884972064928407,0.13885063227745087,1.5042816365366318,0.05145862025791912,-1508.677,0.23174030658250677,4.483870967741935,69.08620132160911,0.551699489987687,0.1892806729789203,0.015810276679841896,4.407894736842105,0.31666666666666665,22.18076167496362,0.3055679980465159,0.17515863377452948,Lodging,Consumer Cyclical,H
2017Q4,2017,Q4,2018-02-15,2017-12-31,76000000.0,1184000000.0,60000000.0,0.62,253000000.0,0.21368243243243243,7672000000.0,3525000000.0,1327000000.0,966000000.0,4141000000.0,14000000.0,2742000000.0,8839508000.0,9787508000.0,29.3261231281198,1.3737060041407867,0.18912930135557873,0.4116312056737589,0.003064878641559755,29.3261231281198,0.02156028368794326,7.465800675675676,29.077328947368425,2.5076618439716314,0.0,66.5,0.0,0.1543274244004171,0.9337474120082816,0.009906152241918665,105.23223809523809,0.21368243243243243,3.769230769230769,5.399124324043262,0.5950659367720467,-0.01497120089728071,0.06302521008403361,3.75,0.05263157894736842,-0.47854308752811253,0.3702710496407749,-0.04865980515868122,Lodging,Consumer Cyclical,H
2017Q3,2017,Q3,2017-11-02,2017-09-30,16000000.0,1119000000.0,57000000.0,0.13,238000000.0,0.2126899016979446,7861000000.0,3651000000.0,1268000000.0,1200000000.0,4204000000.0,15000000.0,2666000000.0,7662637280.19,9075637280.189999,29.440945949930992,1.0566666666666666,0.22846966034855618,0.491920021911805,0.005738583535180655,29.440945949930992,0.004382360996987127,6.847754495254692,119.72870750296876,2.0987776719227607,0.0,58.733333333333334,0.0,0.14234830174278082,0.6658333333333334,0.002035364457448162,147.35840923442308,0.2126899016979446,-0.8088235294117647,-0.07168601919337426,0.5284043579849108,-0.004681947008748804,-0.16783216783216784,-0.8160919540229885,-0.45714285714285713,-0.38372718521228144,0.24929217345553825,-0.03907236951101393,Lodging,Consumer Cyclical,H
2017Q2,2017,Q2,2017-08-03,2017-06-30,87000000.0,1195000000.0,105000000.0,0.68,286000000.0,0.2393305439330544,7901000000.0,3837000000.0,1363000000.0,1073000000.0,4058000000.0,15000000.0,2650000000.0,7054595353.96,8341595353.96,30.57266351626139,1.2702702702702702,0.21351727629414,0.4396664060463904,0.012527977091699035,30.57266351626139,0.022673964034401875,5.903427074443515,20.271825729770114,1.8385705900338807,0.0,60.6,0.0,0.15124667763574232,0.7632805219012115,0.011011264396911783,82.03017853441861,0.2393305439330544,0.25925925925925924,1.9487809274690802,0.5578219311784043,0.040838267463116015,0.05925925925925926,0.24285714285714285,0.3125,0.4447364398316748,0.26812025662869987,-0.011712103409907042,Lodging,Consumer Cyclical,H
2017Q1,2017,Q1,2017-05-04,2017-03-31,70000000.0,1187000000.0,80000000.0,0.54,270000000.0,0.22746419545071608,7763000000.0,3714000000.0,1048000000.0,1109000000.0,4043000000.0,16000000.0,2563000000.0,7003723843.12,8373723843.12,28.625017846319015,0.9449954914337241,0.22465541672034006,0.46957458266020463,0.00924339509901987,28.625017846319015,0.01884760366182014,5.9003570708677335,25.013299439714284,1.8857630164566506,0.0,57.3125,0.0,0.15290480484348834,0.715058611361587,0.009017132551848512,70.0372384312,0.22746419545071608,0.7088582380487806,7.930292886804841,0.5807124450696906,-0.023865213326470684,0.19469026548672566,0.7073170731707317,0.3333333333333333,0.49762160707601794,0.32415407642401006,-0.06655478939704954,Lodging,Consumer Cyclical,H
2016Q4,2016,Q4,2017-02-16,2016-12-31,41000000.0,1087000000.0,60000000.0,0.31600046626254163,226000000.0,0.20791168353265868,7749000000.0,3903000000.0,1139000000.0,924000000.0,3841000000.0,28000000.0,2493000000.0,7169799547.44,8251799547.44,30.081702922504878,1.2326839826839826,0.20183249451542135,0.4007173968741993,0.00737659938768228,30.081702922504878,0.010504739943633103,6.595951745574976,43.71828992341463,1.836997065703305,0.0,30.75,0.0,0.14027616466640858,0.9112554112554112,0.005291005291005291,107.01193354388059,0.20791168353265868,-0.32765858242012413,0.00573225320097388,0.40054224882808176,0.033317109521493846,-0.017391304347826087,-0.3387096774193548,-0.13043478260869565,0.5414897744869609,0.198702920027597,-0.015358811867684766,Lodging,Consumer Cyclical,H
2016Q3,2016,Q3,2016-11-03,2016-09-30,62000000.0,1088000000.0,69000000.0,0.47,230000000.0,0.2113970588235294,7647000000.0,3913000000.0,1219000000.0,832000000.0,3730000000.0,16000000.0,2452000000.0,6492976101.48,7414976101.48,29.662493283488217,1.4651442307692308,0.19170916699359225,0.37464860720674675,0.00883683460370577,29.662493283488217,0.015844620495783286,5.96780891680147,26.181355247903223,1.659334551873243,0.0,53.625,0.0,0.14227801752321173,1.0913461538461537,0.008107754675035961,113.91186142947367,0.2113970588235294,-0.04081632653061228,4.555952146335931,0.5217078989640901,0.027875163723776897,-0.12547528517110265,-0.07462686567164178,-0.3235294117647059,0.33596928570280765,0.25675033101389705,-0.02225816713754813,Lodging,Consumer Cyclical,H
2016Q2,2016,Q2,2016-08-02,2016-06-30,67000000.0,1165000000.0,102000000.0,0.49,263000000.0,0.2257510729613734,7706000000.0,4004000000.0,1347000000.0,824000000.0,3698000000.0,16000000.0,2390000000.0,6584323538.52,7416323538.52,29.882577739219997,1.6347087378640777,0.19127952245003893,0.36813186813186816,0.014176540874240764,29.882577739219997,0.016733266733266732,5.651779861390558,24.568371412388057,1.6444364481818183,0.0,56.375,0.0,0.15118089800155723,1.2390776699029127,0.008694523747729043,46.697330060425536,0.2257510729613734,0.96,1.2961929161078647,0.5782847883790901,0.05293644222545891,0.10970464135021098,0.9705882352941176,0.5,-0.286485777150009,0.2724746569004812,0.015249093209439759,Lodging,Consumer Cyclical,H
2016Q1,2016,Q1,2016-05-03,2016-03-31,34000000.0,1089000000.0,68000000.0,0.25,237000000.0,0.21763085399449036,7899000000.0,3996000000.0,1462000000.0,1012000000.0,3899000000.0,16000000.0,2323000000.0,6687527281.400001,7622527281.400001,29.571773194860075,1.4446640316205535,0.21597670591214077,0.4269269269269269,0.008109435285864608,29.571773194860075,0.00850850850850851,6.140980056382002,49.17299471617647,1.6735553757257258,0.0,53.25,0.0,0.13786555260159514,1.140316205533597,0.004304342321812888,514.4251754923077,0.21763085399449036,-0.03846153846153849,3.383783114872722,0.6046856511248385,-0.0007303126550793004,0.00423728813559322,-0.08108108108108109,0.0967741935483871,4.092982959006685,0.3384635758330691,-0.0032051768530778624,Lodging,Consumer Cyclical,H
2015Q4,2015,Q4,2016-02-18,2015-12-31,37000000.0,1109000000.0,62000000.0,0.26,236000000.0,0.21280432822362488,7596000000.0,3991000000.0,1124000000.0,1107000000.0,3601000000.0,12000000.0,2289000000.0,6488760000.0,7406760000.0,28.920289855072465,1.015356820234869,0.18101632438125329,0.34452518165873214,0.012214472072839572,28.920289855072465,0.009270859433725883,5.851000901713255,43.84297297297297,1.6258481583563018,0.0,72.75,0.0,0.14599789362822538,0.7235772357723578,0.004870984728804634,111.87517241379311,0.21280432822362488,0.44444444444444453,6.785556176328503,0.5252043454422025,-0.015488904035770263,0.07272727272727272,0.48,-0.29545454545454547,1.7135264605978264,0.3013192842391304,-0.028602646821424334,Lodging,Consumer Cyclical,H
2015Q3,2015,Q3,2015-11-03,2015-09-30,25000000.0,1053000000.0,88000000.0,0.18,220000000.0,0.20892687559354226,7672000000.0,4130000000.0,1287000000.0,1043000000.0,3538000000.0,13000000.0,2252000000.0,6682373682.900001,7490373682.900001,29.109865630199447,1.233940556088207,0.17948383733055265,0.3334140435835351,0.00887759013780441,29.109865630199447,0.006053268765133172,6.346033886894587,66.823736829,1.6180081556658594,0.0,64.07692307692308,0.0,0.13725234619395205,0.9194630872483222,0.0032586027111574556,44.8481455228188,0.20892687559354226,-0.3333333333333334,0.022896919285064442,0.4704579604193485,-0.006958446233735584,-0.1634980988593156,-0.375,-0.22807017543859648,0.2678420136170571,0.2571490574326102,-0.015874869266727206,Lodging,Consumer Cyclical,H
2015Q2,2015,Q2,2015-08-04,2015-06-30,40000000.0,1112000000.0,114000000.0,0.27,263000000.0,0.23651079136690648,7842000000.0,4324000000.0,1483000000.0,772000000.0,3514000000.0,15000000.0,2227000000.0,8178887220.929999,8925887220.93,29.97077149721685,1.9209844559585492,0.17737821984187707,0.3216928769657724,0.009973753280839895,29.97077149721685,0.009250693802035153,7.3551144073111505,51.118045130812504,1.8915095330550415,0.0,56.6,0.0,0.1418005610813568,1.3821243523316062,0.00510073960724305,75.73043723083333,0.23651079136690648,0.8000000000000002,0.9309773603744825,0.5095942243647529,0.03561546267355411,0.1336206896551724,0.8181818181818182,0.9322033898305084,0.17938067586714004,0.2610301072733266,0.02034701239242264,Lodging,Consumer Cyclical,H
2015Q1,2015,Q1,2015-05-05,2015-03-31,22000000.0,1054000000.0,59000000.0,0.15,232000000.0,0.22011385199240988,7909000000.0,4422000000.0,1574000000.0,699000000.0,3483000000.0,16000000.0,2187000000.0,8722232978.76,9538232978.76,30.02337138181202,2.251788268955651,0.17435832595776962,0.311849841700588,0.0065810154435847765,30.02337138181202,0.004975124378109453,8.275363357457305,99.11628384954544,1.9724633601899593,0.0,51.375,0.0,0.13326589960804147,1.4377682403433476,0.0027816411682892906,-189.61376040782608,0.22011385199240988,-0.8750000000000001,4.196994561397313,0.4802811230442025,0.0391921078798844,0.013100436681222707,-0.8791208791208791,0.5128205128205128,1.4724481740053037,0.2364587091486,0.023819701225929052,Lodging,Consumer Cyclical,H
2014Q4,2014,Q4,2015-02-18,2014-12-31,182000000.0,1079000000.0,39000000.0,1.2,229000000.0,0.21223354958294718,8143000000.0,4627000000.0,1709000000.0,730000000.0,3512000000.0,17000000.0,2165000000.0,9037521000.0,9742521000.0,30.826115922718188,2.341095890410959,0.17069875967088297,0.30041063323968015,0.0045197610601380375,30.826115922718188,0.039334341906202726,8.375830398517145,12.414177197802196,1.9532139615301491,0.0,50.0,0.0,0.1325064472553113,1.4917808219178081,0.022350485079209136,347.5969615384615,0.21223354958294718,4.714285714285714,17.993961621141462,0.3599538626592394,0.03358563043563731,-0.04583333333333333,4.6875,-0.4583333333333333,2.8590939373750834,0.20172073836297674,0.05888795874011211,Lodging,Consumer Cyclical,H
2014Q3,2014,Q3,2014-10-29,2014-09-30,32000000.0,1104000000.0,72000000.0,0.21,240000000.0,0.21739130434782608,8069000000.0,4683000000.0,1113000000.0,815000000.0,3378000000.0,18000000.0,1983000000.0,9250431647.36,10414431647.36,30.638047045175934,1.3656441717791412,0.17684967158260007,0.3047191970958787,0.0061725508534019174,30.638047045175934,0.006833226564168268,8.379014173333333,72.268997245,1.9753217269613497,0.0,48.0,0.0,0.1368199281199653,0.7386503067484662,0.0039657950179700086,177.89291629538462,0.21739130434782608,-0.5625000000000001,6.042098223262819,0.5071488132913601,0.05116999373788054,-0.1366906474820144,-0.5675675675675675,-0.3739130434782609,1.4748900021116618,0.3326330780601254,0.061680396241917686,Lodging,Consumer Cyclical,H
2014Q2,2014,Q2,2014-07-31,2014-06-30,74000000.0,1158000000.0,115000000.0,0.48,278000000.0,0.24006908462867013,8013000000.0,4771000000.0,1354000000.0,679000000.0,3234000000.0,17000000.0,1951000000.0,9404745263.64,10154745263.64,30.934977167834177,1.9941089837997055,0.16261075751903156,0.27310836302661917,0.011735428339732826,30.934977167834177,0.015510375183399707,8.121541678445595,31.77278805283784,1.9712314532886186,0.0,51.76470588235294,0.0,0.14451516286035193,1.3240058910162003,0.00923499313615375,70.18466614656715,0.24006908462867013,0.3333333333333333,2.39723608797796,0.29072353128568035,-0.07587233753523294,0.1829787234042553,0.32142857142857145,1.169811320754717,1.2033408374805716,0.3629640436979179,0.0900185748257787,Lodging,Consumer Cyclical,H
2014Q1,2014,Q1,2014-04-30,2014-03-31,56000000.0,1074000000.0,53000000.0,0.36,235000000.0,0.21880819366852886,8176000000.0,4767000000.0,1462000000.0,857000000.0,3401000000.0,75000000.0,1877000000.0,8364716178.62,9086716178.619999,30.665986092348092,1.705950991831972,0.18187377690802348,0.3119362282357877,0.005932203389830509,30.665986092348092,0.011747430249632892,7.788376330186219,37.34248294026786,1.7547128547556117,0.0,11.186666666666667,0.0,0.1313600782778865,1.3045507584597433,0.00684931506849315,1045.5895223275,0.21880819366852886,0.7999999999999998,2.8452324028221145,0.12161314520123598,0.0,0.008583690987124463,0.75,-0.03636363636363636,5.276507684167902,0.3757080107747604,0.036244601657860136,Lodging,Consumer Cyclical,H
2013Q4,2013,Q4,2014-02-18,2013-12-31,32000000.0,1091000000.0,55000000.0,0.2,233000000.0,0.21356553620531624,8177000000.0,4769000000.0,1163000000.0,871000000.0,3400000000.0,77000000.0,1821000000.0,7720706000.0,8749706000.0,30.550928891736067,1.3352468427095292,0.18136235783294608,0.31096665967708115,0.004630097316227229,30.550928891736067,0.006710002096875656,7.076724106324473,60.318015625,1.6189360452925141,0.0,11.142857142857142,0.0,0.13342301577595694,0.8691159586681975,0.003913415678121561,428.9281111111111,0.21356553620531624,-0.4285714285714285,1.1875525915621854,0.010397250113156075,0.09797070779328634,0.10426540284360189,-0.41818181818181815,0.03773584905660377,4.952701157377749,0.3264699678715532,0.04002168154801023,Lodging,Consumer Cyclical,H
2013Q3,2013,Q3,2013-10-30,2013-09-30,55000000.0,1026000000.0,53000000.0,0.35,211000000.0,0.20565302144249512,7869000000.0,4743000000.0,1756000000.0,679000000.0,3116000000.0,71000000.0,1789000000.0,6716359612.32,7248359612.32,30.337756130008113,2.586156111929308,0.16596772143855637,0.2753531520134936,0.005126572705880698,30.337756130008113,0.011596036263967952,6.54615946619883,30.52890732872727,1.4160572659329538,0.0,11.47887323943662,0.0,0.1303850552802135,1.6229749631811488,0.006989452281103063,49.38499714941176,0.20565302144249512,-0.5,-0.6710904499935981,-0.10765905871453654,0.0,-0.2126865671641791,-0.5089285714285714,-0.5092592592592593,1.0421833621059093,0.3002048585297318,0.03492928713044203,Lodging,Consumer Cyclical,H
2013Q2,2013,Q2,2013-07-31,2013-06-30,112000000.0,1092000000.0,108000000.0,0.7,268000000.0,0.2454212454212454,7707000000.0,4704000000.0,1839000000.0,634000000.0,2993000000.0,74000000.0,1725000000.0,6517320621.76,7078320621.76,29.433739896042834,2.9006309148264986,0.16595302971324769,0.2718962585034014,0.012106157065778186,29.433739896042834,0.023809523809523808,5.9682423276190475,14.54759067357143,1.385484826054422,0.0,11.135135135135135,0.0,0.14168937329700274,2.225552050473186,0.014532243415077202,59.79193230972477,0.2454212454212454,12.999999999999998,3.0407689995041314,0.17458664375237806,-0.12071914260183089,0.41798941798941797,13.0,5.352941176470588,3.880913495139478,0.3382707136560718,0.017058775530155206,Lodging,Consumer Cyclical,H
2013Q1,2013,Q1,2013-05-01,2013-03-31,8000000.0,975000000.0,17000000.0,0.05,189000000.0,0.19384615384615383,7722000000.0,4804000000.0,1696000000.0,583000000.0,2908000000.0,77000000.0,1613000000.0,6953339683.5,7865339683.5,29.66686073017592,2.909090909090909,0.16083916083916083,0.2585345545378851,0.0074980703495423975,29.66686073017592,0.0016652789342214821,7.131630444615385,217.291865109375,1.447406262177352,0.0,10.207792207792208,0.0,0.12626262626262627,2.3310463121783878,0.001036001036001036,-178.2907611153846,0.19384615384615383,-0.49396398437499994,-0.4726713529067302,-0.02253720358186682,0.0,-0.08695652173913043,-0.5,-0.5641025641025641,0.7188874569050095,0.24547805475801457,0.026852285984339842,Lodging,Consumer Cyclical,H
2012Q4,2012,Q4,2013-02-13,2012-12-31,16000000.0,1000000000.0,39000000.0,0.09880719643688898,207000000.0,0.207,7640000000.0,4821000000.0,1758000000.0,618000000.0,2809000000.0,80000000.0,1605000000.0,6245698919.25,7065698919.25,29.771843376390112,2.8446601941747574,0.1613874345549738,0.2557560672059739,0.024157581764122894,29.771843376390112,0.003318813524165111,6.24569891925,97.58904561328126,1.295519377566895,0.0,9.9125,0.0,0.13089005235602094,2.3592233009708736,0.0020942408376963353,148.707117125,0.207,-0.29423431116507875,1.0903991966445605,-0.10723141011297435,0.06997113116020788,0.019704433497536946,-0.30434782608695654,-0.025,2.3848174076460196,0.16829365099495489,-0.001763647987221566,Lodging,Consumer Cyclical,H
2012Q3,2012,Q3,2012-10-31,2012-09-30,23000000.0,977000000.0,40000000.0,0.14,203000000.0,0.20777891504605936,7736000000.0,4895000000.0,1876000000.0,613000000.0,2831000000.0,82000000.0,1589000000.0,6561543452.099999,7338543452.099999,29.579435298547505,3.060358890701468,0.15809203722854187,0.2498467824310521,0.007518796992481203,29.579435298547505,0.004698672114402451,6.716011721699078,71.32112447934783,1.3404583150357507,0.0,9.439024390243903,0.0,0.12629265770423992,2.598694942903752,0.0029731127197518098,80.01882258658536,0.20777891504605936,-0.4166666666666666,-0.870058318841364,-0.19724157290675398,0.0,-0.125,-0.41025641025641024,-0.4520547945205479,3.6749847398514945,0.23191824653007637,0.014849764141214259,Lodging,Consumer Cyclical,H
2012Q2,2012,Q2,2012-08-01,2012-06-30,39000000.0,1014000000.0,73000000.0,0.24,232000000.0,0.22879684418145957,7681000000.0,4873000000.0,1440000000.0,611000000.0,2798000000.0,85000000.0,1566000000.0,6164843999.999999,6984843999.999999,29.373116335141653,2.3567921440261865,0.15935425074860043,0.2511799712702647,0.00819212209628549,29.373116335141653,0.008003283398317258,6.079727810650887,39.51823076923077,1.2651024009850194,0.0,9.2,0.0,0.1320140606691837,2.0687397708674307,0.005077463871891681,57.081888888888884,0.22879684418145957,3.0,1.68456692477396,0.05069303684315034,-0.12253016413004951,0.24731182795698925,2.9,9.428571428571429,1.68456692477396,0.05069303684315034,-0.12253016413004951,Lodging,Consumer Cyclical,H
2012Q1,2012,Q1,2012-05-03,2012-03-31,10000000.0,958000000.0,7000000.0,0.06,186000000.0,0.1941544885177453,7562000000.0,4854000000.0,1581000000.0,548000000.0,2698000000.0,86000000.0,1527000000.0,7071231246.72,7753231246.72,29.32486193209783,2.8850364963503647,0.16186194128537423,0.2521631644004944,0.0008226390259953932,29.32486193209783,0.0020601565718994645,7.38124347256785,176.780781168,1.456784352435105,0.0,8.976744186046512,0.0,0.12668606188838932,2.5547445255474455,0.0013224014810896587,-207.97738960941177,0.1941544885177453,-0.8064516129032259,-0.3551495786656519,-0.06043086899117024,0.0,-0.06532663316582915,-0.8076923076923077,-0.75,-0.3551495786656519,-0.06043086899117024,0.0,Lodging,Consumer Cyclical,H
2011Q4,2011,Q4,2012-02-16,2011-12-31,52000000.0,990000000.0,28000000.0,0.31,199000000.0,0.201010101010101,7507000000.0,4818000000.0,1591000000.0,568000000.0,2679000000.0,87000000.0,1517000000.0,6229420000.0,6920420000.0,29.11178247734139,2.801056338028169,0.16318103103769815,0.2542548775425488,0.01003916377075404,29.11178247734139,0.010792860107928601,6.292343434343434,29.949134615384615,1.2929472810294729,0.0,9.091954022988507,0.0,0.13187691487944586,2.3714788732394365,0.006926868256294126,-103.82366666666667,0.201010101010101,2.8749999999999996,1.2874625936987485,-0.13521628132821392,0.04624918361866403,0.06989247311827956,2.7142857142857144,-0.4716981132075472,1.2874625936987485,-0.13521628132821392,0.04624918361866403,Lodging,Consumer Cyclical,H
2011Q3,2011,Q3,2011-11-02,2011-09-30,14000000.0,897000000.0,53000000.0,0.08,186000000.0,0.20735785953177258,7387000000.0,4776000000.0,1688000000.0,566000000.0,2600000000.0,93000000.0,1465000000.0,5191723518.58,5726723518.58,28.85806986135087,2.9823321554770317,0.16583186679301476,0.2564907872696817,0.014351774704215964,28.85806986135087,0.002931323283082077,5.787874602653289,92.70934854607144,1.087044287809883,0.0,7.645161290322581,0.0,0.12142953837823203,2.618374558303887,0.0018952213347773114,173.05745061933334,0.20735785953177258,-0.6363636363636365,-0.9209112956682554,-0.2630321666193683,0.0,-0.06060606060606061,-0.6216216216216216,-0.03636363636363636,-0.9209112956682554,-0.2630321666193683,0.0,Lodging,Consumer Cyclical,H
2011Q2,2011,Q2,2011-08-02,2011-06-30,37000000.0,936000000.0,55000000.0,0.22,198000000.0,0.21153846153846154,6997000000.0,4822000000.0,1898000000.0,627000000.0,2163000000.0,96000000.0,1451000000.0,6935604270.66,6828604270.66,28.380229366989106,3.0271132376395533,0.10990424467628984,0.1594773952716715,0.010118302373712853,28.380229366989106,0.0076731646619659895,7.4098336225,46.86219101797297,1.4383252324056408,0.0,7.6875,0.0,0.13377161640703158,2.5996810207336525,0.005287980563098471,71.50107495525774,0.21153846153846154,2.666666666666667,1.634144324931426,-0.05300250784036727,-0.15219090407475536,0.25316455696202533,2.7,2.235294117647059,1.634144324931426,-0.05300250784036727,-0.15219090407475536,Lodging,Consumer Cyclical,H
2011Q1,2011,Q1,2011-05-03,2011-03-31,10000000.0,875000000.0,17000000.0,0.06,158000000.0,0.18057142857142858,7278000000.0,5156000000.0,2185000000.0,567000000.0,2109000000.0,99000000.0,1414000000.0,7498778370.88,7130778370.88,29.593385618884188,3.853615520282187,0.1055234954657873,0.14895267649340574,0.0017935516542876434,29.593385618884188,0.001939487975174554,8.570032423862857,187.469459272,1.454379047882079,0.0,7.242424242424242,0.0,0.12022533663094256,3.312169312169312,0.0013740038472107722,-1499.755674176,0.18057142857142858,0.74228122,-0.387361157459988,-0.18470116011785473,0.0,-0.08139534883720931,0.6666666666666666,0.0625,-0.387361157459988,-0.18470116011785473,0.0,Lodging,Consumer Cyclical,H
2010Q4,2010,Q4,2011-02-17,2010-12-31,6000000.0,918000000.0,16000000.0,0.034437609331517675,172000000.0,0.18736383442265794,7243000000.0,5118000000.0,2165000000.0,596000000.0,2112000000.0,100000000.0,1404000000.0,7972678862.719999,8435678862.719999,29.375280759784577,3.63255033557047,0.21717520364489853,0.307346619773349,0.009565087430877297,29.375280759784577,0.0011723329425556857,8.684835362440086,332.1949526133333,1.5577723451973426,0.0,7.46,0.0,0.12674306226701643,3.197986577181208,0.0008283860278889963,-36.239449375999996,0.18736383442265794,-0.7974258274616607,1.0315071404734864,-0.23828109600217015,0.05571905593258637,0.16216216216216217,-0.8,0.3333333333333333,1.0315071404734864,-0.23828109600217015,0.05571905593258637,Lodging,Consumer Cyclical,H
2010Q3,2010,Q3,2010-11-03,2010-09-30,30000000.0,879000000.0,12000000.0,0.17,148000000.0,0.16837315130830488,7232000000.0,5105000000.0,2200000000.0,621000000.0,2105000000.0,128000000.0,1398000000.0,6511460835.05,7081460835.05,29.313844440643756,3.5426731078904994,0.2179203539823009,0.30871694417238,0.0011323480603658656,29.313844440643756,0.005876591576885406,7.407805273094426,54.262173625416665,1.2755065298824682,0.0,5.7109375,0.0,0.12154314159292036,3.0547504025764893,0.004148230088495576,116.27608634017858,0.16837315130830488,0.21428571428571425,-0.8389422046474667,-0.31369204211825497,0.0,-0.1912568306010929,0.2,-0.7966101694915254,-0.8389422046474667,-0.31369204211825497,0.0,Lodging,Consumer Cyclical,H
2010Q2,2010,Q2,2010-08-05,2010-06-30,25000000.0,889000000.0,59000000.0,0.14,183000000.0,0.20584926884139482,7170000000.0,5039000000.0,2211000000.0,563000000.0,2109000000.0,129000000.0,1368000000.0,6458055832.620001,6884055832.620001,28.940057943750706,3.927175843694494,0.22384937238493724,0.3185155784877952,0.008880192655027092,28.940057943750706,0.004961301845604287,7.264404761102363,64.5805583262,1.2816145728557253,0.0,5.4728682170542635,0.0,0.12398884239888423,3.438721136767318,0.003486750348675035,92.25794046600001,0.20584926884139482,3.6666666666666674,1.4181121016662914,-0.1223101336922476,-0.13546701670232142,0.14375,4.0,1.8095238095238095,1.4181121016662914,-0.1223101336922476,-0.13546701670232142,Lodging,Consumer Cyclical,H
2010Q1,2010,Q1,2010-05-06,2010-03-31,5000000.0,841000000.0,21000000.0,0.03,160000000.0,0.1902497027348395,7154000000.0,5026000000.0,2162000000.0,480000000.0,2105000000.0,130000000.0,1343000000.0,6777629336.32,7094629336.32,28.89106947036427,4.504166666666666,0.2271456527816606,0.3233187425387983,0.0009209141482483835,28.89106947036427,0.0009948269001193793,8.059012290511296,338.881466816,1.3485135965618784,0.0,5.2384615384615385,0.0,0.1175566116857702,2.725,0.0006989097008666481,282.40122234666666,0.1902497027348395,1.42046049,-0.6932151404241637,-0.2151906710166438,0.0,0.03896103896103896,1.4166666666666667,1.1,-0.6932151404241637,-0.2151906710166438,0.0,Lodging,Consumer Cyclical,H
2009Q4,2009,Q4,2009-12-31,2009-12-31,-12000000.0,889000000.0,10000000.0,-0.07135034257321063,154000000.0,0.1732283464566929,7155000000.0,5016000000.0,1989000000.0,495000000.0,2115000000.0,133000000.0,1338000000.0,5013570882.76,5318570882.76,29.82444319560204,4.0181818181818185,0.22641509433962265,0.3229665071770335,0.0019590114526823387,29.82444319560204,-0.0023923444976076554,5.639562297817773,-104.44939339083332,0.9995157262280702,0.0,5.526315789473684,0.0,0.12424877707896576,3.5090909090909093,-0.0016771488469601676,-716.2244118228572,0.1732283464566929,-3.3783447524403543,0.9347212158473472,-0.23583545187743132,0.07186151756824738,0.1937984496124031,-3.4,3.0,0.9347212158473472,-0.23583545187743132,0.07186151756824738,Lodging,Consumer Cyclical,H
2009Q3,2009,Q3,2009-09-30,2009-09-30,5000000.0,806000000.0,-5000000.0,0.03,129000000.0,0.1600496277915633,7054000000.0,4902000000.0,1894000000.0,562000000.0,2126000000.0,134000000.0,1350000000.0,4709157488.0,4988157488.0,29.14661494115654,3.3701067615658364,0.22171817408562516,0.31905344757241944,-0.0005799566965666563,29.14661494115654,0.0010199918400652795,5.842627156327543,235.45787439999998,0.9606604422684619,0.0,5.052238805970149,0.0,0.11426141196484264,2.895017793594306,0.0007088176920895946,42.81052261818182,0.1600496277915633,1.088235294117647,-0.9722048972586028,-0.3483671263459549,0.0,-0.18354430379746836,1.1,-1.2083333333333333,-0.9722048972586028,-0.3483671263459549,0.0,Lodging,Consumer Cyclical,H
2009Q2,2009,Q2,2009-06-30,2009-06-30,-50000000.0,847000000.0,24000000.0,-0.34,158000000.0,0.18654073199527746,6739000000.0,4874000000.0,1529000000.0,574000000.0,1839000000.0,134000000.0,1345000000.0,4076859332.0,3720859332.0,33.474787547563096,2.663763066202091,0.0882920314586734,0.12207632334837916,0.002885504099068974,33.474787547563096,-0.010258514567090685,4.813293190082645,-20.38429666,0.836450416906032,0.0,5.141791044776119,0.0,0.12568630360587624,2.1306620209059233,-0.0074194984419053275,-194.13615866666666,0.18654073199527746,-4.090909090909091,0.0,0.0,0.0,0.1366906474820144,-5.166666666666667,0.14285714285714285,0.0,0.0,0.0,Lodging,Consumer Cyclical,H
2009Q1,2009,Q1,2009-03-31,2009-03-31,12000000.0,789000000.0,21000000.0,0.11,139000000.0,0.1761723700887199,,,,,,,,3586427544.0,,,0.0,0.0,0.0,0.0,,0.0,4.545535543726236,74.7172405,0.0,0.0,0.0,0.0,0.0,0.0,0.0,-27.377309496183205,0.1761723700887199,1.1006395484285716,0.0,0.0,0.0,-0.19653179190751446,1.0857142857142856,0.5,0.0,0.0,0.0,Lodging,Consumer Cyclical,H
2008Q4,2008,Q4,2008-12-31,2008-12-31,-140000000.0,886000000.0,14000000.0,-1.0930096738070334,173000000.0,0.19525959367945825,6119000000.0,3564000000.0,1057000000.0,653000000.0,2527000000.0,170000000.0,1381000000.0,3586427544.0,3861427544.0,27.824903410344763,1.6186830015313936,0.10867788854387972,0.18658810325476993,0.002768409160364457,27.824903410344763,-0.03928170594837262,4.047886618510158,-6.4043349,1.0062928013468013,-0.007142857142857143,4.194117647058824,0.0002788289984201616,0.14479490112763524,1.1960183767228179,-0.022879555482922045,-89.6606886,0.19525959367945825,-2.021897810218978,0.0,0.0,0.0,-0.20276497695852536,-2.021897810218978,-0.86,0.0,0.0,0.0,Lodging,Consumer Cyclical,H
2008Q3,2008,Q3,2008-09-30,2008-09-30,137000000.0,942000000.0,100000000.0,1.0695880379397398,217000000.0,0.23036093418259024,,,,,,,,3586427544.0,,,0.0,0.0,0.0,0.0,,0.0,3.807247923566879,6.544575810218978,0.0,0.0,0.0,0.0,0.0,0.0,0.0,79.69838986666667,0.23036093418259024,0.0,0.0,0.0,0.0,0.0,0.0,0.0,0.0,0.0,0.0,Lodging,Consumer Cyclical,H
