Quarters,Year,Quarter,FillingDate,Date,NetIncome,Revenue,OperatingIncome,EPSDiluted,GrossProfit,GrossProfitRatio,TotalAssets,CommonStockEquity,CurrentAssets,CurrentLiability,TotalLiability,Inventory,RetainedEarnings,MarketCap,EnterpriseValue,bookValuePerShare,currentRatio,debtToAssets,debtToEquity,roic,shareholdersEquityPerShare,roe,priceToSalesRatio,peRatio,pbRatio,payoutRatio,inventoryTurnover,dividendYield,assetTurnover,quickRatio,returnOnAssets,priceToFreeCashFlowsRatio,grossProfitMargin,epsdilutedGrowth,fiveYNetIncomeGrowthPerShare,fiveYRevenueGrowthPerShare,fiveYShareholdersEquityGrowthPerShare,grossProfitGrowth,netIncomeGrowth,operatingIncomeGrowth,threeYNetIncomeGrowthPerShare,threeYRevenueGrowthPerShare,threeYShareholdersEquityGrowthPerShare,Industry,Sector,Symbol
2023Q1,2023,Q1,2023-05-15,2023-03-31,664000.0,20360000.0,981000.0,0.08,11819000.0,0.5805009823,68186000.0,52316000.0,45812000.0,6750000.0,15870000.0,35873000.0,60555000.0,39024649.9,41969649.9,6.3007663266698515,6.786962962962963,0.16999090722435692,0.2215574585212937,0.009159056476461265,6.3007663266698515,0.012692101842648521,1.9167313310412573,14.69301577560241,0.7459410103983486,0.0,0.2380899283583754,0.0,0.29859501950547035,1.395851851851852,0.00973806939841023,54.96429563380281,0.5805009823182711,0.3333333333333334,-0.4182895753942295,0.11968841149408486,-0.02960728099137505,-0.052129280615927504,0.48214285714285715,2.0752351097178683,1.4154578790827694,0.29136489639235624,0.04266544958970997,Specialty Retail,Consumer Cyclical,TLF
2022Q4,2022,Q4,2023-03-31,2022-12-31,448000.0,22368000.0,319000.0,0.06,12469000.0,0.5574481402,68579000.0,51463000.0,47252000.0,8870000.0,17116000.0,38227000.0,59891000.0,35544407.5,37935407.5,6.153366039369203,5.3271702367531,0.1511541433966666,0.2014262674154247,0.005639679966156869,6.153366039369203,0.008705283407496649,1.589074011981402,19.835048828125,0.6906788858014495,0.0,0.2589530959792817,0.0,0.32616398605987257,0.974859075535513,0.006532612024089007,7.333279863833299,0.5574481402002861,-0.3333333333333333,-0.7028669409881595,0.011948858186777253,-0.04185448880157271,0.07528458088996205,-0.38035961272475793,-0.673155737704918,1.5831002947278177,0.17976401009433451,-0.015231996541459396,Specialty Retail,Consumer Cyclical,TLF
2022Q3,2022,Q3,2022-11-14,2022-09-30,723000.0,19057000.0,976000.0,0.09,11596000.0,0.6084903185,70225000.0,50663000.0,48310000.0,11184000.0,19562000.0,42307000.0,59443000.0,29895264.3,37309264.3,6.151699752659487,4.319563662374821,0.1490067639729441,0.20654126285454869,0.010047561630784317,6.151699752659487,0.014270769595168072,1.5687287768274125,10.337228319502074,0.5900808144010421,0.0,0.17635379488027986,0.0,0.2713705945176219,0.45430972818311877,0.010295478818084727,-11.934237245508982,0.6084903185181298,2.2658227848101267,0.5609175144566365,0.1666360292156959,-0.015525980999631648,0.10427578325873726,2.2275042444821733,2.2859025032938076,1.4563161025204947,0.2671903530494768,-0.0341243030296458,Specialty Retail,Consumer Cyclical,TLF
2022Q2,2022,Q2,2022-08-15,2022-06-30,-589000.0,18410000.0,-759000.0,-0.0711,10501000.0,0.5703965236,71118000.0,50136000.0,49230000.0,12421000.0,20982000.0,40112000.0,58720000.0,39491345.16,44478345.16,6.0557248437875195,3.9634489976652443,0.1486965325234118,0.21092628051699377,-0.008176312096258343,6.0557248437875195,-0.011748045316738471,2.145102941879413,-16.762031052631578,0.7876844016275729,0.0,0.19717291583566016,0.0,0.2588655474000956,0.6405281378310925,-0.008282010180263788,-16.523575380753137,0.5703965236284628,-1.945478723404255,-1.6386507625068538,0.06403872456844861,-0.019914804149088555,-0.11985583773363506,-1.9131782945736433,-1.9155609167671894,0.27419225192848695,0.15518371505045994,-0.07717784723776058,Specialty Retail,Consumer Cyclical,TLF
2022Q1,2022,Q1,2022-05-16,2022-03-31,645000.0,20500000.0,829000.0,0.0752,11931000.0,0.582,72676000.0,52551000.0,50296000.0,10857000.0,20125000.0,37751000.0,59309000.0,42874440.0,44027440.0,6.128476546865685,4.632587270885144,0.15807144036545764,0.21860668683754828,0.008453469924868375,6.128476546865685,0.012273791174287835,2.0914360975609756,16.618000000000002,0.8158634469372609,0.0,0.22698736457312388,0.0,0.2820738620727613,1.098830247766418,0.008875006879850295,379.41982300884956,0.582,6.595959595959595,-0.431317359649613,0.10444461545050307,0.031137646445747087,-0.041147633207425864,6.588235294117647,0.38166666666666665,-0.22009301418216629,0.03632382868904369,-0.0749632551378021,Specialty Retail,Consumer Cyclical,TLF
2021Q4,2021,Q4,2022-03-31,2021-12-31,85000.0,23420000.0,600000.0,0.0099,12443000.0,0.5312980359,73085000.0,51501000.0,50449000.0,12207000.0,21584000.0,38084000.0,58664000.0,44160673.2,45669673.2,6.0060259679193475,4.132792659949209,0.15959499213244852,0.22648103920312226,0.0012644924471122314,6.0060259679193475,0.0016504533892545776,1.885596635354398,129.88433294117647,0.8574721500553388,0.0,0.288231278227077,0.0,0.32044879250188135,0.9618251822724666,0.0011630293493876992,8.385999468287126,0.5312980358667805,6.5,-0.9557851966571153,0.04130087646568617,0.027807366221013086,0.12210298494003066,6.3125,51.0,1.1442492934768838,0.009265917994963594,-0.07639934165054617,Specialty Retail,Consumer Cyclical,TLF
2021Q3,2021,Q3,2021-12-20,2021-09-30,-16000.0,19281000.0,-12000.0,-0.0018,11089000.0,0.5751257715,75827000.0,52312000.0,52627000.0,13902000.0,23515000.0,43725000.0,58579000.0,43752801.05,49533801.05,6.0379128572386564,3.7855704215220833,0.15650098249963734,0.2268504358464597,-0.00018135072285264687,6.0379128572386564,-0.0003058571647040832,2.2692184559929465,-683.63751640625,0.8363817298134272,0.0,0.18735277301315037,0.0,0.25427618130744983,0.5712127751402676,-0.0002110066335210413,103.67962334123222,0.5751257714848815,-1.03,-1.0169627920774353,0.09770140050070668,0.06654873553978749,-0.017019767751085896,-1.0296296296296297,-1.0165745856353592,0.8608995513571881,0.07862538707896412,-0.09225081031409127,Specialty Retail,Consumer Cyclical,TLF
2021Q2,2021,Q2,2021-12-03,2021-06-30,540000.0,18566000.0,724000.0,0.06,11281000.0,0.6076160724,75914000.0,52212000.0,52345000.0,13667000.0,23702000.0,43675000.0,58595000.0,43323840.0,49904840.0,6.025781648164152,3.8300285358893684,0.16182785783913375,0.23529073776143417,0.007346765785366086,6.025781648164152,0.010342450011491611,2.333504255089949,20.057333333333332,0.8297678694552976,0.0,0.16680022896393817,0.0,0.24456621966962616,0.5513280163898442,0.007113312432489396,-8.558640853417621,0.6076160723903911,-0.25000000000000006,-0.6848040321424443,0.010765644333170947,0.0879813879476934,-0.07426555063187264,-0.2751677852348993,-0.24974093264248703,-0.6027235149596679,0.02567470692157474,-0.0912112171777969,Specialty Retail,Consumer Cyclical,TLF
2021Q1,2021,Q1,2021-09-21,2021-03-31,745000.0,21394000.0,965000.0,0.08,12186000.0,0.569598953,76732000.0,51414000.0,52725000.0,14883000.0,25318000.0,38891000.0,58055000.0,33837127.68,35730127.68,5.834708012663089,3.542632533763354,0.16491164051503937,0.24611973392461198,0.009734721608830158,5.834708012663089,0.014490216672501654,1.5816176348508928,11.354740832214764,0.6581306196755747,0.0,0.2367642899385462,0.0,0.2788145754053068,0.8545992071490963,0.009709117447740187,16.19776337003351,0.5695989529774703,2.7353579175704987,-0.4608738286143177,0.1391140948678095,0.12497760332442044,0.0451114922813036,2.834975369458128,3.084233261339093,-0.38500167639317806,0.10863935948591476,-0.10138578714407515,Specialty Retail,Consumer Cyclical,TLF
2020Q4,2020,Q4,2020-12-31,2020-12-31,-406000.0,21803000.0,-463000.0,-0.0461,11660000.0,0.5347887905,75693000.0,52194000.0,51012000.0,12923000.0,23499000.0,36779000.0,57310000.0,28197606.400000002,31132606.400000002,5.923226164331452,3.947380639170471,0.1752341696061723,0.2541288270682454,-0.0051313607384433696,5.923226164331452,-0.007778671877993639,1.2932902077695732,-17.36305812807882,0.5402461279074223,0.0,0.2757823758122842,0.0,0.28804512966852946,1.039387139209162,-0.005363772079320412,17.700945637162587,0.5347887905334129,0.5809090909090909,-1.1909547305754749,-0.010718045803278285,0.12635964293935106,0.2552481429647971,0.5865580448065173,0.6263115415657788,-1.2555754164220907,-0.06380191409431758,-0.07768975145365328,Specialty Retail,Consumer Cyclical,TLF
2020Q3,2020,Q3,2020-09-30,2020-09-30,-982000.0,15990000.0,-1239000.0,-0.11,9289000.0,0.5809255785,75146000.0,52470000.0,48957000.0,11548000.0,22676000.0,34814000.0,57716000.0,28847141.29,32665141.29,5.802283779780384,4.239435400069276,0.18595800175658053,0.2663236134934248,-0.011976871124638612,5.802283779780384,-0.01871545645130551,1.8040738767979987,-7.34397690682281,0.5497835199161426,0.0,0.19248003676681794,0.0,0.21278577702073298,1.1489435400069277,-0.01306789449870918,-7.18126494647747,0.5809255784865541,0.45,-1.9942899292962617,-0.07042523416212759,0.21403642671562953,0.7716955941255007,0.4467605633802817,0.46983311938382544,-2.9307979002570845,-0.10851715975120713,-0.07144401356851654,Specialty Retail,Consumer Cyclical,TLF
2020Q2,2020,Q2,2020-06-30,2020-06-30,-1775000.0,9146000.0,-2337000.0,-0.2,5243000.0,0.5732560682,75630000.0,53101000.0,49382000.0,10720000.0,22529000.0,30931000.0,58698000.0,30700954.445,36026954.445,5.872061577856265,4.606529850746269,0.19489620520957293,0.27758422628575735,-0.021996612675161786,5.872061577856265,-0.03342686578407186,3.3567630051388586,-4.32407809084507,0.5781615119300955,0.0,0.12618408716174712,0.0,0.1209308475472696,1.579384328358209,-0.0234695226761867,-4.258698078096823,0.5732560682265472,-0.05263157894736847,-2.32942962522069,-0.4776213507888586,0.15358773470682463,-0.4685789580377053,-0.021288837744533946,-0.9,-2.7620488605810274,-0.5160435394573502,-0.049639676497857374,Specialty Retail,Consumer Cyclical,TLF
2020Q1,2020,Q1,2020-03-31,2020-03-31,-1738000.0,17145000.0,-1230000.0,-0.19,9866000.0,0.5754447361,79364000.0,54563000.0,53444000.0,13944000.0,24801000.0,29224000.0,60473000.0,32505163.2,34877163.2,6.042941510289048,3.8327596098680434,0.17381936394334963,0.2528270073126478,-0.01158568467784828,6.042941510289048,-0.03185308725693235,1.895897532808399,-4.675656386651323,0.5957363634697506,0.0,0.24907610183410894,0.0,0.2160299380071569,1.6432874354561102,-0.021899097827730456,-7.726447159496078,0.5754447360746573,-1.0674646354733408,-2.360795224980616,-0.06730121838144879,0.23506972338536763,-0.14176515576971122,-1.0953062968897118,-0.09194631885365168,-2.4552534407602056,-0.12278474257854374,0.01674607692111669,Specialty Retail,Consumer Cyclical,TLF
2019Q4,2019,Q4,2019-12-31,2019-12-31,-829473.0,20469136.0,-1126429.0,-0.0919,11495688.0,0.5616108076,80111171.0,56419427.0,52515700.0,12232079.0,23691744.0,24041827.0,62210781.0,51556800.52,50129021.52,6.248543837491024,4.293276719354085,0.1807161076199972,0.25660273011989293,-0.00968241009398069,6.248543837491024,-0.014701904009057023,2.518758022810538,-15.539023126732275,0.91381290561494,0.0,0.37324318156020336,0.0,0.2555091349245163,2.081905700576329,-0.010354024159751703,21.080633733969282,0.5616108076080983,0.5163157894736843,-1.3815525237776776,-0.05408386407003084,0.2988507804078409,0.29914626505653746,0.517313838268395,0.5315199051086057,-1.4097600669941668,-0.1356941333035046,0.06930929347164515,Specialty Retail,Consumer Cyclical,TLF
2019Q3,2019,Q3,2019-09-30,2019-09-30,-1718452.0,16310887.0,-2404433.0,-0.19,8848648.0,0.5424994974,80354743.0,56889821.0,49474266.0,10093802.0,23464922.0,23761063.0,63040254.0,41535837.1246,43507615.1246,6.369038761359685,4.901450018536128,0.19062248758607814,0.2692471294645135,-0.020159891809974746,6.369038761359685,-0.030206669133305938,2.546510016567462,-6.042623990166732,0.7301101742717735,0.0,0.31405324753358044,0.0,0.2029859892651265,2.273331991255624,-0.021385819129556546,18.91959692054294,0.5424994974215688,-0.9387755102040816,-2.2053983236391588,-0.04040563535096081,0.3889203302409292,-0.055685503123330524,-0.9624491958701196,-1.0150236370660706,-2.767130286544312,-0.09928778812970383,0.12503946283164594,Specialty Retail,Consumer Cyclical,TLF
2019Q2,2019,Q2,2019-06-30,2019-06-30,-875667.0,17196815.0,-1193253.0,-0.098,9370446.0,0.5448942726,81229082.0,58624204.0,50255524.0,8428544.0,22604878.0,26189055.0,64758706.0,53244542.08,58168310.08,6.562179750086415,5.9625392001275666,0.19940778107033144,0.27629732934198986,-0.00962063939924341,6.562179750086415,-0.014936953344389972,3.096186246115923,-15.201138697701296,0.9082347980366607,0.0,0.2988412143928065,0.0,0.2117076123056518,2.462131775072895,-0.010780215391329917,20.830904603847518,0.544894272573148,-1.98,-1.5662292979888415,-0.0036322358113752874,0.46089986417448103,-0.2474023968731339,-2.0077149429837635,-2.0203732080983183,-1.4957400189742602,-0.0919531683820542,0.18483042521735482,Specialty Retail,Consumer Cyclical,TLF
2019Q1,2019,Q1,2019-03-31,2019-03-31,868963.0,20784652.0,1169428.0,0.1,12450805.0,0.5990384155,72367836.0,59690660.0,50683420.0,7990750.0,12677176.0,30564322.0,66188614.0,53966612.529599994,48055787.529599994,6.62511687336122,6.342761317773676,0.09352978303786781,0.11339375372964547,0.011859906468651602,6.62511687336122,0.014557771684883364,2.5964645705687057,15.526153740032658,0.9041048051671735,0.0,0.27266585530672005,0.0,0.2872084222609613,2.2695817038450707,0.012007585800962737,17.957660429373746,0.5990384154615627,2.4556040756914124,-0.46860977518272107,0.1881004905916201,0.4605200135515365,-0.025144860371404405,2.382930505181038,7.366278151896391,-0.3849862072092445,0.08234924997771842,0.2773746493847805,Specialty Retail,Consumer Cyclical,TLF
2018Q4,2018,Q4,2018-12-31,2018-12-31,-628349.0,24744403.0,-183691.0,-0.0687,12771954.0,0.5161552695,76140134.0,59460304.0,60135237.0,6902654.0,16679830.0,33867276.0,65716761.0,51936477.279999994,36834144.279999994,6.502838552164507,8.711900813802922,0.11778306037654203,0.15082361502894434,-0.00636238951866188,6.502838552164507,-0.010567537629810974,2.098918178789765,-20.663865654278116,0.8734647115157702,0.0,0.3535108344704192,0.0,0.32498502038359955,3.5462477186311236,-0.008252533414243795,6.64244715449546,0.5161552695371151,-4.165413533834586,-1.2816668852698714,0.2807639241114444,0.486293641211063,0.0780901528703916,-4.170149916895683,-1.5823252304687996,-1.2848022583265162,0.08197923182583804,0.23657863240394644,Specialty Retail,Consumer Cyclical,TLF
2018Q3,2018,Q3,2018-09-30,2018-09-30,-121534.0,18887099.0,315444.0,-0.0133,11846833.0,0.6272447134,76665750.0,60889414.0,60044744.0,6128242.0,15776336.0,40720630.0,66345110.0,70377558.792,61917255.791999996,6.651521065337267,9.798037349047247,0.10897524644316399,0.1372105338376224,-0.0020090451596970257,6.651521065337267,-0.001995979136866057,3.726223852164909,-144.7692801849688,1.1558258516332576,0.0,0.17289187323477068,0.0,0.2463564107831724,2.812157874966426,-0.001585245040973316,-32.74640514170826,0.627244713441699,-1.0886666666666667,-1.086507049819652,0.13345517618958885,0.598921068440016,-0.09693292846818242,-1.0843932193220989,-0.8408039239336638,-1.1215599799564384,0.08465692638542134,0.3917259432442716,Specialty Retail,Consumer Cyclical,TLF
2018Q2,2018,Q2,2018-06-30,2018-06-30,1440092.0,19177767.0,1981481.0,0.15,13118442.0,0.6840442894,75785223.0,60869076.0,59155257.0,6827360.0,14916147.0,38020269.0,66466644.0,71604592.8,61003932.8,6.630563407100333,8.664440867333786,0.11024138571182934,0.13725636314899867,0.02113885917979721,6.630563407100333,0.023658844435226846,3.7337294169858253,12.430558742080368,1.176370622087314,0.0,0.15937091344619367,0.0,0.2530541738987824,2.849063620491669,0.019002279639660096,-249.09151021174898,0.6840442894107536,0.07142857142857129,-0.021075220390185882,0.11953068699075341,0.669285538236629,0.02144988048707144,0.1307086342147848,0.1201383184818659,0.0624856051054189,0.07899164255657494,0.30259816236792,Specialty Retail,Consumer Cyclical,TLF
2018Q1,2018,Q1,2018-03-31,2018-03-31,1273619.0,20288918.0,1768961.0,0.14,12842962.0,0.6330037905,75047987.0,60154109.0,58182677.0,6553961.0,14893878.0,36771860.0,65026552.0,64617657.9608,53277449.9608,6.493006597480303,8.877482945046514,0.10543480666576706,0.13153997509962287,0.01898792959437646,6.493006597480303,0.021172601858336894,3.18487451922276,12.683867381218404,1.0742018963459337,0.0,0.20249060014913578,0.0,0.27034593213006497,3.0143908393717935,0.01697072834212062,70.64641071170475,0.6330037905422063,-0.22222222222222213,-0.11930185529011705,0.15686184503536654,0.6951853855883486,-0.16042165092199284,-0.23796534517213733,-0.4469610166137324,-0.02811936296388254,0.0757050382283788,0.3270550192543204,Specialty Retail,Consumer Cyclical,TLF
2017Q4,2017,Q4,2017-12-31,2017-12-31,1671340.0,24502272.0,3198619.0,0.18,15296919.0,0.624306146,74914596.0,59538981.0,57813150.0,6981238.0,15375615.0,37311197.0,63921244.0,70458551.2,59493023.2,6.422162362032786,8.281217457419443,0.09840178541442045,0.12381350631445977,0.02538444836485237,6.422162362032786,0.028071357150032512,2.8755925654567873,10.539230677181184,1.183402033702928,0.0,0.24671824385585914,0.0,0.32706940046770056,2.6927129543499304,0.02230993810605346,11.352020438568212,0.6243061459769935,2.0,-0.16803816516974096,0.3010537385341831,0.7389821729054566,0.3146956455299811,2.2053991645793936,3.9188712467802085,-0.2512331350513212,0.10278084184734923,0.3349399176467136,Specialty Retail,Consumer Cyclical,TLF
2017Q3,2017,Q3,2017-09-30,2017-09-30,521414.0,18388381.0,650275.0,0.06,11635331.0,0.6327545095,74371841.0,57930995.0,56809454.0,7408682.0,16440846.0,41148059.0,62249904.0,72785537.562,68050569.562,6.248717217449682,7.6679568646622975,0.10009723976040878,0.12850488758220016,0.0074749040402794014,6.248717217449682,0.00900060494386468,3.958235233542312,34.89815077941904,1.2564178737478962,0.0,0.16411588211244665,0.0,0.24724923778611316,1.715387703237904,0.007010906184237123,-27.368766469457082,0.6327545094916186,-0.4545454545454546,1.0345498836774674,0.1849835765675084,0.793768183300009,-0.09772398723465038,-0.49265567287970013,-0.6071883134181488,-0.6476158029277853,0.04230341878039477,0.36268135686295855,Specialty Retail,Consumer Cyclical,TLF
2017Q2,2017,Q2,2017-06-30,2017-06-30,1027732.0,19280770.0,1655437.0,0.11,12895534.0,0.6688287864,72243459.0,57005121.0,54740848.0,7564320.0,15238338.0,37327488.0,61728490.0,82111044.0,74714090.0,6.178773916210345,7.236717642828436,0.10304622872501162,0.1305920568083699,0.016289146758528827,6.178773916210345,0.018028766222599545,4.258701493768143,19.973846294559284,1.440415221642982,0.0,0.1710598902342424,0.0,0.26688603047093856,2.0277681272077333,0.014225952276177695,-46.36941001873727,0.6688287864022028,-0.15384615384615388,-0.26516254713290605,0.2556204769214758,0.7970354357102534,0.04960823438299306,-0.16530397599217064,-0.04722556836265627,-0.3564971095435208,0.08171609624335073,0.375544456068527,Specialty Retail,Consumer Cyclical,TLF
2017Q1,2017,Q1,2017-03-31,2017-03-31,1231265.0,20149845.0,1737491.0,0.13,12286045.0,0.6097339707,71268774.0,55325600.0,53763227.0,7791996.0,15943174.0,34382003.0,60700758.0,76331553.19999999,67368757.19999999,5.943412664633162,6.899801668276011,0.10445549407093771,0.1345564259583267,0.01998026072272288,5.943412664633162,0.022254887430050465,3.788195551876453,15.49860371244208,1.379678723773443,0.0,0.22871849554547477,0.0,0.2827303441476347,2.17298661344282,0.01727636005075659,-171.71873435092178,0.6097339706583351,-0.43478260869565216,-0.14656749187784918,0.20948081672654403,0.798236883545137,-0.1538440347290448,-0.4022976732490387,-0.5118023619615785,-0.2712368566852052,0.11481991224612842,0.31023698319881937,Specialty Retail,Consumer Cyclical,TLF
2016Q4,2016,Q4,2016-12-31,2016-12-31,2059997.0,24100498.0,3558991.0,0.23,14519835.0,0.6024703307,70652720.0,53693201.0,53314242.0,8246068.0,16959519.0,33177539.0,59469493.0,74426712.3,65008824.3,5.843532713724344,6.465413819046848,0.105366304368749,0.1386472749128889,0.03380561552544249,5.843532713724344,0.03836606798689465,3.088181509776271,9.032381151525948,1.3861477973719614,0.0,0.288769549784871,0.0,0.34111210438890394,2.112920727794144,0.029156655256867677,13.91067176765853,0.6024703306960711,1.090909090909091,0.3421293482776496,0.40914960982549153,0.7235826240049394,0.24688671948362503,1.0592762533113411,1.3109445806946358,-0.08107135791316752,0.24136203744544213,0.33560220585922435,Specialty Retail,Consumer Cyclical,TLF
2016Q3,2016,Q3,2016-09-30,2016-09-30,1000350.0,18628362.0,1540059.0,0.11,11644871.0,0.6251151336,69798763.0,52017557.0,52550125.0,8736670.0,17781206.0,37122297.0,57409496.0,70751319.10000001,66819783.10000001,5.661169204971049,6.014891829495677,0.10769677966929013,0.1445108619768514,0.017207970581361247,5.661169204971049,0.019231006946366206,3.7980429572927568,17.681641200579797,1.36014305900602,0.0,0.18812119842691846,0.0,0.26688670686040666,1.3691977607028765,0.014331915882234187,43.66950246704943,0.6251151335796459,-0.42105263157894735,0.3336433232158793,0.3383295305321212,0.76094487682415,-0.09700212239808495,-0.4506333354385021,-0.4575138672108228,-0.2906138691231886,0.11375782849186926,0.36085605456517544,Specialty Retail,Consumer Cyclical,TLF
2016Q2,2016,Q2,2016-06-30,2016-06-30,1820915.0,19522905.0,2838891.0,0.19,12895790.0,0.6605466758,66618315.0,51006489.0,49568777.0,7827893.0,15611826.0,36304595.0,56409146.0,65479161.06,63157060.06,5.538496995367582,6.332326847083883,0.11283838385885323,0.14737542511502802,0.031241721592006985,5.538496995367582,0.03569967342782602,3.3539660752331684,8.989870622736372,1.2837417815603815,0.0,0.18254204460895376,0.0,0.29305612127836017,1.327436131280793,0.027333549339997567,-41.04676938102459,0.6605466758148953,0.1875,0.865700055393062,0.351231834167321,0.7500915547144615,0.019208794675875104,0.19718513580237174,0.20149949847426135,0.23384762249884938,0.1360440629405221,0.3943510332822954,Specialty Retail,Consumer Cyclical,TLF
2016Q1,2016,Q1,2016-03-31,2016-03-31,1520997.0,20672227.0,2362790.0,0.16,12652746.0,0.6120649701,65259845.0,50303710.0,48049064.0,7389426.0,14956135.0,33632302.0,54588231.0,67407709.45,62690045.45,5.186510376225223,6.502408170810561,0.10307407257862779,0.13371971967872748,0.026869038326324625,5.186510376225223,0.030236278795341336,3.260786051256113,11.079527022407014,1.340014671880066,0.0,0.23844579535471583,0.0,0.31676794512766615,1.6411074419041478,0.023306782294686725,144.4576801335545,0.612064970068295,-0.3333333333333333,0.3842989012334516,0.3632636350182166,0.6969482733441814,-0.14744963531565886,-0.34965609951948856,-0.39294634998070516,0.004640307496302767,0.12591230384392463,0.3540871181913191,Specialty Retail,Consumer Cyclical,TLF
2015Q4,2015,Q4,2015-12-31,2015-12-31,2338758.0,24242971.0,3892226.0,0.24,14841054.0,0.6121796706,64566926.0,50972176.0,47561551.0,8333566.0,13594750.0,33584539.0,53067234.0,71145592.4,64046284.400000006,5.258734367359066,5.707226774228464,0.05983414790414523,0.07579246763960008,0.042714189287790444,5.258734367359066,0.04588303234297865,2.9346894982467293,7.605061361628693,1.3957731057037863,0.0,0.27994777596917436,0.0,0.37547042273624737,1.387410623495392,0.03622222931907894,24.420334629081395,0.6121796705527552,1.1818181818181819,0.5738029162980737,0.4672199173466429,0.7945957664595872,0.25424102383421127,1.1044411091435236,1.0928747988305962,0.11350471257368727,0.23124051187728697,0.4239511244602173,Specialty Retail,Consumer Cyclical,TLF
2015Q3,2015,Q3,2015-09-30,2015-09-30,1111344.0,19355937.0,1859751.0,0.11,11832697.0,0.6113213222,62600480.0,48632815.0,46005798.0,8894810.0,13967665.0,35058012.0,50728476.0,73569949.5,70037885.5,4.779332524212212,5.17220693865299,0.059284273858603,0.07631110804505148,0.023646249049971188,4.779332524212212,0.02285173087348532,3.800898375521681,16.549769805748717,1.5127635424764123,0.0,0.21459402775034706,0.0,0.30919790071897213,0.8800974950561058,0.017752962916578276,-79.49795284796721,0.6113213222382362,-0.26666666666666666,0.8861059946223202,0.4303036678494233,0.7191354489451447,-0.07660799222373675,-0.26298365404510654,-0.20313757315191003,2.950864358198946,0.13642556070720754,0.37196392811671036,Specialty Retail,Consumer Cyclical,TLF
2015Q2,2015,Q2,2015-06-30,2015-06-30,1507896.0,19773528.0,2333842.0,0.15,12814381.0,0.6480573927,63569966.0,51986485.0,46841711.0,8543476.0,11583481.0,32810251.0,49617132.0,87831223.8,78798174.8,5.090260065350472,5.4827462498870485,0.0288550256578712,0.035284420556611976,0.02831893146879162,5.090260065350472,0.029005538651055172,4.4418590248538345,14.561883545019018,1.6895011039888541,0.0,0.21210282725359217,0.0,0.31105141695372307,1.3608343957424356,0.023720258085398377,72.80216356096506,0.6480573926918859,0.07142857142857129,0.41807389887444946,0.3749764732745318,0.8664440253179746,0.018394208406819143,0.043955062527390135,-0.02303965747979912,-0.026033817832378674,0.1632666126639064,0.4804519211193262,Specialty Retail,Consumer Cyclical,TLF
2015Q1,2015,Q1,2015-03-31,2015-03-31,1444407.0,20788764.0,2388881.0,0.14,12582928.0,0.6052754267,59637334.0,49961947.0,42889254.0,6328471.0,9675387.0,30407882.0,48109236.0,90472410.38,82636261.38,4.892793820356265,6.777190572572743,0.03508708152513994,0.04188187461949792,0.02803304223838957,4.892793820356265,0.02891014235293913,4.351986023796316,15.659092343778449,1.8108263551058168,0.0,0.26985884778163766,0.0,0.34858640729983,1.6738321152139277,0.024219845239896204,31.96362821146943,0.6052754266679827,-0.4166666666666666,0.5124712279536815,0.4147331719031054,0.44258304068833604,-0.12949342010730197,-0.4124753606116344,-0.3840172225915266,-0.08732734279026914,0.1375323383074803,0.4803620088004452,Specialty Retail,Consumer Cyclical,TLF
2014Q4,2014,Q4,2014-12-31,2014-12-31,2458462.0,24471605.0,3878162.0,0.24,14454719.0,0.5906731087,62873874.0,49123012.0,46351805.0,10352232.0,13750862.0,32875492.0,46664829.0,91847342.335,86853937.335,4.810825024510493,4.477469689628285,0.08975309840141232,0.11487742241864159,0.045361028317199695,4.810825024510493,0.050047053303653284,3.753221022282764,9.33991885323019,1.8697416667976303,0.0,0.3046915921440811,0.0,0.3892173878135774,1.0968589189268556,0.03910148752723588,11.04581486017169,0.5906731086906641,0.4999999999999999,0.869047108912749,0.6069352712825511,0.46196874677976696,0.18727429131981718,0.5095906695600168,0.5784604100976545,0.44135073782274736,0.28757320925479973,0.41897972093145913,Specialty Retail,Consumer Cyclical,TLF
2014Q3,2014,Q3,2014-09-30,2014-09-30,1628562.0,19417234.0,2456927.0,0.16,12174709.0,0.6270053191,63961505.0,46790179.0,47536282.0,14084714.0,17171326.0,39365204.0,44206367.0,96425068.94999999,99752802.94999999,4.585604100312132,3.3750264293616468,0.12810439654288935,0.17511687655650987,0.0299376198519623,4.585604100312132,0.03480563731119729,4.965952872072304,14.802179614592506,2.0607971803228193,0.0,0.18398291547022086,0.0,0.3035768779987275,0.39532346911694477,0.02546159600215786,-25.767539136969102,0.6270053190892173,-0.058823529411764754,1.9981817204516206,0.5458275081263537,0.48264991331025625,-0.04733299289508612,-0.07755545926473462,-0.07504864891726278,0.9551391948076748,0.2562076186199797,0.4263830942374667,Specialty Retail,Consumer Cyclical,TLF
2014Q2,2014,Q2,2014-06-30,2014-06-30,1765485.0,19703607.0,2656277.0,0.17,12779606.0,0.6485922095,62738112.0,45811435.0,46666618.0,13755213.0,16926677.0,36001590.0,42577805.0,92808470.3,89900311.3,4.491875118213214,3.392649608552045,0.07163707763472385,0.09810596415501938,0.03562509400905772,4.491875118213214,0.03853808552384356,4.71022743703729,13.142064404398791,2.0258800079063226,0.0,0.1923248667628291,0.0,0.3140612041369686,0.5960387527259665,0.02814055035637668,-26.453693103028584,0.648592209538081,-0.055555555555555455,1.427092969615587,0.5603815170615529,0.46236581018973383,0.005023937687223919,-0.04795428416123278,-0.10462462369335512,0.6334410532021985,0.23145471973003193,0.41937293019967276,Specialty Retail,Consumer Cyclical,TLF
2014Q1,2014,Q1,2014-03-31,2014-03-31,1854412.0,19838466.0,2966663.0,0.18,12715723.0,0.640963016,58629981.0,46346546.0,42497668.0,8765534.0,12283435.0,30532522.0,43362004.0,98698026.42,92296236.42,4.536135631069491,4.848269141389446,0.04346112614295406,0.05497982524954503,0.038504022327430894,4.536135631069491,0.04001187057175739,4.975083578538785,13.305838511075208,2.1295659534153852,0.0,0.23328380799987633,0.0,0.33836725957663194,1.122185938700369,0.0316290738692206,-47.19789820257054,0.6409630159912566,-0.25,1.7748534226354635,0.5506259360875942,0.5168184713868714,-0.07697429706497419,-0.25472076122161663,-0.23824544943103285,0.6021426022588311,0.24192135645791984,0.4841554279123504,Specialty Retail,Consumer Cyclical,TLF
2013Q4,2013,Q4,2013-12-31,2013-12-31,2488211.0,21549141.0,3894513.0,0.24,13776131.0,0.6392891021,56398566.0,44621542.0,40543684.0,8168217.0,11777024.0,26300830.0,41507592.0,99539634.08,91055705.08,4.375204449415432,4.963590462888045,0.046078299224841995,0.05823980713172126,0.053050190092861695,4.375204449415432,0.05576255074286765,4.6191926666589636,10.001124711690446,2.230752896885545,0.0,0.2955423840236221,0.0,0.3820866828422552,1.491582801975021,0.044118338044268714,20.550033151863115,0.6392891020574788,0.6,1.7593405448106225,0.624642146809602,0.49317999359651427,0.17735220144222563,0.5931361375615303,0.6191024768505912,0.5913216929746509,0.23949577998275617,0.4930823338504574,Specialty Retail,Consumer Cyclical,TLF
2013Q3,2013,Q3,2013-09-30,2013-09-30,1561832.0,18524604.0,2405353.0,0.15,11700943.0,0.6316433539,54185321.0,42335315.0,39349679.0,8415514.0,11850006.0,29492488.0,39019381.0,80090975.28,76450800.28,4.160005891864825,4.675849746076116,0.0488946997287328,0.06258073194920127,0.03526522971146495,4.160005891864825,0.03689194234175416,4.323491896506938,12.820036866961363,1.891824243660405,0.0,0.2313694592331444,0.0,0.3418749517050937,0.8597543774509793,0.028823894943798525,-59.51325547438747,0.6316433538876188,-0.06250000000000006,3.0054490907155187,0.6325095719072316,0.4569625515015735,-0.018387229458492912,-0.04144037541281723,0.025271689092880672,1.6503621078281483,0.3687253036178777,0.49636242305703515,Specialty Retail,Consumer Cyclical,TLF
2013Q2,2013,Q2,2013-06-30,2013-06-30,1629353.0,18973013.0,2346064.0,0.16,11920121.0,0.6282671603,53155982.0,40386884.0,38458006.0,9315514.0,12769098.0,27498022.0,37457549.0,81036162.53,76163509.53,3.9720965977484077,4.128382609912883,0.050793906883330645,0.06685338735219087,0.03707684970063139,3.9720965977484077,0.04034361749720528,4.2711277607831715,12.433794661132364,2.006497023390069,0.0,0.25648724842826875,0.0,0.3569309094882303,0.9350934366047864,0.030652297985953866,106.75055693654602,0.6282671603081703,0.0,1.6856193081607307,0.4797442943159206,0.4050442908144276,-0.0008975067868293142,0.0271269181962541,-0.10484955320009462,0.5391204062996169,0.3251875456517853,0.4564473853347069,Specialty Retail,Consumer Cyclical,TLF
2013Q1,2013,Q1,2013-03-31,2013-03-31,1586321.0,19237827.0,2620860.0,0.16,11930829.0,0.6201755011,49678624.0,38924830.0,35570935.0,7093625.0,10753794.0,25358992.0,35828196.0,71340342.83999999,67230536.83999999,3.830263434713822,5.0144932950360355,0.0614826811628277,0.07846855079392769,0.03821629981050523,3.830263434713822,0.04075344709276829,3.7083368532215197,11.243049616061313,1.8327721107580943,0.0,0.2881422889364057,0.0,0.3872455686373278,1.1417398015824067,0.031931661392231796,-146.41364805070063,0.6201755011103904,-0.2727272727272727,1.9315497459539062,0.5670991486016209,0.38503367014853485,-0.09581154899606815,-0.27945462209455496,-0.24692280704476552,0.6690639231522927,0.3154860343055582,0.12930838191021138,Specialty Retail,Consumer Cyclical,TLF
2012Q4,2012,Q4,2012-12-31,2012-12-31,2201556.0,20638563.0,3480201.0,0.22,13195069.0,0.6393404909,49087672.0,37521017.0,35670129.0,7857630.0,11566655.0,25862784.0,34241875.0,56082521.04,51482339.04,3.6930581935194686,4.539553147704842,0.06325417102689246,0.08275362045756915,0.05549672258371476,3.6930581935194686,0.0586752752464039,2.7173655956570233,6.3685094814758285,1.494696186939709,0.0,0.2878071440414149,0.0,0.4204428965382591,1.0935462728583556,0.044849468518287035,10.740568152046515,0.6393404909053019,6.333333333333334,1.0269908502432352,0.5246016746907588,0.35966306494825684,0.26817498128262324,6.841136873597606,4.39686534668205,0.6821451244425409,0.3620478376670921,0.12228892787755802,Specialty Retail,Consumer Cyclical,TLF
2012Q3,2012,Q3,2012-09-30,2012-09-30,280770.0,17000728.0,644856.0,0.03,10404770.0,0.6120190853,48653116.0,35381890.0,36352392.0,9493400.0,13271226.0,29694804.0,32040319.0,53424715.4,54059583.4,3.483570104334145,3.8292278846356416,0.08541333714370936,0.11745062233815096,0.007862278261512794,3.483570104334145,0.007935415547332266,3.1424957448881012,47.56982174021441,1.5099452120844872,0.0,0.2221249886006993,0.0,0.3494273213662204,0.48408726062316976,0.005770853402277462,-39.810247663161405,0.6120190853003471,-0.8,0.7669096608217728,0.4336358091504844,0.33665687645970627,-0.04894160536904212,-0.8176389514937927,-0.7383709324838159,-0.48071469433411934,0.35969926370796906,0.12633249626797402,Specialty Retail,Consumer Cyclical,TLF
2012Q2,2012,Q2,2012-06-30,2012-06-30,1539638.0,16904254.0,2464772.0,0.15,10940201.0,0.6471862645,48410283.0,34921047.0,36727243.0,9633555.0,13489236.0,29749811.0,31759549.0,52407240.72,51796931.72,3.438315012284814,3.812428848955552,0.0662307634103275,0.09181425745911914,0.040636700401696646,3.438315012284814,0.04408911336478542,3.1002397810633937,8.50966927290701,1.500735093080113,0.0,0.20047364334516277,0.0,0.3491872584178035,0.5211952389330834,0.03180394545514225,-20.468292285886914,0.6471862644752026,0.0,3.1827853652945577,0.36187768980899077,0.330226855325228,-0.037431439146416216,-0.021896252155987055,-0.03500269167147905,1.1254242489416384,0.34426750304714715,0.11937090553565588,Specialty Retail,Consumer Cyclical,TLF
2012Q1,2012,Q1,2012-03-31,2012-03-31,1574105.0,18177078.0,2554175.0,0.15,11365633.0,0.6252728299,45475616.0,33568395.0,33777736.0,8016893.0,11907221.0,24092025.0,30219910.0,53026783.682000004,49852399.682000004,3.3051333331101582,4.213320048053529,0.07161805130907957,0.09702206495127336,0.04340076056882895,3.3051333331101582,0.04689247132607919,2.917233654496064,8.421735475397131,1.5796639571835351,1.6111574513771318,0.2827261303273594,0.047827358627087396,0.39971042943101637,0.9939397968764209,0.03461426448846784,-25.352367495365968,0.6252728298794779,-0.11764705882352951,0.25399075459363657,0.3438245935391897,0.29789456033341877,-0.030961961172599466,-0.0721800487220339,-0.08877421058076854,1.3695030166676054,0.429265058270522,0.10518901942002916,Specialty Retail,Consumer Cyclical,TLF
2011Q4,2011,Q4,2011-12-31,2011-12-31,1696563.0,18904565.0,2803010.0,0.17,11728779.0,0.6204204646,45502915.0,34433801.0,33688024.0,7105285.0,11069114.0,19940251.0,31181936.0,49563436.96,42105345.96,3.3903409284471864,4.741262876858563,0.07268765089005837,0.09605387450546049,0.045956445906437424,3.3903409284471864,0.04927027951401589,2.6217708241369215,7.303506701490012,1.4393832664596047,0.0,0.35986437683256844,0.0,0.4154583283290752,1.7700956400763657,0.037284710221312196,10.092820006345248,0.6204204645809094,1.125,0.292472115905314,0.366994654763049,0.4030262481704293,0.26958498109712653,1.0462558466589313,1.2940948751756576,0.8892642971796578,0.43119585842489816,0.15706347082938082,Specialty Retail,Consumer Cyclical,TLF
2011Q3,2011,Q3,2011-09-30,2011-09-30,829106.0,15385421.0,1221837.0,0.08,9238278.0,0.6004566271,42172484.0,32651412.0,30167127.0,5473136.0,9521072.0,20551287.0,29485373.0,46719633.199999996,44086130.199999996,3.214847483006352,5.51185408146262,0.07962834249934152,0.1028477727088801,0.021081450968068703,3.214847483006352,0.02539265376946026,3.036617145543173,14.087352280649275,1.430861035963774,0.0,0.2991123135013394,0.0,0.3648213133473475,1.4373582165690748,0.01965988059892322,88.10204454166588,0.6004566270887225,-0.2727272727272727,-0.008195115623873662,0.3048014232158532,0.39937901839637857,-0.06165163438139839,-0.2297102445659243,-0.3094293554285133,1.1305621851239007,0.35857445742579036,0.12593888405039438,Specialty Retail,Consumer Cyclical,TLF
2011Q2,2011,Q2,2011-06-30,2011-06-30,1076356.0,15933921.0,1769315.0,0.11,9845254.0,0.6178801815,40914809.0,32141989.0,29185522.0,4726178.0,8772820.0,20260247.0,28656267.0,52102547.46,50614198.46,3.164689858909252,6.1752904778448885,0.08331335482954351,0.10605286437003011,0.032242898343348377,3.164689858909252,0.03348753557223855,3.269913755691396,12.101606592056903,1.621011924930968,0.0,0.3005228416020792,0.0,0.3894414122769093,1.5291561172685413,0.02630724733433315,74.84428188914394,0.6178801815322167,0.0,0.009779343844048724,0.2640044064828036,0.4290792751830763,0.03363896200758269,-0.06450682093142912,-0.074862169069819,0.7760866698441566,0.24409052371360257,0.11944141060901851,Specialty Retail,Consumer Cyclical,TLF
2011Q1,2011,Q1,2011-03-31,2011-03-31,1150576.0,15879040.0,1912488.0,0.11,9524848.0,0.5998377736,40578251.0,31041896.0,28837756.0,5490661.0,9536355.0,20209855.0,27579911.0,50477516.739999995,50331702.739999995,3.056375057328147,5.25214650840764,0.0852519493755411,0.11144212969465525,0.035400368757163035,3.056375057328147,0.03706526173530122,3.1788771071802824,10.967879727197507,1.626109331079519,0.0,0.3144105685072951,0.0,0.3913189851381224,1.212221807174036,0.02835449955691782,-75.89360050758597,0.5998377735681754,-0.26666666666666666,-0.09484140146826357,0.166781625853293,0.45130909317742157,-0.08209895757543051,-0.26109140604278774,-0.2584600066070174,1.1275412669847684,0.2942589880865756,0.10519352915419629,Specialty Retail,Consumer Cyclical,TLF
2010Q4,2010,Q4,2010-12-31,2010-12-31,1557129.0,17313317.0,2579076.0,0.15,10376770.0,0.5993519324,40595574.0,29761594.0,28768716.0,6897937.0,10833980.0,20236028.0,26429335.0,47938406.239999995,47154660.239999995,2.930316935793066,4.170626087190996,0.08646262767463271,0.11793723145339595,0.04912875213214202,2.930316935793066,0.052320080705354696,2.768874747686997,7.696601604619784,1.610747268442678,0.0,0.3427820420094299,0.0,0.4264828722461222,1.0452604887519268,0.03835711252660204,16.544696233902982,0.5993519323882304,1.5,0.39672907034240934,0.30479874685576425,0.4827774995149975,0.26816233375394516,1.6218486121517752,1.3972315997679987,0.43414644916193956,0.2793933098658489,0.07884671657264557,Specialty Retail,Consumer Cyclical,TLF
2010Q3,2010,Q3,2010-09-30,2010-09-30,593905.0,13640193.0,1075856.0,0.06,8182525.0,0.5998833741,40144020.0,28513720.0,28616769.0,7617257.0,11630300.0,20823503.0,24872206.0,45641166.9,47348849.9,2.780079095655199,3.756833857647182,0.08869627406522815,0.12487409569849181,0.01830166937240598,2.780079095655199,0.020828744898946892,3.3460792600222002,19.212318005404903,1.6006738826080917,0.0,0.2620917335570293,0.0,0.3397814419183729,0.648901829096747,0.014794357914329457,-24.54897885528521,0.599883374084223,-0.4000000000000001,-0.11161490301710598,0.2059536419618379,0.48030410634210974,-0.06109501746765277,-0.44029836680457257,-0.255107798805105,2.7011813880035898,0.139073061815911,0.06672514949133984,Specialty Retail,Consumer Cyclical,TLF
2010Q2,2010,Q2,2010-06-30,2010-06-30,1061110.0,14350822.0,1444311.0,0.1,8714966.0,0.6072799175,45793896.0,27794788.0,34760637.0,13966839.0,17999108.0,18110291.0,24278301.0,42192834.839999996,35207387.839999996,2.727250320021398,2.4887977157895214,0.07885876318538174,0.12992543781949334,0.033413744484098395,2.727250320021398,0.03817658188290553,2.940098820820159,9.940730659403831,1.5180124719785595,0.0,0.3111963247857254,0.0,0.31337849044335514,1.0376701557166943,0.023171428786054805,9812.287172093022,0.607279917484866,0.11111111111111122,0.40323723163782893,0.22710961408145366,0.502944919702141,-0.029145792012918927,0.1191809415122459,-0.059918587213480104,1.8728344103195609,0.15218469397791623,0.05512775994193024,Specialty Retail,Consumer Cyclical,TLF
2010Q1,2010,Q1,2010-03-31,2010-03-31,948113.0,14588538.0,1536368.0,0.09,8976596.0,0.6153184096,44917165.0,34383982.0,33758558.0,6367586.0,10533183.0,17538853.0,30908023.0,39739842.8,37425321.8,3.391689547398008,5.301625765242903,0.08152506953633427,0.10649944500319945,0.025991206176639282,3.391689547398008,0.02757426408610847,2.7240456034730824,10.478667310753043,1.1557661587887058,0.0,0.31997200729146885,0.0,0.3247875951209298,2.2663327986461432,0.021108032975812253,317.20060024105425,0.6153184095623564,-0.30769230769230776,-0.05656392550804048,0.1985906102354732,0.9469956247087902,-0.0504429279620067,-0.2739906763333854,-0.24824228201679208,-0.2433025812597746,0.08051748734172612,0.3318843659977913,Specialty Retail,Consumer Cyclical,TLF
2009Q4,2009,Q4,2009-12-31,2009-12-31,1305924.0,15119545.0,2043701.0,0.13,9453456.0,0.6252473867,43327231.0,33359655.0,32040964.0,5775212.0,9967576.0,16865826.0,29959910.0,39638465.65,35459003.65,3.2906483364347885,5.548015207060797,0.08568514336861269,0.11128712212401477,0.034987293369105714,3.2906483364347885,0.03914680772328131,2.621670536381882,7.588202998413385,1.1882156949764617,0.0,0.33595087486376296,0.0,0.34896171878604476,2.4435073552278253,0.030140952233942666,11.368313085251309,0.6252473867434503,1.5999999999999999,0.8437940565927188,0.27041003187155493,1.0120483017773299,0.24427035415177709,1.361675693760003,1.3445165390607254,-0.003285883490047363,0.09531835296801605,0.36177041983531183,Specialty Retail,Consumer Cyclical,TLF
2009Q3,2009,Q3,2009-09-30,2009-09-30,552965.0,12787264.0,871694.0,0.05,7597590.0,0.5941529009,41585488.0,32126794.0,29748244.0,5218498.0,9458694.0,16970065.0,28653986.0,32201132.2,31766900.2,3.092843468404505,5.700537587635369,0.09049130311997301,0.11713353657386417,0.017800597602484692,3.092843468404505,0.017211957097244126,2.518219081110705,14.558395287224327,1.002313900353705,0.0,0.30581344267096205,0.0,0.3074934217436621,2.1655827021491625,0.013297066515126623,-295.48829283511964,0.594152900886382,-0.28571428571428575,0.3154066154776658,0.22876994456211855,0.9753559663140924,-0.018637845423115466,-0.2736101496089989,-0.23696119916176323,-0.3532357996121174,0.06033919050686829,0.3462723440995648,Specialty Retail,Consumer Cyclical,TLF
2009Q2,2009,Q2,2009-06-30,2009-06-30,761251.0,13214940.0,1142398.0,0.07,7741882.0,0.5858431442,41791180.0,32784467.0,29939595.0,4750567.0,9006713.0,15789292.0,28101021.0,25402323.099999998,23597260.099999998,3.0716494374484986,6.302320333551763,0.0912572940031844,0.11632795494280875,0.019773137583721085,3.0716494374484986,0.023219868116202712,1.9222427873300973,8.342295478101178,0.7748280031516144,0.0,0.34663099523398516,0.0,0.3162136125373823,2.7046516763156903,0.018215589988126682,118.39263189783742,0.5858431441989143,0.16666666666666682,0.4581036548343394,0.192206571280498,1.012957407738015,-0.009539373776777835,0.09074718053866004,0.101309253076952,-0.32041538764306626,-0.0024464048676603807,0.38706500396166565,Specialty Retail,Consumer Cyclical,TLF
2009Q1,2009,Q1,2009-03-31,2009-03-31,697917.0,13360990.0,1037309.0,0.06,7816446.0,0.5850199723,42478690.0,31909600.0,30534024.0,6016953.0,10569090.0,15614369.0,27339770.0,21340222.0,20090676.0,2.9905593297014437,5.074665532537814,0.1034270124620133,0.13768408253315617,0.018951103560722535,2.9905593297014437,0.021871693784942463,1.5972036503283065,7.64425497587822,0.6687712161857247,0.0,0.355092415197822,0.0,0.31453394631519943,2.186922350897539,0.01642981457290703,23.962646059454592,0.5850199723224102,-0.3181818181818182,-0.29220198117736457,0.08011418431000834,1.0198246455320819,-0.07862566517639492,-0.2602258381482671,-0.35198967990204655,-0.4773802678444732,-0.06550575109944347,0.4200567232335885,Specialty Retail,Consumer Cyclical,TLF
2008Q4,2008,Q4,2008-12-31,2008-12-31,943419.0,13876980.0,1600760.0,0.088,8483464.0,0.6113335899,40975913.0,31264762.0,29019845.0,5069504.0,9711151.0,16011147.0,26641853.0,22940738.65,19639389.65,2.9301252817332455,5.724395325459848,0.11003901243152288,0.14421824161015523,0.0286174354533278,2.9301252817332455,0.0301751537401756,1.6531506603021693,6.079148991593343,0.7337570217230504,0.0,0.33686006380429834,0.0,0.3386618865575979,2.400617101791418,0.023023745682005915,14.485368386290993,0.611333589873301,1.1999999999999997,0.5867484281929346,0.29250599639504105,1.1218392458333866,0.18763510307837278,1.2408257207598796,1.0911764206389953,-0.19450128291550314,-0.004523830906102318,0.48268052013228246,Specialty Retail,Consumer Cyclical,TLF
2008Q3,2008,Q3,2008-09-30,2008-09-30,421014.0,12251990.0,765483.0,0.04,7143157.0,0.5830201461,42978498.0,31373852.0,31003761.0,6911396.0,11604646.0,17038821.0,25698434.0,29888709.0492,25988678.0492,2.8552593116257126,4.485889826020677,0.10757804984250496,0.1473693125090282,0.012453256802307024,2.8552593116257126,0.013419263914421475,2.4394983222480593,17.748049381493253,0.952663034465771,0.0,0.2998348888106753,0.0,0.28507254953395533,1.574646279854316,0.009795921672274355,31.231605627992415,0.5830201461150393,-0.3333333333333333,-0.36140869588641955,0.10498929783032498,1.0894489690971167,-0.1084039845964353,-0.3574757726058756,-0.29869869301285,-0.41216524168028057,0.011093161809099313,0.5203351912816587,Specialty Retail,Consumer Cyclical,TLF
2008Q2,2008,Q2,2008-06-30,2008-06-30,655250.0,13847964.0,1091518.0,0.06,8011652.0,0.5785436762,40847695.0,31044640.0,28763359.0,5044733.0,9803055.0,15310947.0,25277420.0,34371713.14,29702351.14,2.8270258978426934,5.701661316862557,0.11546098255972582,0.1519204281318772,0.019182702141840105,2.8270258978426934,0.0211067031216983,2.4820770143538793,13.113969149179702,1.1071706143153857,0.0,0.38118556611815063,0.0,0.33901457597546203,2.4265553796405084,0.016041296822256433,26.377184251219223,0.5785436761678467,0.1999999999999999,-0.254135045711021,0.17341542813920877,1.1155707450606267,0.034960500047668125,0.1210474629511136,0.5130887294422942,-0.19580893258758666,0.0989401236259359,0.5579296773153273,Specialty Retail,Consumer Cyclical,TLF
2008Q1,2008,Q1,2008-03-31,2008-03-31,584498.0,13260160.0,721384.0,0.05,7741022.0,0.583780437,39863181.0,30356774.0,28380514.0,4823014.0,9506407.0,16227628.0,24622170.0,29199064.720000003,25397486.720000003,2.7654659357870006,5.884393866573889,0.12063144183099687,0.15840790592570872,0.012840733217659255,2.7654659357870006,0.019254285715603378,2.2020145096288433,12.488949799657142,0.9618632309217048,0.0,0.3401075006156168,0.0,0.33264179293669516,2.209085439105091,0.014662603067226372,25.703288911580497,0.5837804370384672,-0.5454545454545454,-0.30031516344388115,0.16421260847051064,1.344889422070726,-0.08359331262969616,-0.501911829996685,-0.5869764736260823,-0.46285915225956137,0.00614515043385356,0.5875126546853868,Specialty Retail,Consumer Cyclical,TLF
2007Q4,2007,Q4,2007-12-31,2007-12-31,1173483.0,14625877.0,1746593.0,0.11,8447147.0,0.5775480677,37651506.0,29815504.0,28182338.0,3772354.0,7836002.0,17473352.0,24037672.0,35895090.84,33134694.840000004,2.7161568838085715,7.470756456048399,0.1075654184987979,0.13583536941049193,0.03429483898535251,2.7161568838085715,0.03935814735850181,2.4542180164649277,7.647126298378417,1.2039068948826088,0.0,0.3536087408987125,0.0,0.3884539704733192,2.5590344914607694,0.031166960492895024,5.055221531372644,0.577548067715871,4.5,1.1352326714705967,0.35768420704141257,1.4747852520828015,0.21688164486920514,5.83823992168106,15.59045185558099,0.5301150384578196,0.13495824226495667,0.6607787544228648,Specialty Retail,Consumer Cyclical,TLF
2007Q3,2007,Q3,2007-09-30,2007-09-30,171606.0,12806333.0,105277.0,0.02,6941634.0,0.54204697,37645440.0,28586251.0,28557394.0,4868168.0,9059189.0,20721612.0,22864188.0,76561072.30000001,76864710.30000001,2.606181261387584,5.866148004752507,0.10787952006936298,0.14206731760663543,0.001689989494174341,2.606181261387584,0.0060030956840055735,5.9783758785594605,111.53612388261483,2.6782480955617443,0.0,0.28302329953866523,0.0,0.3401828481749715,1.2432718016305107,0.004558480389656755,-19.172674688392057,0.5420469700420878,-0.5,-0.6870968903605599,0.3149017450799858,1.6154449034640104,-0.09680809829306987,-0.56740745969165,-0.8505333278436461,-0.6134090262002692,0.1653988957471836,0.66453160548526,Specialty Retail,Consumer Cyclical,TLF
2007Q2,2007,Q2,2007-06-30,2007-06-30,396692.0,13376987.0,704351.0,0.04,7685669.0,0.5745441032,33342498.0,28291889.0,28761584.0,4797761.0,5050609.0,20179588.0,22692582.0,78808759.2,75133350.2,2.5847583805126066,5.99479298781244,0.0013403014975062757,0.0015795693246216257,0.01347284922545573,2.5847583805126066,0.014021403802340664,5.891368452402623,49.666214090528676,2.7855601723872168,0.0,0.2820334092053812,0.0,0.40119930426328587,1.3962552532316637,0.011897488904400623,-35.53870975451704,0.5745441032423818,-0.6666666666666666,-0.5469757148132025,0.20371386951073217,1.5411426425847472,-0.10610479029136353,-0.7053585421378462,-0.6396777951085058,-0.2590848932462277,0.17679037015167898,0.6938809702150471,Specialty Retail,Consumer Cyclical,TLF
2007Q1,2007,Q1,2007-03-31,2007-03-31,1346355.0,14507805.0,1954781.0,0.12,8597953.0,0.5926432703,33498945.0,27740315.0,28986888.0,5542096.0,5758630.0,18344527.0,22295895.0,78432184.8,72508783.8,2.5465345445789493,5.230311420083665,0.002334580984565335,0.0028192181667727996,0.04721437801113231,2.5465345445789493,0.04853423618297052,5.4062061628206335,14.563800929175441,2.827371816073466,0.0,0.322158865148172,0.0,0.43308244483520303,1.6052410495956764,0.040190967208071776,-1570.1824748253287,0.5926432702948516,-0.07692307692307698,0.6529189548443245,0.325383553776721,1.809387114178769,-0.014552338067015162,-0.043707929093942645,-0.05254987151039985,0.3374337367703109,0.14878792217285078,0.719930175855389,Specialty Retail,Consumer Cyclical,TLF
