Quarters,Year,Quarter,FillingDate,Date,NetIncome,Revenue,OperatingIncome,EPSDiluted,GrossProfit,GrossProfitRatio,TotalAssets,CommonStockEquity,CurrentAssets,CurrentLiability,TotalLiability,Inventory,RetainedEarnings,MarketCap,EnterpriseValue,bookValuePerShare,currentRatio,debtToAssets,debtToEquity,roic,shareholdersEquityPerShare,roe,priceToSalesRatio,peRatio,pbRatio,payoutRatio,inventoryTurnover,dividendYield,assetTurnover,quickRatio,returnOnAssets,priceToFreeCashFlowsRatio,grossProfitMargin,epsdilutedGrowth,fiveYNetIncomeGrowthPerShare,fiveYRevenueGrowthPerShare,fiveYShareholdersEquityGrowthPerShare,grossProfitGrowth,netIncomeGrowth,operatingIncomeGrowth,threeYNetIncomeGrowthPerShare,threeYRevenueGrowthPerShare,threeYShareholdersEquityGrowthPerShare,Industry,Sector,Symbol
2023Q1,2023,Q1,2023-05-05,2023-03-31,120809000.0,787124000.0,198289000.0,0.42,547114000.0,0.6950798095,4203909000.0,-334518000.0,950929000.0,552366000.0,4538427000.0,0.0,-7661759000.0,10720791400.0,13988234400.0,-1.1978729499391247,1.7215559972916508,0.912798540596383,-11.471197364566331,0.04208805755139351,-1.1978729499391247,-0.3611434960151621,13.620206473185927,22.185415407792465,-32.04847392367526,0.0,0.0,0.0,0.18723621277244584,1.5120463605652774,0.028737301402099808,106.62785845003182,0.6950798095344571,0.4,0.08573549512961667,-0.49467390611849366,-1.0856674161400026,-0.005659472073395029,0.4284244753177653,-0.1013414910491729,1.4332962060480656,-0.5803734571566384,-1.090386184513864,Internet Content & Information,Communication Services,MTCH
2022Q4,2022,Q4,2023-02-24,2022-12-31,84575000.0,786153000.0,220650000.0,0.3,550228000.0,0.6998993835,4182764000.0,-359875000.0,882385000.0,556354000.0,4541645000.0,0.0,-7782568000.0,11593384740.0,14856715740.0,-1.2879080686836586,1.586013581280983,0.9170314175028761,-10.65849531087183,0.07991175634106994,-1.2879080686836586,-0.23501215699895797,14.746982762897298,34.26953810227609,-32.215032275095524,0.0,0.0,0.0,0.1879505991731783,1.3895073999647707,0.02021988331160926,54.05219357997063,0.6998993834533481,-0.31818181818181823,1.3006085100386544,-0.4747269493248487,-1.094060958664309,-0.021962942422820413,-0.3428311680238702,0.04754670401405275,-0.451015399107913,-0.5791436351581006,-1.0801187882912624,Internet Content & Information,Communication Services,MTCH
2022Q3,2022,Q3,2022-11-04,2022-09-30,128696000.0,809546000.0,210635000.0,0.44,562584000.0,0.6949376564,3914549000.0,-699342000.0,705547000.0,601736000.0,4613017000.0,0.0,-7867143000.0,13432743500.0,16920500500.0,-2.4859836339464088,1.1725191778454338,0.9907649642398141,-5.545781606138341,0.04824681615826301,-2.4859836339464088,-0.18402441151825574,16.59293418780403,26.093941342388266,-19.207688798899536,0.0,0.0,0.0,0.206804410929586,0.95185430155417,0.032876328792920975,49.85818928880294,0.6949376564148301,5.0,-0.5557800498205223,-0.39406376233022045,-1.178533422623749,0.016094337271277452,4.976394253051136,-0.11289915010823696,-0.6989128257345902,-0.8047468813799621,-1.0725903782078832,Internet Content & Information,Communication Services,MTCH
2022Q2,2022,Q2,2022-08-05,2022-06-30,-32365000.0,794513000.0,237442000.0,-0.11,553673000.0,0.6968709134,4193778000.0,-452945000.0,804813000.0,627686000.0,4645879000.0,0.0,-7995839000.0,19870430940.0,23298060940.0,-1.5885783828903712,1.282190458286468,0.9278783950891059,-8.591144620207752,0.055304354410126856,-1.5885783828903712,0.07145459161708376,25.009573084392578,-153.48703027962304,-43.869412268597735,0.0,0.0,0.0,0.18945041916858738,1.0439073039704565,-0.007717385135789258,-89.4254793632792,0.6968709133771254,-1.1864406779661016,-1.2923224147261592,-0.3803065017049569,-1.1379539585726488,-0.015508672730020715,-1.1792012491210198,0.14254780625354876,-1.1814834199535966,-0.5740031849987711,-1.0965953055736013,Internet Content & Information,Communication Services,MTCH
2022Q1,2022,Q1,2022-05-06,2022-03-31,180607000.0,798631000.0,207818000.0,0.59,562395000.0,0.7041988102,5043393000.0,-122449000.0,1233810000.0,1074027000.0,5165167000.0,0.0,-7963981000.0,30932071660.0,33935190660.0,-0.4304627380395769,1.1487700029887518,0.7763727712672798,-31.977010837164862,0.05695386114734549,-0.4304627380395769,-1.474956920840513,38.73136862956735,42.81682279756598,-252.61187645468723,0.0,0.0,0.0,0.15835192696662742,1.025741438529944,0.03581061400529366,143.96384464302335,0.7041988102139787,1.9833333333333334,3.088502396402234,-0.37721670999439555,-1.0393114931116638,-0.01597824774682561,2.0704286290035796,-0.10391217547657136,0.2928286480001145,-0.5414800702763852,-1.0279664723471285,Internet Content & Information,Communication Services,MTCH
2021Q4,2021,Q4,2022-02-24,2021-12-31,-168724000.0,806070000.0,231917000.0,-0.6,571527000.0,0.7090289925,5063288000.0,-203769000.0,1218252000.0,1168295000.0,5257870000.0,120696000.0,-8144514000.0,37423972750.0,40537936750.0,-0.7200852360069122,1.0427606041282382,0.776046711148961,-19.283345356752008,0.046305482040638696,-0.7200852360069122,0.8280160377682572,46.4276957956505,-55.4514662259074,-183.6588134112647,0.0,1.943254126068801,0.0,0.1591989237033327,0.8693728895527243,-0.03332301066026661,171.34420298149385,0.7090289925192601,-2.3953488372093026,-1.997666009036902,-0.4003598025967254,-1.065781353936218,0.0033408002471805964,-2.285908086273912,0.051348655877419644,-1.561977729154279,-0.5337215836546618,-1.0457745733022743,Internet Content & Information,Communication Services,MTCH
2021Q3,2021,Q3,2021-11-08,2021-09-30,131210000.0,801835000.0,220590000.0,0.43,569624000.0,0.7104005188,4893626000.0,-68352000.0,1052059000.0,747954000.0,4953102000.0,0.0,-7975882000.0,43479165450.0,46815750450.0,-0.24679821631673016,1.4065824903670547,0.7863077399049294,-56.295294943820224,0.05109364132130438,-0.24679821631673016,-1.9196219569288389,54.22457918399671,82.84270530066307,-636.1067042661517,0.0,0.0,0.0,0.16385293849591284,1.2114140709187997,0.026812429065891017,147.04257299004703,0.7104005188099796,-0.06521739130434788,0.8842130143204573,-0.3495733956441662,-1.0227300904850445,0.10679456962932882,-0.0687391319777139,0.0508589231780634,-0.4156788450211154,-0.5287538001719425,-1.0170632643859736,Internet Content & Information,Communication Services,MTCH
2021Q2,2021,Q2,2021-08-06,2021-06-30,140895000.0,707760000.0,209914000.0,0.46,514661000.0,0.7271688143,4433933000.0,-142245000.0,634476000.0,577967000.0,4567781000.0,0.0,-8107092000.0,43739707500.0,47348802500.0,-0.5243977968988476,1.0977720181256023,0.8673011071660307,-27.03472881296355,0.04475429350184585,-0.5243977968988476,-0.9905093324897184,61.800197100712104,77.61046790162888,-307.49557102182854,0.0,0.0,0.0,0.15962352160034896,0.8793547036422494,0.03177652887402674,193.1923212826572,0.727168814287329,-0.19298245614035078,1.4679003801822863,-0.3992103534127091,-1.049606723229373,0.054294007870418735,-0.19142037302725967,0.10914201777467795,-0.570452836297819,-0.5551491113048511,-1.0367580335507776,Internet Content & Information,Communication Services,MTCH
2021Q1,2021,Q1,2021-05-07,2021-03-31,174250000.0,667612000.0,189258000.0,0.57,488157000.0,0.7311986603,3214668000.0,-1214591000.0,1204238000.0,469924000.0,4427202000.0,0.0,-8248654000.0,36906999620.0,39904547620.0,-4.521107467364479,2.562622892212358,1.1955337223004054,-3.1642289462049367,0.08018349826688499,-4.521107467364479,-0.143463931479815,55.2821093988724,52.95121896700143,-30.3863601986183,0.0,0.0,0.0,0.2076768114156734,2.2479698844919604,0.054204664369695406,401.08456628051033,0.731198660299695,0.18749999999999994,12.865677376004149,-0.46290778907447755,-1.3875443646232162,0.020941390041493774,0.23951657075381103,-0.1097176618904705,0.6278749446417702,-0.55447076212762,-1.3233327831971409,Internet Content & Information,Communication Services,MTCH
2020Q4,2020,Q4,2021-02-25,2020-12-31,140579000.0,651407000.0,212582000.0,0.48,478144000.0,0.7340172887,2976980000.0,-1177667000.0,1020212000.0,500036000.0,4152965000.0,0.0,-8491126000.0,40276260050.0,43071802050.0,-4.4207548940483115,2.0402771000487965,1.1873462367903043,-3.0014477776824857,0.07625505332552197,-4.4207548940483115,-0.11937075590977755,61.82963961087308,71.62566964126933,-34.2000413104893,0.0,0.0,0.0,0.21881470483510135,1.7522478381556528,0.04722201694334527,155.08345962950557,0.7340172887303944,0.04347826086956513,4.009266295679022,-0.4838347363506321,-1.4388986501341914,0.017442392439998552,0.06032538599045112,0.062023210619133025,3.0110854100480724,-0.5434680155335266,-1.3228650036948066,Internet Content & Information,Communication Services,MTCH
2020Q3,2020,Q3,2020-11-06,2020-09-30,132581000.0,639770000.0,200167000.0,0.46,469947000.0,0.7345561686,2670092000.0,-1442934000.0,738159000.0,488195000.0,4110413000.0,0.0,-8631705000.0,28851323600.0,31973531600.0,-5.533910655662258,1.5120167146324728,1.318715609799213,-2.4402308075074814,0.08167910271456386,-5.533910655662258,-0.09188292742426196,45.09639964362193,54.403201816248185,-19.994901776519235,0.0,0.0,0.0,0.23960597612366916,1.226079742725755,0.04965409431585129,129.78261217696408,0.7345561686230989,-0.3235294117647059,0.38684893449245183,-0.476383003843233,-1.5366976121516587,0.15580537977407605,-0.002557910337719397,-0.26974867478758296,-0.5062679463642976,-0.48336206896669215,-1.3974233765493551,Internet Content & Information,Communication Services,MTCH
2020Q2,2020,Q2,2020-08-10,2020-06-30,132921000.0,555450000.0,274107000.0,0.68,406597000.0,0.7320136826,2334732000.0,-1708175000.0,451748000.0,459042000.0,4042726000.0,0.0,-8764286000.0,5608561600.8318,9006927600.8318,-9.310022560375538,0.9841103864134436,1.510948579965495,-2.065163112678736,0.11965238635148266,-9.310022560375538,-0.07781462672150102,10.097329374078315,10.548674778311554,-3.283364761123304,0.0,0.0,0.0,0.23790739151217355,0.6878259505666148,0.056932016180015525,26.09325077267834,0.7320136825996939,1.6800000000000002,1.1730220114752516,-0.30164205023162644,-1.912273827346151,-0.5509914482344315,1.727763998620259,18.45904458598726,0.8656720247863428,-0.32675041171955227,-1.808492977392546,Internet Content & Information,Communication Services,MTCH
2020Q1,2020,Q1,2020-05-08,2020-03-31,-182643000.0,1228765000.0,-15700000.0,-1.0,905544000.0,0.7369545845,8434749000.0,2424410000.0,3536309000.0,1064416000.0,4937494000.0,0.0,1478885000.0,3449756074.583,4265785074.583,13.252832348016499,3.3222997399512972,0.43140086326220256,1.5008839263985876,-0.0017352994311562034,13.252832348016499,-0.0753350299660536,2.8074986466761342,-4.721993280036739,1.4229260210042856,0.0,0.0,0.0,0.14567890520512228,3.070693225205183,-0.02165363782609299,61.18324479609464,0.736954584481166,-3.0408163265306123,-7.810725595920051,0.56617439964242,0.36198251985721364,-0.019023838024926742,-2.8187005227781925,-1.0973353668365387,-7.429171728074751,0.48998513723387466,0.21029901433927856,Internet Content & Information,Communication Services,MTCH
2019Q4,2019,Q4,2020-02-28,2019-12-31,100425000.0,1217680000.0,161298000.0,0.49,923105000.0,0.758085047,8332825000.0,2928042000.0,3706989000.0,1007599000.0,4389980000.0,0.0,1689925000.0,4270774930.9728003,4266801930.9728003,16.074981863200705,3.6790320355617663,0.3762615919571094,1.0707913342773088,0.02411211666341787,16.074981863200705,0.03429766376301979,3.5073048181564945,10.631752379817774,1.458577073338702,0.0,0.0,0.0,0.14613051396135165,3.511791893402038,0.012051735155844507,19.756922601023287,0.7580850469745746,-0.22222222222222224,0.4227700523117707,0.45719429207808543,0.4613523571663916,-0.02881043336640403,-0.21875,-0.13211587714955986,-0.0774762609066828,0.4072736323836609,0.4684845884707716,Internet Content & Information,Communication Services,MTCH
2019Q3,2019,Q3,2019-11-07,2019-09-30,128544000.0,1246874000.0,185852000.0,0.63,950489000.0,0.7622975537,8304791000.0,2897274000.0,3684294000.0,1036281000.0,4421728000.0,0.0,1589500000.0,1725823080.0,1905275080.0,34.24673758865248,3.5553040150306723,0.3763649199600568,1.078818227064475,0.034013130236576275,34.24673758865248,0.04436722243046395,1.38411987097333,3.3564831497386107,0.5956713379542288,0.0,0.0,0.0,0.15013911849196446,3.338165999376617,0.01547829439657181,5.641124548925266,0.7622975537223489,0.14545454545454536,-0.16116816479824045,2.3994498209622668,2.1285089457284934,0.04418474099414569,0.13287563785065262,0.20440671375801958,5.043015674794055,2.3111183471679264,2.1541210298239792,Internet Content & Information,Communication Services,MTCH
2019Q2,2019,Q2,2019-08-09,2019-06-30,113467000.0,1186658000.0,154310000.0,0.55,910269000.0,0.7670862203,8299105000.0,2983461000.0,3914087000.0,953462000.0,4375006000.0,0.0,1460956000.0,3569712534.9333,3570034534.9333,16.44571000067851,4.105131615103696,0.3798338495536567,1.0565852880262219,0.022637911626310316,16.44571000067851,0.03803200377011799,3.008206690498273,7.865089706551904,1.196500485487593,0.0,0.0,0.0,0.14298626177160068,3.858783045365206,0.013672197182708255,17.663187521627023,0.7670862202926201,0.3095238095238097,7.24008333552273,0.5527285044775134,0.7648824445446927,0.07625814049176374,0.2792942104966458,0.9319419578580997,1.5634245973791216,0.5061575766737899,0.5557231344958479,Internet Content & Information,Communication Services,MTCH
2019Q1,2019,Q1,2019-05-09,2019-03-31,88695000.0,1105843000.0,79873000.0,0.42,845772000.0,0.764821046,7159902000.0,2779861000.0,2829898000.0,907820000.0,3516652000.0,0.0,1347489000.0,2901406893.9402003,3030053893.9402003,15.392099965148994,3.1172457095018835,0.3276558813235153,0.8439213327572853,0.0356529472584969,15.392099965148994,0.031906271572571435,2.6237059817172965,8.17804525040927,1.0437237307693443,0.0,0.0,0.0,0.15444946034177562,2.8677755502192066,0.012387739385259743,37.6385711275744,0.7648210460255208,-0.5578947368421053,1.436478741828942,0.47262868668250546,0.6029941552423435,-0.0054199235401543545,-0.5374494138261922,-0.6986277077021179,9.498505137963575,0.32336064747716214,0.3193938972408425,Internet Content & Information,Communication Services,MTCH
2018Q4,2018,Q4,2019-02-28,2018-12-31,191752000.0,1104103000.0,265031000.0,0.95,850381000.0,0.7702007874,6874585000.0,2843125000.0,2762739000.0,883558000.0,3257097000.0,0.0,1258794000.0,2207286511.02,2334952511.02,15.731118480379903,3.1268337788803904,0.3286450018437477,0.7946530666080457,0.04762825168002867,15.731118480379903,0.06744409760386898,1.9991672072442517,2.877788120880095,0.7763592916315672,0.0,0.0,0.0,0.16060649479204928,2.9589851486829386,0.027892883715889757,7.587601917520032,0.7702007874265354,0.3768115942028986,1.4715815706212891,0.510969015668288,0.6711145591686642,-0.019568711275903494,0.31540603948577933,0.5334602388446584,7.050200829336672,0.28954250113455393,0.5618071645263941,Internet Content & Information,Communication Services,MTCH
2018Q3,2018,Q3,2018-11-09,2018-09-30,145774000.0,1104592000.0,172832000.0,0.69,867354000.0,0.7852256761,6372347000.0,2600482000.0,2472894000.0,893505000.0,2974225000.0,0.0,1067042000.0,2903808649.8396,3230567649.8396,14.46371636365226,2.76763308543321,0.31350191695461654,0.7682202760872792,0.04205829953967492,14.46371636365226,0.056056531058473004,2.628851784042977,4.979983827430817,1.1166424723722757,0.0,0.0,0.0,0.17334147057591182,2.4920923777706894,0.022876029820723825,10.696176343241701,0.7852256760867361,-0.35514018691588795,0.500046412349105,0.4558180361342913,0.4950922720026267,0.03146160414223842,-0.33239296002344826,-0.4910388776658087,1.2114050951861561,0.31108885399700115,0.4027407593341538,Internet Content & Information,Communication Services,MTCH
2018Q2,2018,Q2,2018-08-09,2018-06-30,218353000.0,1059122000.0,339578000.0,1.07,840898000.0,0.7939576366,6235284000.0,2576079000.0,2346772000.0,845680000.0,2922617000.0,0.0,921268000.0,1997542465.2725,2348734465.2725,14.26620921313553,2.775011824803708,0.3201170949069842,0.7748291104426533,0.066809917854022,14.26620921313553,0.0847617639055324,1.886036231210852,2.287056355159421,0.7754197232586811,0.0,0.0,0.0,0.16985946430026283,2.4936323432031027,0.03501893418166679,9.845008922037566,0.793957636608436,2.242424242424242,2.7436865503482584,0.324067850601989,0.5781867080900123,0.060249926555232355,2.071846599701753,2.7751862145636466,2.6271100120610322,0.3530384516699067,0.3979224213676987,Internet Content & Information,Communication Services,MTCH
2018Q1,2018,Q1,2018-05-10,2018-03-31,71082000.0,995075000.0,89950000.0,0.33,793113000.0,0.7970384142,6030974000.0,2494527000.0,2222932000.0,829493000.0,2901484000.0,0.0,702915000.0,2263869137.4811,2601031137.4811,13.98283039121305,2.67986830509721,0.3307424306587957,0.7996301503250917,0.0299190474457381,13.98283039121305,0.02849518165167184,2.275073876321986,7.962174451623126,0.9075344293652063,0.0,0.0,0.0,0.1649940789000251,2.3971630863672146,0.01178615593434825,16.499662098005935,0.7970384141898852,1.7500000000000002,0.3503268274335079,0.36599758142845606,0.5531410322421705,0.05627562068993072,2.0443273801875885,-0.04673590504451038,1.7180299201642173,0.3005628578638859,0.43700380951477713,Internet Content & Information,Communication Services,MTCH
2017Q4,2017,Q4,2018-03-01,2017-12-31,23349000.0,950585000.0,94360000.0,0.12,750858000.0,0.7898904359,5867810000.0,2430028000.0,2125205000.0,799728000.0,2878120000.0,0.0,595038000.0,1586727978.264,1949137978.264,13.692270278469396,2.6574097693215695,0.3396870382647018,0.8202452811243327,0.009038583532334693,13.692270278469396,0.00960853125972211,1.6692120938832402,16.98924984222022,0.6529669527528078,0.0,0.0,0.0,0.1619999625073068,2.467176339955585,0.003979167696295551,15.853170460929771,0.7898904358894786,-0.8554216867469879,-0.3888544232455124,0.32456661054042535,0.5649808824706514,0.13397991977575874,-0.8700255506755065,6.076120286190758,-0.660490324224495,0.16752514115104886,0.24474364056399125,Internet Content & Information,Communication Services,MTCH
2017Q3,2017,Q3,2017-11-09,2017-09-30,179643000.0,828434000.0,-18589000.0,0.83,662144000.0,0.7992718792,5540955000.0,2428921000.0,1726903000.0,835526000.0,2591271000.0,0.0,562234000.0,1155093854.7228,1549043854.7228,13.92447194151151,2.0668453166029543,0.29765031479230564,0.6790122033610809,0.019102483525519045,13.92447194151151,0.07396000116924346,1.394310053332915,1.6074851994271973,0.4755584289167083,0.0,0.0,0.0,0.14951104999047998,1.8270239346232193,0.03242094548683395,9.22650511388656,0.7992718792323831,1.59375,3.820286287330773,0.26681215678801307,0.3619931139050763,0.05377541958832123,1.710855918391984,-1.245772459840021,-0.4314494276028723,0.09541753384444623,0.27202875663107057,Internet Content & Information,Communication Services,MTCH
2017Q2,2017,Q2,2017-08-04,2017-06-30,66268000.0,767387000.0,75635000.0,0.32,628354000.0,0.8188228365,4786067000.0,1965177000.0,2013181000.0,683815000.0,2573557000.0,0.0,382591000.0,846959640.3348,897653640.3348,11.515279440522908,2.944043345056777,0.3286610906199182,0.8004337522777847,0.028167165987370443,11.515279440522908,0.03372113555165769,1.10369297412492,3.195205983034044,0.4309838962774346,0.0,0.0,0.0,0.16033770525987204,2.5697447409021446,0.01384602430346253,14.297814547239057,0.8188228364567031,1.4615384615384615,0.6667717123647467,0.22884138143732413,0.10237318354601119,0.021921528766009352,1.5284444274867413,1.5773529612212909,4.874050047058434,0.06739444465514571,0.2357699684456816,Internet Content & Information,Communication Services,MTCH
2017Q1,2017,Q1,2017-05-08,2017-03-31,26209000.0,760833000.0,29346000.0,0.13,614875000.0,0.8081602664,4619327000.0,1848059000.0,1886322000.0,679395000.0,2575339000.0,0.0,316323000.0,786982768.1730001,966926768.1730001,10.950048038543128,2.7764731857019846,0.341387825542552,0.8533179947177011,0.05355139456801686,10.950048038543128,0.014181906530040436,1.0343699184617388,7.506798887529094,0.42584288065099657,0.0,0.0,0.0,0.16470646048656007,2.42794545146785,0.005673770226701855,13.892507558483972,0.8081602664448045,-0.7636363636363637,-0.19503668027459226,0.25767987761557665,0.05447540419732567,0.027027162456947956,-0.743177430892397,-0.808040503414532,-0.22955908734415875,0.08421277956986475,0.14038130243117955,Internet Content & Information,Communication Services,MTCH
2016Q4,2016,Q4,2017-02-28,2016-12-31,102051000.0,811162000.0,152876000.0,0.55,598694000.0,0.7380695841,4645873000.0,1869222000.0,1842735000.0,713388000.0,2602376000.0,0.0,290114000.0,833791791.8671,1107088791.8671,10.94664662428676,2.58307540917425,0.34492634645845893,0.8572999889793722,0.03969364696846766,10.94664662428676,0.05459544131194689,1.0278979930853516,2.0425860399876044,0.4460635450829811,0.0,0.0,0.0,0.17459840163517168,2.3549863468407093,0.021965946981331603,7.219289076298541,0.7380695841274616,1.3913043478260871,1.205112854441236,0.4318760467373864,0.033916398831380375,0.02345928259691506,1.3643714378388396,0.7862684613946532,0.3922232349262506,0.1749249680452399,0.16286076992780626,Internet Content & Information,Communication Services,MTCH
2016Q3,2016,Q3,2016-11-07,2016-09-30,43162000.0,764102000.0,85584000.0,0.23,584971000.0,0.765566639,4671160000.0,1863866000.0,1799530000.0,702589000.0,2669801000.0,0.0,188063000.0,872042289.44,1323543289.44,10.857775356376758,2.5612840508462273,0.35136561368054187,0.8805810074329378,0.018213476421556428,10.857775356376758,0.023157244136649307,1.1412642414756147,5.050984022056438,0.4678674805163032,0.0,0.0,0.0,0.1635786399952046,2.230285415797856,0.009240103100728727,12.815293685834792,0.7655666390089281,1.207207207207207,-0.2658146207363265,0.6337866335069123,-0.10690286758506509,0.01726656487700029,1.226522236567266,2.9226326886057383,-0.5348143519208869,0.0547673059112887,0.12235165695411464,Internet Content & Information,Communication Services,MTCH
2016Q2,2016,Q2,2016-08-09,2016-06-30,-190542000.0,745439000.0,21818000.0,-1.11,575042000.0,0.7714138917,4660022000.0,1814450000.0,1792868000.0,692206000.0,2722668000.0,0.0,144901000.0,738869224.3821001,1198144224.3821,10.571103325533533,2.5900786760010748,0.36593368014142424,0.9398214334922428,0.004111407109819834,10.571103325533533,-0.10501364049712034,0.9911867025767368,-0.9694309186191233,0.40721387989864705,0.0,0.0,0.0,0.15996469544564382,2.1881968662507982,-0.040888648165180334,32.42218721234368,0.7714138916799362,-27.618705035971228,-6.085926358634306,0.7390005601552019,-0.16871177132718473,-0.08058742175570993,-24.006761651774934,0.018723443993089603,-4.4368211858806585,-0.019602346047768334,0.16941890511757046,Internet Content & Information,Communication Services,MTCH
2016Q1,2016,Q1,2016-05-10,2016-03-31,8282000.0,819179000.0,21417000.0,0.0417,625445000.0,0.7635022382,5052343000.0,2065438000.0,1884329000.0,776942000.0,2897700000.0,0.0,339676000.0,559150075.4232,1046358075.4232,11.666038472163189,2.4253148883700457,0.34159834358039426,0.8355961302154797,0.004740737826057798,11.666038472163189,0.00400980324754362,0.6825737420309846,16.878473660444335,0.2707174339889166,0.0,0.0,0.0,0.16213843755263646,2.1456247699313464,0.0016392394578119498,69.83265585402772,0.7635022382165558,1.2316666666666667,-0.5022568062736823,0.9330726868902802,-0.0947893954186527,-0.038748526489379195,1.2636152401566032,1.4265805574439157,-0.8414673044924047,0.13312360337641632,0.29580367693071435,Internet Content & Information,Communication Services,MTCH
2015Q4,2015,Q4,2016-02-29,2015-12-31,-31417000.0,848728000.0,8826000.0,-0.18,650657000.0,0.7666260569,5209950000.0,1804526000.0,1945010000.0,768546000.0,2963734000.0,0.0,331394000.0,693189749.0436001,999955749.0436001,10.072382069748183,2.5307658877933137,0.343230357297095,0.9909599529183841,0.0021074100644684554,10.072382069748183,-0.017410112129168546,0.8167395785735831,-5.516040273129198,0.38413951865675533,-0.8991628736034631,0.0,0.04075218948199305,0.16290521022274687,2.3388541479625164,-0.0060301922283323255,4.689830312797094,0.7666260568757011,-1.5294117647058822,-1.4489560575890428,1.4737246366249026,-0.07749487907219325,0.02740723195957682,-1.4788373900717868,-0.8987030873407552,-1.8146029182778611,0.17153761760851352,0.1512397184331779,Internet Content & Information,Communication Services,MTCH
2015Q3,2015,Q3,2015-11-09,2015-09-30,65611000.0,838561000.0,87130000.0,0.34,633300000.0,0.7552223392,4027318000.0,1845191000.0,1246246000.0,653457000.0,2156900000.0,0.0,391492000.0,3335310654.0364804,3568862654.0364804,10.311040202836786,1.9071583899170106,0.24830420642223933,0.5419493158160863,0.018868731208622418,10.311040202836786,0.035557836560009236,3.9774216235151414,12.708656528769872,1.8075693269891737,0.4300803218972428,0.0,0.00846038133384962,0.20821822364163942,1.6334096964299105,0.016291487287569545,41.38821450421265,0.7552223392215951,0.06250000000000006,3.6621479397697607,1.474293599999613,-0.1342573330595636,0.07730464603576385,0.10633167523817554,0.3881055935254664,0.7160699976503399,0.2499273638834559,0.00855284225145751,Internet Content & Information,Communication Services,MTCH
2015Q2,2015,Q2,2015-07-31,2015-06-30,59305000.0,771132000.0,62769000.0,0.32,587856000.0,0.7623286286,4075058000.0,1815386000.0,1322762000.0,714857000.0,2231495000.0,0.0,354099000.0,4046388984.1913877,4469979984.191387,10.205293938398787,1.850386860588901,0.2650269026845753,0.5949148004887115,0.027329473913660876,10.205293938398787,0.032667983558317626,5.247336362894274,17.057537240499908,2.2289413844721664,0.47304611752803305,0.0,0.006933095189217501,0.18923215326014992,1.557007905077519,0.014553167096026609,53.48899501898753,0.7623286285616471,1.2857142857142856,4.786245675280237,1.5382459663263564,-0.12352209258038156,0.011871749985799342,1.2459761408824086,0.7873231014550528,0.4310252445869218,0.18466032267414398,-0.023033489894656197,Internet Content & Information,Communication Services,MTCH
2015Q1,2015,Q1,2015-05-01,2015-03-31,26405000.0,772512000.0,35119000.0,0.14,580959000.0,0.7520388033,3958105000.0,1752714000.0,1293943000.0,625752000.0,2177096000.0,0.0,322848000.0,3470311519.77397,3878714519.77397,9.730545109643469,2.0678207980158274,0.2728578448525241,0.6161872387622852,0.009665508228397936,9.730545109643469,0.01506520744399828,4.492242864543166,32.856575646411386,1.9799645120504374,1.0859685665593637,0.0,0.00826294695349646,0.19517218466917882,1.7733574962604994,0.006671121660491573,-207.97743735910166,0.7520388032807257,-0.611111111111111,3.0625970616493676,1.793082844535934,-0.14571283424449433,-0.022059912736674837,-0.6237103118052785,-0.6818124161925126,-0.24013273704405183,0.1964978647800471,-0.06296114396620012,Internet Content & Information,Communication Services,MTCH
2014Q4,2014,Q4,2015-02-27,2014-12-31,70172000.0,830754000.0,110372000.0,0.36,594064000.0,0.715090147,4274878000.0,1991953000.0,1553881000.0,673954000.0,2241309000.0,0.0,325118000.0,3143399187.302836,3232994187.302836,11.00007249064189,2.305618781103755,0.25263878875607676,0.5421814671330096,0.021828995374739858,11.00007249064189,0.03522773880709033,3.783790613470216,11.198908351275566,1.5780488732931128,0.4108903836287978,0.0,0.00917255438522267,0.19433396695765354,2.0648946367259486,0.016414971374621685,28.271283399163895,0.7150901470230658,-0.5384615384615385,1.1127178470832053,2.65468172145176,0.02864199696559035,0.06838549094577899,-0.7852832821316231,0.09330084296652898,0.42979461248605105,0.3828227411882423,0.03896249936264151,Internet Content & Information,Communication Services,MTCH
2014Q3,2014,Q3,2014-11-03,2014-09-30,326812000.0,782231000.0,100953000.0,0.78,556039000.0,0.7108373358,4238410000.0,1975028000.0,1455279000.0,653693000.0,2227675000.0,0.0,283523000.0,3395163676.899852,3543451676.899852,10.946664427925395,2.2262422880465293,0.25481253583301283,0.546827690544134,0.054899165882959206,10.946664427925395,0.16547208444639772,4.3403594039354765,2.5971840667569213,1.7190458448689598,0.08695825122700512,0.0,0.008370435921354339,0.18455765251591988,1.9669722637384828,0.07710721709320241,25.448331336290433,0.710837335774215,8.799999999999999,23.435345964618424,2.767648906512339,-0.2606032851200487,0.01985271865227479,19.161267018616282,2.891788743253662,4.289133732064262,0.5913342400892302,-0.09959137215460472,Internet Content & Information,Communication Services,MTCH
2014Q2,2014,Q2,2014-07-31,2014-06-30,-17995000.0,756315000.0,25940000.0,-0.1,545215000.0,0.7208834943,4167478000.0,1672928000.0,1477432000.0,587730000.0,2468514000.0,0.0,-14846000.0,3549102826.9306846,3641776826.9306846,9.31830335301522,2.513793748830245,0.2591495384018824,0.6455747049484497,-0.01425604427742693,9.31830335301522,-0.010756589644025325,4.692625198403687,-49.306791149356556,2.121491676229153,-1.1159766601833843,0.0,0.005658331409171147,0.18148026216335156,2.1989229748353836,-0.004317959206983216,39.774325368209304,0.7208834943112328,-1.5263157894736843,-1.7765309426439124,2.9171639997807235,-0.33082422159120384,0.02666777139004958,-1.501463006827365,-0.6382753235162874,-1.4592143817376362,0.6868427815711896,-0.26722919547539087,Internet Content & Information,Communication Services,MTCH
2014Q1,2014,Q1,2014-05-02,2014-03-31,35885000.0,740247000.0,71712000.0,0.19,531053000.0,0.7173997328,4224056000.0,1709494000.0,1471076000.0,600643000.0,2486947000.0,0.0,3150000.0,3629300132.5567102,3705989132.5567102,9.602093628857922,2.449168640939793,0.2556784285056827,0.631765890959547,0.015836040691254164,9.602093628857922,0.020991591663966063,4.902823155726008,25.28424224994225,2.123025955374345,0.5574474014212066,0.0,0.0055118064831711526,0.17524554598707973,2.1374943185885793,0.008495389265672615,110.03547683827153,0.7173997327918924,-0.5365853658536585,3.26486826413796,2.9944747992339993,-0.32049141904727557,0.05812533249913824,-0.5334581431933123,-0.36511084354416035,1.1447178614821736,0.7371332948202095,-0.25493842663340077,Internet Content & Information,Communication Services,MTCH
2013Q4,2013,Q4,2014-02-26,2013-12-31,76917000.0,724455000.0,112952000.0,0.41,501881000.0,0.6927704274,4234684000.0,1686736000.0,1475386000.0,586897000.0,2462422000.0,0.0,-32735000.0,3512514762.04939,3492070762.04939,9.413548816309591,2.5138755181914374,0.25503673945918987,0.6402898853169672,0.028722847520833497,9.413548816309591,0.04560108991567145,4.8484926766319365,11.416574886076518,2.082433031635887,0.264011856936698,0.0,0.005781328015871968,0.1710765195230624,2.2595072048417353,0.018163574897206027,49.869590851710676,0.6927704274247538,-0.21153846153846162,-0.43114602881159336,2.471457619450336,-0.35925327299309456,-0.01207639129476237,-0.20655044357334434,-0.07419428871184551,0.09900249469741355,1.1112101055365098,-0.1378358238383824,Internet Content & Information,Communication Services,MTCH
2013Q3,2013,Q3,2013-11-08,2013-09-30,96940000.0,756872000.0,122004000.0,0.52,508016000.0,0.6712046423,3804782000.0,1735056000.0,1129921000.0,601551000.0,1984007000.0,0.0,-109652000.0,2799848408.0360312,2638196408.0360312,9.674129573473476,1.8783461418898812,0.15243974556229503,0.33428315858393043,0.03780861845092944,9.674129573473476,0.055871395505390026,3.6992363411990814,7.220570476676375,1.6136933955077135,0.2063338147307613,0.0,0.007143958202376575,0.19892650879866441,1.6256992341463983,0.025478463680704964,35.09813478458646,0.671204642264478,0.6774193548387097,129.5641617210594,2.44397645632507,-0.29808953051465364,-0.035270391139959244,0.6630639903928632,0.14347304491264903,5.8730524760050375,1.228313346831186,-0.1877340624700456,Internet Content & Information,Communication Services,MTCH
2013Q2,2013,Q2,2013-08-08,2013-06-30,58290000.0,799411000.0,106696000.0,0.31,526589000.0,0.6587212335,3812491000.0,1631305000.0,1070735000.0,610656000.0,2065810000.0,0.0,-206592000.0,2449785148.5415,2351060148.5415,9.039620686199477,1.7534176361159146,0.1521315066710977,0.35554356787970365,0.02883508034212682,9.039620686199477,0.03573212857191022,3.0644876647200254,10.506884322102849,1.5017333659502667,0.2993823983530623,0.0,0.00712348183284138,0.2096820687576705,1.5105886129015353,0.01528921642044532,20.126397868398787,0.6587212335081704,0.10714285714285703,1.218697722697489,-0.16332487455253764,-0.6674052611567926,0.08092091623611616,0.08674981822249567,0.26191292829180024,4.606064861146412,1.5937827813538186,-0.22363551008601937,Internet Content & Information,Communication Services,MTCH
2013Q1,2013,Q1,2013-05-08,2013-03-31,53637000.0,742249000.0,84551000.0,0.28,487167000.0,0.6563390453,3780246000.0,1636519000.0,1055682000.0,591439000.0,2034502000.0,0.0,-264882000.0,2278689954.719914,2184932954.719914,9.002936694697281,1.7849380916713304,0.1534291683662915,0.3544107951083978,0.02562780672777323,9.002936694697281,0.032775054857291604,3.069980498080717,10.620886490295476,1.3924005494100062,0.3995189887577605,0.0,0.009404087623071983,0.1963493910184681,1.5466548536704545,0.014188759144246168,38.803384556908824,0.6563390452530081,0.4000000000000001,0.6760075061780253,-0.23551407373105124,-0.682777498755779,-0.015772545628659283,0.3166008002160092,-0.00871104649799517,5.151736018946745,1.6592871436430883,-0.2095927632289672,Internet Content & Information,Communication Services,MTCH
2012Q4,2012,Q4,2013-03-01,2012-12-31,40739000.0,765251000.0,85294000.0,0.2,494974000.0,0.6468126144,3805828000.0,1655728000.0,1156750000.0,624889000.0,2040067000.0,0.0,-318519000.0,2552797267.579825,2398664267.579825,8.749161367935223,1.851128760467859,0.15656093759360643,0.35986828754481415,0.020959381781195604,8.749161367935223,0.024604886792999818,3.335895369728135,15.665561670511211,1.5417974858067418,0.6006038439824247,0.0,0.009584779923866358,0.2010734589161675,1.64484892516911,0.01070437234683228,211.2892954461037,0.6468126144232416,0.0,1.1704240874423442,-0.323775005623058,-0.6842361679988803,0.09377334058134344,0.000540314856202569,0.09305037612292236,1.0626181407064417,2.221380305637637,-0.18184586247559179,Internet Content & Information,Communication Services,MTCH
2012Q3,2012,Q3,2012-11-08,2012-09-30,40717000.0,714470000.0,78033000.0,0.2,452538000.0,0.6333897854,3582575000.0,1948394000.0,988227000.0,625069000.0,1522983000.0,0.0,-359258000.0,2861392363.9119077,2455457363.9119077,10.223599370181523,1.5809886588520627,0.026752824434938555,0.049191282666647504,0.023891553998960632,10.223599370181523,0.020897723971640234,4.004916041138057,17.56878185961581,1.4685902152808454,0.5402657366701868,0.0,0.007687865627042416,0.19942918152446215,1.3781518520355354,0.01136528893323936,26.976452945337115,0.6333897854353577,-0.09090909090909087,-0.0777158634780009,-0.23382452790905847,-0.6493161066508719,0.019408815062105504,-0.06034801070802179,-0.19946448356518529,1.8821379284919464,2.2579010640597317,-0.309442996235741,Internet Content & Information,Communication Services,MTCH
2012Q2,2012,Q2,2012-08-02,2012-06-30,43332000.0,680612000.0,97476000.0,0.22,443922000.0,0.6522394551,3546348000.0,1942916000.0,1279221000.0,609543000.0,1497571000.0,0.0,-399975000.0,2421903815.9138913,1710551815.9138913,10.445899458005348,2.098655878256333,0.02702611249657394,0.049329976180133364,0.02997037678251855,10.445899458005348,0.022302559657751544,3.5584206800848226,13.972951951870968,1.2465303780059926,0.2567155912489615,0.0,0.0045930808345509885,0.19191912356034996,1.8882162538163838,0.012218767024555965,17.839992161832477,0.6522394550786645,0.22222222222222227,0.5547412237353891,-0.24062024545188782,-0.6407842056490964,0.06448712199870993,0.2568014385985266,0.5530311479327651,0.8048780841282093,2.402521395624347,-0.24984810687356757,Internet Content & Information,Communication Services,MTCH
2012Q1,2012,Q1,2012-05-09,2012-03-31,34478000.0,640600000.0,62765000.0,0.18,417029000.0,0.6509975023,3352478000.0,1855868000.0,1077649000.0,524787000.0,1388331000.0,0.0,-443307000.0,2505211509.771312,1976959509.7713122,10.38435604562857,2.053497895336584,0.02858900192633628,0.05164375914666345,0.017192312592800334,10.38435604562857,0.01857782988876364,3.910726677757278,18.165290255897325,1.349886689016305,0.30665931898602006,0.0,0.004220402133217549,0.19108253655952404,1.82445258743071,0.010284332962065672,50.695337834577415,0.6509975023415548,-0.28,-0.05364559561241894,-0.3154969983889029,-0.6491499389285322,0.1017036913753431,-0.29299101833244473,0.1318185916508881,3.1677350131468653,2.443531777903698,-0.26513328098924305,Internet Content & Information,Communication Services,MTCH
2011Q4,2011,Q4,2012-02-29,2011-12-31,48766000.0,596943000.0,55455000.0,0.25,378531000.0,0.6341158201,3409865000.0,1905049000.0,1159133000.0,534185000.0,1399376000.0,0.0,-477785000.0,2188789100.520789,1580480100.5207891,10.58755488998877,2.16990930108483,0.028107857642457986,0.050310516947333114,0.02621194259458027,10.58755488998877,0.025598291697483896,3.666663484655636,11.220876740560989,1.1489411036255701,0.0,0.0,0.0,0.17506352890803595,1.9597667474751257,0.014301445951672574,24.262726694018415,0.6341158201034269,-0.21875000000000003,85.39091639732838,-0.29153880536859,-0.6093835367925868,0.15320708501654268,-0.24944207593923629,0.6862798759350484,-0.640847535592799,1.8485023140771528,-0.27934286259687335,Internet Content & Information,Communication Services,MTCH
2011Q3,2011,Q3,2011-11-09,2011-09-30,64973000.0,516884000.0,32886000.0,0.32,328242000.0,0.6350399703,3548327000.0,2306498000.0,1124141000.0,493278000.0,1128370000.0,0.0,-526551000.0,2142600928.9155211,1559133928.9155211,12.157440621287552,2.2789197977611004,0.02701103928696538,0.0415539055312426,0.025868557891668,12.157440621287552,0.02816954534536774,4.145225870631556,8.2441973162526,0.9289411605453467,0.0,0.0,0.0,0.14566977620720975,2.066568953004188,0.018310882847043127,20.521228331997445,0.6350399702834678,0.6,0.4783726607771262,-0.450128652587738,-0.5497337744826144,0.07998499664398616,0.5315151800867434,-0.435249265854957,82.4592670722203,1.2234199337661138,-0.11791187109723038,Internet Content & Information,Communication Services,MTCH
2011Q2,2011,Q2,2011-08-05,2011-06-30,42424000.0,485404000.0,58231000.0,0.2,303932000.0,0.6261423474,3509301000.0,2471635000.0,1149091000.0,405492000.0,981184000.0,0.0,-591524000.0,2118466824.9451199,1591444824.9451199,12.716531957165712,2.8338191628934726,0.02731142184725676,0.038777570312768676,0.01876584176796014,12.716531957165712,0.017164346677401802,4.364337386888282,12.483893697819157,0.8571115172527982,0.0,0.0,0.0,0.1383192835268334,2.561702820277589,0.012089017157547899,22.973624379915194,0.6261423474054602,1.272727272727273,0.38563543248942034,-0.4709024055022155,-0.5132644384211881,0.05717316822901268,1.3477587161040399,0.5596475251767731,1.1477852634249337,-0.5283070351422581,-0.5321206749590931,Internet Content & Information,Communication Services,MTCH
2011Q1,2011,Q1,2011-05-06,2011-03-31,18070000.0,460213000.0,37336000.0,0.088,287495000.0,0.6246998672,3536629000.0,2477940000.0,1567335000.0,404619000.0,998572000.0,0.0,-633948000.0,1697070492.06555,944319492.0655501,12.887651131262032,3.8736070229030273,0.027100382878724346,0.03867890263686772,0.008079825713981225,12.887651131262032,0.007292347675892072,3.687576170307119,23.47911582824502,0.6848715029684133,0.0,0.0,0.0,0.1301275875982468,3.5816904297623195,0.005109385236619391,37.21809053172398,0.6246998672353888,1.7333333333333334,-0.323836357927095,-0.475984084683492,-0.5281856016660805,0.1262521203289105,-0.7922128696932064,1.0984712230215827,-0.46618659783932614,-0.5518755950672657,-0.545897848039981,Internet Content & Information,Communication Services,MTCH
2010Q4,2010,Q4,2011-03-01,2010-12-31,86964000.0,426379000.0,17792000.0,-0.12,255267000.0,0.5986856764,3439554000.0,2430933000.0,1543985000.0,356873000.0,948752000.0,0.0,-652018000.0,1824632224.7384918,1178377224.7384918,10.918510739125129,4.3264270482776785,0.027865240667830773,0.03942683735010385,0.010039082409575826,10.918510739125129,0.03577391890274228,4.279367006204555,5.245366544600328,0.7505892695267586,0.0,0.0,0.0,0.1239634557271088,3.9949141571371327,0.02528351059468757,14.579212841390072,0.5986856763583572,-2.6194331983805665,0.20858473851290188,-0.6074671988554016,-0.5861854104446996,-0.06527788966436465,3.966817065509167,-0.5048700395168921,1.3092239354579616,-0.6797448644241239,-0.6059427131648426,Internet Content & Information,Communication Services,MTCH
2010Q3,2010,Q3,2010-10-29,2010-09-30,17509000.0,421652000.0,35934000.0,0.0741,273094000.0,0.6476762828,3612198000.0,2651693000.0,1631578000.0,318037000.0,960505000.0,0.0,-738982000.0,1670142504.5981278,863772504.5981278,11.910052024207548,5.130151523250439,0.02653342923062357,0.03614445563645565,0.007724631575730182,11.910052024207548,0.006602951397465694,3.9609500360442444,23.846914509654006,0.6298400699470595,0.0,0.0,0.0,0.11673003528599485,4.674550445388429,0.004847187225063521,25.287947681098156,0.647676282811418,0.33273381294964033,-0.2543754242117806,-0.5533169077247221,-0.5601608266416715,0.05633797368960542,0.28827900816716945,0.514541009862598,-0.6605203960832666,-0.6129547083244516,-0.5914683994737161,Internet Content & Information,Communication Services,MTCH
2010Q2,2010,Q2,2010-07-29,2010-06-30,13591000.0,402858000.0,23726000.0,0.0556,258529000.0,0.6417372871,3714912000.0,2746534000.0,1725073000.0,326838000.0,968378000.0,0.0,-756491000.0,1479838605.2434802,660513605.2434802,11.643526724414,5.278067421780821,0.025799803602346436,0.034896345721553056,0.006260005856482506,11.643526724414,0.004948418625074367,3.673350424326885,27.2209293878942,0.5388022158995592,0.0,0.0,0.0,0.10844348399100706,4.809489716618018,0.0036584985054827677,24.164180944848717,0.6417372870837863,1.781997187060478,-0.9583572388943529,-0.6972939289867429,-0.7160153520751918,0.035064118732759206,1.7608464423669037,2.3595782476648903,-0.6154892023561459,-0.6455792397624907,-0.5995999465463927,Internet Content & Information,Communication Services,MTCH
2010Q1,2010,Q1,2010-04-30,2010-03-31,-17863000.0,385926000.0,-17451000.0,-0.0711,249771000.0,0.647199204,3770514000.0,2862792000.0,1800998000.0,308449000.0,907722000.0,0.0,-770082000.0,1634910789.0212839,778482789.0212839,11.390250842687154,5.8388842239721965,0.025419346009589144,0.033479204916040006,-0.007605153709498142,11.390250842687154,-0.0062397128397732,4.236332325423226,-22.881245997610762,0.5710896177652041,0.0,0.0,0.0,0.10235368440483181,5.3066341599421625,-0.004737550371116511,37.294374492934985,0.6471992039924752,0.9793313953488372,-1.3661747814933662,-0.653160726138881,-0.7096105186036741,0.022365302672457194,0.9822353981297592,0.859165045879704,-1.3486399473842274,-0.7067733305994053,-0.6151643697291747,Internet Content & Information,Communication Services,MTCH
2009Q4,2009,Q4,2010-02-26,2009-12-31,-1005539000.0,367156000.0,-123911000.0,-3.44,244307000.0,0.6654038066,4015889000.0,3127826000.0,2000049000.0,290277000.0,888063000.0,0.0,-751377000.0,1710508019.2856598,560355019.2856598,10.693781240792426,6.89013941855538,0.02386619749699257,0.030642369492420614,-0.03653927940795737,10.693781240792426,-0.32148175761695186,4.6588044844307595,-0.42527142639063725,0.5468680224813208,0.0,0.0,0.0,0.09142583373195823,6.323001822397227,-0.2503901377752224,9.854632717375067,0.6654038065563411,-47.42375168690958,-23.63540218873238,-0.7282682948037539,-0.7280647224184402,0.06554459850226144,-47.37667189373674,-23.390856523310443,-1069.4753570975477,-0.7319393791707411,-0.6054644297011479,Internet Content & Information,Communication Services,MTCH
2009Q3,2009,Q3,2009-10-29,2009-09-30,21682000.0,336577000.0,5534000.0,0.0741,229279000.0,0.6812081634,5184004000.0,4330276000.0,2083616000.0,266651000.0,853728000.0,0.0,261554000.0,1686286907.47986,376360907.47986007,14.80485943152006,7.8140190736205755,0.018488411660176188,0.02213346216268894,0.0005125990055213931,14.80485943152006,0.005007071142809373,5.010107367645026,19.4433966825,0.389417881788565,0.0,0.0,0.0,0.06492606872988524,6.970242001717601,0.004182481340677978,51.604703843065764,0.6812081633623213,-0.43000000000000005,-0.7031335408224451,-0.716039371498004,-0.6201270202968046,-0.017336407742023968,-0.46874770293778945,0.41643204504735093,-0.6799999999999999,-0.7677519523465535,-0.45168326268658193,Internet Content & Information,Communication Services,MTCH
2009Q2,2009,Q2,2009-08-07,2009-06-30,40813000.0,340045000.0,3907000.0,0.13,233324000.0,0.686156244,5263493000.0,4402937000.0,2151739000.0,298212000.0,860556000.0,0.0,239872000.0,1449121163.44754,-63456836.552459955,13.925045785686994,7.21546751975105,0.01820920062019651,0.021768197001228954,0.0005714009105879436,13.925045785686994,0.00926949443064936,4.261557039355203,8.876590568247495,0.32912602734209917,0.0,0.0,0.0,0.06460443663551942,6.547617131436696,0.007753976304328703,32.74480089136911,0.6861562440265259,2.3874066168623265,-0.33453435243927704,-0.7296501114646652,-0.6365080201789469,0.11959155666239606,2.437786232649898,1.1218348509417488,-0.18058163107071984,-0.7721554527522388,-0.46700759268821274,Internet Content & Information,Communication Services,MTCH
2009Q1,2009,Q1,2009-05-07,2009-03-31,-28386000.0,332010000.0,-32068000.0,-0.0937,208401000.0,0.6276949489,5373700000.0,4507200000.0,2324121000.0,313097000.0,866500000.0,0.0,199059000.0,1387137632.8780742,-309813367.12192583,14.130938001393643,7.423006288785904,0.017835755624616187,0.021264643237486686,-0.00639350009190267,14.130938001393643,-0.006297923322683706,4.177999556875016,-12.216740936360125,0.30776039068114885,0.0,0.0,0.0,0.06178424549193293,6.710651970475603,-0.005282393881310829,35.03580604359654,0.6276949489473209,-1.1249333333333333,-1.884950046277047,-0.7077454628816616,-0.5999062196281799,-0.09773352094382509,-1.1248191647941888,-0.4722923649051926,-1.6402934172379149,-0.7721138474358246,-0.4826691114528508,Internet Content & Information,Communication Services,MTCH
2008Q4,2008,Q4,2009-03-02,2008-12-31,227417000.0,350995000.0,-21781000.0,0.75,230975000.0,0.6580578071,5250598000.0,4427536000.0,2186786000.0,286004000.0,800291000.0,0.0,227445000.0,1353654083.1854,-295495916.8146,14.691528523731561,7.645997958070517,0.018253920791498415,0.021647254816222837,-0.0037076866636760113,14.691528523731561,0.05136423509599922,3.856619277156085,1.4880748615818078,0.3057353081229379,0.0,0.0,0.0,0.06684857610504556,7.287065915162025,0.0433125902992383,-21.862397777434307,0.6580578070912692,179.57142857142858,1.9485330661640565,-0.7827359560641984,-0.6569176044930284,-0.017420342876589952,180.49250197316496,-1.084295710327105,1.3349360467749691,-0.7612762973432908,-0.443186988477963,Internet Content & Information,Communication Services,MTCH
2008Q3,2008,Q3,2008-11-10,2008-09-30,-1267000.0,369280000.0,258388000.0,-0.0042,235070000.0,0.6365630416,5083140000.0,4153606000.0,1767732000.0,404715000.0,897471000.0,0.0,28000.0,1488761250.4644,242493250.46440005,13.782569136725835,4.367844038397391,0.018855274495685737,0.023074889626026156,0.0008895867586154325,13.782569136725835,-0.0003050361541272812,4.031524183449957,-293.7571528146014,0.35842620856778423,0.0,0.0,0.0,0.07264800890787977,3.908370087592503,-0.00024925538151614944,10.176641583028465,0.6365630415944541,0.9971621621621621,-1.0462679160933235,-0.743831521307848,-0.6850180685042947,-0.6760068362874548,0.9971529881265898,3.3145204381512157,-1.0398611616813582,-0.7109881821367252,-0.49100861998502876,Internet Content & Information,Communication Services,MTCH
2008Q2,2008,Q2,2008-08-06,2008-06-30,-445028000.0,1595331000.0,59888000.0,-1.48,725540000.0,0.454789633,12028299000.0,8189499000.0,2826829000.0,1596273000.0,3799355000.0,348303000.0,199039000.0,1447533939.439704,928514939.439704,27.179085025938896,1.7708931993462271,0.07590200409883392,0.11148081219620394,0.005920585558064098,27.179085025938896,-0.05434129731257065,0.9073564918124852,-0.8131701485298138,0.1767548832278634,0.0,2.4972251172111637,0.0,0.13263147183155324,1.2548448792906979,-0.03699841515412944,13.022427192526822,0.4547896329977917,-9.705882352941176,-5.52893207540758,0.02307464381405677,-0.27289927119266943,-0.019454411536148446,-9.426007270524083,-0.14460378220876421,-2.067464337881572,-0.06157865708563492,-0.33710437784921743,Internet Content & Information,Communication Services,MTCH
2008Q1,2008,Q1,2008-05-07,2008-03-31,52816000.0,1602349000.0,70012000.0,0.17,739935000.0,0.4617814221,12568523000.0,8514008000.0,2810321000.0,1732322000.0,4014277000.0,351411000.0,620636000.0,1551816815.20768,1261145815.20768,28.380511027388202,1.6222855797016953,0.0750588593425019,0.1108031610963955,0.00423984741903579,28.380511027388202,0.006203423816374145,0.9684636837590812,7.345391620000001,0.18226630926441226,0.0,2.4541462845499997,0.0,0.12748904545108442,1.156155148985004,0.004202243970910504,13.73544477476062,0.4617814221496066,1.1349206349206349,1.425667301592242,-0.009266022825920957,-0.16111999794513313,-0.11510716515225082,1.1349708929401963,0.0284690190087258,-0.09292707583227171,0.206490780531248,-0.27645123950038636,Internet Content & Information,Communication Services,MTCH
2007Q4,2007,Q4,2008-02-29,2007-12-31,-391314000.0,1852502000.0,68074000.0,-1.26,836186000.0,0.4513819688,12524520000.0,8583662000.0,3287429000.0,1688812000.0,3900377000.0,331970000.0,567820000.0,2077987081.8378499,1439108081.8378499,27.70792751180002,1.9465926343488795,0.07556561049844625,0.11025865184346728,0.007688319063506808,27.70792751180002,-0.04558823495146943,1.1217192110118368,-1.327570111111441,0.242086312559587,0.0,3.0614694098864357,0.0,0.14791001970534598,1.418408917037539,-0.03124383209895469,10.434543080859925,0.4513819688183872,-6.7272727272727275,-3.202041635533147,0.1531533052087623,-0.09796299794401586,0.17072877056020072,-6.452789699570816,-0.34630342721607116,-8.051672822573897,0.2944673308667743,-0.29540704176844224,Internet Content & Information,Communication Services,MTCH
2007Q3,2007,Q3,2007-11-09,2007-09-30,71764000.0,1515833000.0,104137000.0,0.22,714244000.0,0.4711891086,12861285000.0,9031431000.0,3124094000.0,1654891000.0,3797097000.0,402095000.0,971235000.0,2315736058.1586,1937495058.1585999,29.153318883691313,1.8877944227142451,0.07778009740084292,0.11076339951000014,0.006221965023707937,29.153318883691313,0.007946027600720195,1.5276986700768487,8.067192666791845,0.2564085423626223,0.0,1.9935313794003904,0.0,0.11786015161004519,1.3923098258435147,0.005579846803799153,17.55675555844276,0.47118910856275065,0.46666666666666673,2.715354789058874,0.013754692684027837,-0.07375335490245861,-0.01831711269415631,0.5259196257707847,0.9153041143256515,-0.07229231447121581,0.2074461627217368,-0.2519646563474195,Internet Content & Information,Communication Services,MTCH
2007Q2,2007,Q2,2007-08-09,2007-06-30,47030000.0,1512394000.0,54371000.0,0.15,727571000.0,0.4810723925,12922131000.0,9126893000.0,3104541000.0,1619662000.0,3768789000.0,347646000.0,899471000.0,2706657994.0970464,2738634994.0970464,29.079733191801598,1.9167832547778487,0.0818499673157624,0.11588565791228186,0.003541973445232977,29.079733191801598,0.005152903622295123,1.7896513700114165,14.387933202727229,0.2965585324706936,0.0,2.25753496372747,0.0,0.11703905493606279,1.401836309057075,0.0036394925883354687,8.639547744071878,0.4810723925114752,-0.21052631578947373,-0.9853465825785785,-0.041423831504491256,-0.17190568954798335,-0.038250752140096336,-0.2425633344607109,-0.41515806684092205,-0.2274699193111794,0.2113455415907503,-0.24091813030728443,Internet Content & Information,Communication Services,MTCH
2007Q1,2007,Q1,2007-05-10,2007-03-31,62091000.0,1594968000.0,92967000.0,0.19,756508000.0,0.4743092024,13114601000.0,9015004000.0,3685493000.0,1858268000.0,4074805000.0,391779000.0,803499000.0,2861960760.2315283,2908056760.2315283,29.597703400465665,1.9832946593279333,0.09662993178366616,0.14057264977364403,0.005600523969720607,29.597703400465665,0.006887517742643265,1.7943687649103481,11.523251196757695,0.3174663882824154,0.0,2.140135127201815,0.0,0.1216177297349725,1.3953450202016071,0.004734494019299558,-220.47305756347956,0.47430920244167907,60.375,1.1517260654246027,0.1419359447184196,0.18906282429141463,-0.08346720749404532,60.760346487006736,-0.5009340677038039,1.0270811773123372,0.47024597910429183,-0.16199072965656677,Internet Content & Information,Communication Services,MTCH
