Quarters,Year,Quarter,FillingDate,Date,NetIncome,Revenue,OperatingIncome,EPSDiluted,GrossProfit,GrossProfitRatio,TotalAssets,CommonStockEquity,CurrentAssets,CurrentLiability,TotalLiability,Inventory,RetainedEarnings,MarketCap,EnterpriseValue,bookValuePerShare,currentRatio,debtToAssets,debtToEquity,roic,shareholdersEquityPerShare,roe,priceToSalesRatio,peRatio,pbRatio,payoutRatio,inventoryTurnover,dividendYield,assetTurnover,quickRatio,returnOnAssets,priceToFreeCashFlowsRatio,grossProfitMargin,epsdilutedGrowth,fiveYNetIncomeGrowthPerShare,fiveYRevenueGrowthPerShare,fiveYShareholdersEquityGrowthPerShare,grossProfitGrowth,netIncomeGrowth,operatingIncomeGrowth,threeYNetIncomeGrowthPerShare,threeYRevenueGrowthPerShare,threeYShareholdersEquityGrowthPerShare,Industry,Sector,Symbol
2023Q1,2023,Q1,2023-05-12,2023-03-31,-2305381.0,664.0,-2639287.0,-0.37,0.0,0.0,17521222.0,15990545.0,15023705.0,501306.0,1530677.0,0.0,-89623415.0,64565408.599999994,50297050.599999994,2.5880916557848592,29.96913063079237,0.014387809252117233,0.01576506616878912,-0.14591826285657364,2.5880916557848592,-0.14417150885101165,97237.0611445783,-7.0015984993369855,4.037724080073568,0.0,0.0,0.0,3.789690011347382e-05,29.098095773838732,-0.13157649620557288,-35.374952730508284,0.0,-0.37037037037037024,0.7459424608933423,-0.9991715614151115,-0.6273124404246786,0.0,-0.3607385848178476,-0.3267342310981038,-0.1902344799143136,0.0,1.4981800517886121,Electrical Equipment & Parts,Industrials,IPWR
2022Q4,2022,Q4,2023-03-30,2022-12-31,-1694213.0,16608.0,-1989311.0,-0.27,0.0,0.0,19399367.0,17908604.0,16902924.0,449318.0,1490763.0,0.0,-87095430.0,65921208.180300005,49843169.180300005,2.9068619788686636,37.61906711950111,0.01379343975501881,0.014941644809388827,-0.09663669129736496,2.9068619788686636,-0.0946032979455015,3969.244230509393,-9.727408563784484,3.6809797223893055,0.0,0.0,0.0,0.0008561104081385748,36.525487516636325,-0.08733341660065506,-33.343352432725254,0.0,-0.03846153846153849,0.8013296859807822,-0.9841919013370017,-0.6487930513989415,0.0,-0.060070403852314595,-0.13250967378686984,0.2559919739610208,0.0,0.6653490114735143,Electrical Equipment & Parts,Industrials,IPWR
2022Q3,2022,Q3,2022-11-14,2022-09-30,-1598208.0,10675.0,-1756551.0,-0.26,0.0,0.0,21407103.0,19647747.0,18948117.0,656523.0,1759356.0,0.0,-85204485.0,63731418.75,45563727.75,3.1907995371592133,28.861314835885416,0.013212717292947112,0.014395849050784296,-0.08151600528883954,3.1907995371592133,-0.08134306696844172,5970.156323185011,-9.969199683332832,3.2437011098524424,0.0,0.0,0.0,0.0004986662604463574,28.17854820013922,-0.07465783670027654,-40.588736128138585,0.0,0.03703703703703707,0.8359717878590675,-0.9945453104184635,-0.6629471719772349,0.0,0.0473463285881698,-0.03559721537674245,0.530854318753071,0.0,1.966646781906982,Electrical Equipment & Parts,Industrials,IPWR
2022Q2,2022,Q2,2022-08-15,2022-06-30,-1677638.0,50978.0,-1696172.0,-0.27,0.0,0.0,22810077.0,21117628.0,20429823.0,578476.0,1692449.0,0.0,-83500715.0,75369330.0,55646501.0,3.4295086173646494,35.31663024913739,0.013059272005087927,0.014105892953507847,-0.07754526220004261,3.4295086173646494,-0.07944253966401908,1478.4677704107655,-11.231465012118228,3.56902441884098,0.0,0.0,0.0,0.002234889430666981,34.86380420276727,-0.07354810770695776,-44.21271685659278,0.0,0.12903225806451607,0.8810172170128199,-0.9542901572175219,-0.6828582766544748,0.0,0.12089928666386845,0.10771229796020358,0.6777806904457062,0.0,1.1202769914436999,Electrical Equipment & Parts,Industrials,IPWR
2022Q1,2022,Q1,2022-05-16,2022-03-31,-1908357.0,125008.0,-1900925.0,-0.31,0.0,0.0,24507763.0,22577149.0,22108453.0,756083.0,1930614.0,0.0,-81810721.0,54167097.6,32754044.6,3.66788918001765,29.240775152992462,0.012745226889945034,0.013835094944893175,-0.08208969038371643,3.66788918001765,-0.08452604002391977,433.3090490208627,-7.096038319874112,2.39920007614779,0.0,0.0,0.0,0.00510075113750692,29.080864137931947,-0.07786744959138049,-37.49265272135659,0.0,-0.3478260869565217,0.8899077512690294,-0.9198484494750254,-0.7810323586137372,0.0,-0.3377193628095263,-0.3434849012771738,0.5765668547557259,0.0,0.4867451360719882,Electrical Equipment & Parts,Industrials,IPWR
2021Q4,2021,Q4,2022-03-25,2021-12-31,-1426575.0,128605.0,-1414921.0,-0.23,0.0,0.0,25877480.0,24149925.0,23447311.0,542871.0,1727555.0,0.0,-79906080.0,74090031.12,51246330.120000005,3.9310024722257126,43.19131248491815,0.012615138722935928,0.013517557507942571,-0.05728074646715587,3.9310024722257126,-0.05907161202363982,576.1053700866996,-12.983900446874507,3.0679197190053387,0.0,0.0,0.0,0.0049697652167058,43.11044612808568,-0.055128049562785865,-55.19817852792502,0.0,-0.15,0.9202129425040254,-0.9460657709619006,-0.48141443680954393,0.0,-0.1470503099647018,-0.1469238837740523,0.8364900477508203,1.0261894699696468,0.22373135702070712,Electrical Equipment & Parts,Industrials,IPWR
2021Q3,2021,Q3,2021-11-12,2021-09-30,-1243690.0,121028.0,-1233666.0,-0.2,0.0,0.0,27284502.0,25301715.0,24850434.0,740532.0,1982787.0,0.0,-78485332.0,93235802.28,69088586.28,4.1303028759651275,33.55754241545267,0.012473418059820187,0.013450906391128033,-0.04767299466859671,4.1303028759651275,-0.0491543755037949,770.3655540866577,-18.741768905434636,3.684959785532325,0.0,0.0,0.0,0.004435778230440123,33.42201822473573,-0.0455822869700902,-75.83660906273639,0.0,-0.11111111111111122,0.9333955579757566,-0.9570518361924534,-0.5912789351030788,0.0,-0.048030113938482825,0.03336195899843603,0.8737103553583281,-0.9193013905603578,-0.0948668572918843,Electrical Equipment & Parts,Industrials,IPWR
2021Q2,2021,Q2,2021-08-13,2021-06-30,-1186693.0,84705.0,-1276244.0,-0.18,0.0,0.0,28438696.0,26446525.0,25985183.0,742571.0,1992171.0,0.0,-77246654.0,77859858.54,52478157.54000001,4.317183964280035,34.99353327829932,0.011789429445006902,0.012677506780191349,-0.0434390176137781,4.317183964280035,-0.044871415053584544,919.1884604214628,-16.402696093260854,2.94404873759407,0.0,0.0,0.0,0.0029785120949286847,34.810608009200465,-0.04172810877123199,-72.62775506510951,0.0,-0.058823529411764594,0.924840541114204,-0.9590145909798774,-0.6621439800549097,0.0,-0.284082990317652,-0.3810012292456587,0.8393048364361395,-0.9687899658858637,-0.28336798762724263,Electrical Equipment & Parts,Industrials,IPWR
2021Q1,2021,Q1,2021-05-14,2021-03-31,-924156.0,242061.0,-924144.0,-0.17,0.0,0.0,29165408.0,27541507.0,27087817.0,588468.0,1623901.0,0.0,-76059961.0,70754891.0,44090430.0,5.153701002521507,46.031079005145564,0.004270675726531925,0.004522483101596438,-0.033363765003894166,5.153701002521507,-0.03355502660039627,292.30190323926615,-19.1404078423989,2.5690275771765143,0.0,0.0,0.0,0.008299592448698129,45.7372431466112,-0.03168671598902371,-80.94839910579654,0.0,0.34615384615384615,0.9409103181848466,-0.912937392703493,-0.6556737109578006,0.0,0.18788929038426389,0.18421651968962685,0.8822530145571805,-0.6508338019308734,-0.2578623538631383,Electrical Equipment & Parts,Industrials,IPWR
2020Q4,2020,Q4,2021-03-26,2020-12-31,-1137968.0,273827.0,-1132830.0,-0.26,0.0,0.0,5132173.0,3829209.0,3446426.0,659526.0,1302964.0,0.0,-75135811.0,35591167.08,32607373.08,0.8790000468284728,5.225610514217787,0.03379893857825915,0.04529969505451387,-0.27796067282750786,0.8790000468284728,-0.2971809582605703,129.97683603150895,-7.819017555853942,9.294652519619587,0.0,0.0,0.0,0.05335498238270612,5.045355300624994,-0.22173219803775127,-48.46885794827797,0.0,0.8844444444444445,0.91859525561344,-0.9387129898316235,-0.9502680418917009,0.0,0.767512016473197,0.03384604887783951,0.8112825032436243,-0.6313996704932187,-0.8937992493241924,Electrical Equipment & Parts,Industrials,IPWR
2020Q3,2020,Q3,2020-11-13,2020-09-30,-4894739.0,147787.0,-1172515.0,-2.25,0.0,0.0,5687861.0,4408401.0,3936284.0,580079.0,1279460.0,0.0,-74000412.0,23694645.400000002,20146822.400000002,1.1535131983870077,6.785772282740799,0.038925353485255706,0.05022274516315553,-0.43359685725199626,1.1535131983870077,-1.110320726267869,160.32970017660554,-1.2102098497999587,5.374884317465676,0.0,0.0,0.0,0.025982878273572436,6.547122029930406,-0.8605588287055538,-29.053257213763814,0.0,-7.035714285714285,0.5876662509569943,-0.9595967778607601,-0.9429207983046228,0.0,-4.866789801908876,-0.4089290713924367,0.19058825367016097,-0.8783273119674554,-0.8781512654900056,Electrical Equipment & Parts,Industrials,IPWR
2020Q2,2020,Q2,2020-08-13,2020-06-30,-834313.0,6515.0,-832203.0,-0.28,0.0,0.0,3829432.0,2577458.0,2017420.0,551650.0,1251974.0,0.0,-69105673.0,19579225.5,18059039.5,0.8596254606700352,3.6570651681319677,0.07139335546368235,0.10607195151191601,-0.27519810777812725,0.8596254606700352,-0.3236960602267816,3005.2533384497315,-5.866870556973223,7.596331540610943,0.0,0.0,0.0,0.0017012966936088695,3.251304269011148,-0.21786860296775082,-28.025051064006423,0.0,0.09677419354838701,0.9014376076249957,-0.9985315115439061,-0.9674020150728838,0.0,0.10343682568065955,0.10557546263356671,0.878480551889011,-0.988003010896761,-0.9205066584034192,Electrical Equipment & Parts,Industrials,IPWR
2020Q1,2020,Q1,2020-05-14,2020-03-31,-930568.0,0.0,-930434.0,-0.31,0.0,0.0,4368618.0,3075229.0,2473894.0,646940.0,1293389.0,0.0,-68272415.0,5758684.359999999,3760519.3599999994,1.035990842186044,3.8239929514328996,0.05077738543402055,0.0721334898961996,-0.26443078533037817,1.035990842186044,-0.30260120465825474,0.0,-1.547088541621891,1.8726034256310669,0.0,0.0,0.0,0.0,3.431526880390763,-0.21301198685717085,-6.874481443015912,0.0,0.16216216216216217,0.8989352338362675,-1.0,-0.9003414366622174,0.0,-0.12992659960051725,-0.17747093446317816,0.8886791322630596,-1.0,-0.9381528557495419,Electrical Equipment & Parts,Industrials,IPWR
2019Q4,2019,Q4,2020-03-31,2019-12-31,-823565.0,0.0,-790197.0,-0.37,0.0,0.0,5265740.0,3889233.0,3305830.0,685210.0,1376507.0,0.0,-67341914.0,5124749.6,2332241.5999999996,1.7454971653639428,4.824550137913924,0.05035835419143368,0.06818156690535127,-0.1860632079937114,1.7454971653639428,-0.21175511983982445,0.0,-1.555660330392865,1.3176761587696082,0.0,0.0,0.0,0.0,4.462401307628318,-0.1564006198558987,-6.319642284603735,0.0,0.3272727272727273,0.8695115548638832,-1.0,-0.8644018781435,0.0,-0.009921836870335534,-0.094387468925067,0.8730001006776386,-1.0,-0.7697305873137518,Electrical Equipment & Parts,Industrials,IPWR
2019Q3,2019,Q3,2019-11-14,2019-09-30,-815474.0,0.0,-722045.0,-0.55,0.0,0.0,2918780.0,1585373.0,899180.0,551929.0,1333407.0,0.0,-66519544.0,4112462.79,3650293.79,1.0755576149541282,1.629158822964548,0.10540842406758988,0.1940641098340895,-0.36913936841812633,1.0755576149541282,-0.5143735890544371,0.0,-1.2607584024751248,2.594003297646674,0.0,0.0,0.0,0.0,1.3948044041896692,-0.27938864868198354,-3.5547907689568228,0.0,0.35294117647058815,0.7896708330901469,-1.0,-0.9294097339546974,0.0,0.34493398121736113,0.21209823060512978,0.8185021635065899,-1.0,-0.8935663880002209,Electrical Equipment & Parts,Industrials,IPWR
2019Q2,2019,Q2,2019-08-14,2019-06-30,-1244873.0,0.0,-916415.0,-0.85,0.0,0.0,4118158.0,2381392.0,2052735.0,912613.0,1736766.0,0.0,-65706833.0,4521384.164,3432903.164,1.6174814098366892,2.249294060023252,0.08482336034702893,0.14668563596417558,-0.40720192255336446,1.6174814098366892,-0.5227501394142585,0.0,-0.9080010900710355,1.89863078569173,0.0,0.0,0.0,0.0,1.5754728455544684,-0.3022887902795376,-6.148146960998415,0.0,-0.1643835616438356,0.634084059069538,-1.0,-0.9073367102959845,0.0,-0.1878366476879669,-0.3347028718071208,0.6719449110518944,-1.0,-0.873418451475757,Electrical Equipment & Parts,Industrials,IPWR
2019Q1,2019,Q1,2019-05-15,2019-03-31,-1048017.0,0.0,-686606.0,-0.73,0.0,0.0,5160847.0,3531231.0,3289440.0,976810.0,1629616.0,0.0,-64455151.0,5728270.704,3888524.704,2.467059814776519,3.367533092413059,0.07535933539591466,0.11013666339018886,-0.24071655273486436,2.467059814776519,-0.2967851720830498,0.0,-1.3664546243047584,1.6221738832718673,0.0,0.0,0.0,0.0,2.286652470797801,-0.20307073625705238,-9.2459166938371,0.0,0.48591549295774644,0.6372199989679435,-1.0,-0.8733772899853907,-1.0,0.48443440222909634,-1.358874192331052,0.7498176178795676,-1.0,-0.8351721315513803,Electrical Equipment & Parts,Industrials,IPWR
2018Q4,2018,Q4,2019-04-01,2018-12-31,-2032752.0,-1144103.0,1913222.0,-1.42,327787.0,-0.2865013028,6165820.0,4597944.0,4688277.0,1139713.0,1567876.0,0.0,-63414252.0,3542596.2,284519.2000000002,3.2123083630022524,4.113559290803913,0.0,0.0,-0.48142886029535936,3.2123083630022524,-0.44210020826699936,-3.0963962160749516,-0.4356896709485466,0.7704739770645315,0.0,0.0,0.0,-0.18555569251129614,2.858681966424881,-0.32968072373179885,6.680778174014224,-0.2865013027673208,0.11801242236024855,0.8217286608808745,-3.203962681099705,-0.8484439078351399,2.5648697163262772,0.09656872004213268,1.8503923218439238,0.5574342634171825,-1.779347263472902,-0.8182544067930624,Electrical Equipment & Parts,Industrials,IPWR
2018Q3,2018,Q3,2018-11-15,2018-09-30,-2250035.0,342661.0,-2249811.0,-1.61,-209466.0,-0.6112922101,8657468.0,6386786.0,6033211.0,1805501.0,2270682.0,131765.0,-61537794.0,8985478.2171,3446713.2171,4.563199247800667,3.3415716745656745,0.0,0.0,-0.35227781147273424,4.563199247800667,-0.3522953485524644,26.222646338801322,-0.9983709383520701,1.406885750845574,0.0,4.190240200356696,0.0,0.039579817101258706,3.2224097355803183,-0.25989527192015033,-6.2354986170212765,-0.6112922100851862,-0.33057851239669434,0.9317310901192575,-0.9404108901076013,1.1350379265025397,-6.96056001365887,-0.3338820937710454,-0.2797122965086516,0.48244774013476044,-0.7442061858258089,-0.7741995751712054,Electrical Equipment & Parts,Industrials,IPWR
2018Q2,2018,Q2,2018-08-14,2018-06-30,-1686832.0,619942.0,-1758060.0,-1.21,35142.0,0.056685948,10559485.0,8429633.0,7894220.0,1667653.0,2129852.0,239407.0,-59287871.0,14832357.4,7852144.4,6.024268927068869,4.7337305782437955,0.0,0.0,-0.2042449096334364,6.024268927068869,-0.20010740681118622,23.92539527891319,-2.1982564653741448,1.7595496031677773,0.0,2.442702176628085,0.0,0.058709491987535375,4.288065322941883,-0.1597456694147489,-12.667841351750456,0.05668594804030055,0.17687074829931973,0.9418912489497689,-0.8991486586477724,1.2344927341173253,1.2289933078331585,0.17909605921998087,0.14552629263899428,0.5729958778245758,-0.7005769792310238,-0.7715528021605856,Electrical Equipment & Parts,Industrials,IPWR
2018Q1,2018,Q1,2018-05-15,2018-03-31,-2054847.0,181500.0,-2057477.0,-1.47,-153463.0,-0.8455261708,11483089.0,9715994.0,8784135.0,1307879.0,1767095.0,227005.0,-57565425.0,15949876.8,7796608.800000001,6.94440044828434,6.716320852311261,0.0,0.0,-0.2116264335901733,6.94440044828434,-0.2114911763016733,87.87810909090909,-1.9405187831502784,1.6416104003357763,0.0,1.475575427854012,0.0,0.015805851543953024,6.350728163690984,-0.17894549106081126,-8.534005358005627,-0.845526170798898,-0.0652173913043479,0.9252380249079069,-0.9494845421609873,1.5493910296261444,-0.4076074992662166,-0.061035513514881165,-0.0600420724195866,0.5265215517101745,-0.9235996565390424,-0.3319738517592145,Electrical Equipment & Parts,Industrials,IPWR
2017Q4,2017,Q4,2018-04-02,2017-12-31,-1936643.0,238590.0,-1940939.0,-1.38,-109024.0,-0.4569512553,13566987.0,11580123.0,10777902.0,1530630.0,1986864.0,251363.0,-55509263.0,19867362.0,9845115.0,8.276778094645882,7.041480958820878,0.0,0.0,-0.1674238365357516,8.276778094645882,-0.1672385517839491,83.2698855777694,-2.564664989881976,1.7156434348754326,0.0,1.3829163401137001,0.0,0.017586071247801743,6.692231956775968,-0.14274672777382333,-11.970886457303994,-0.45695125529150427,0.12658227848101278,0.9386923070635574,-0.9509889453603313,13.083341758270226,-5.175405001723411,0.1251690582518044,0.1262793365096171,0.5113288516913163,-0.7619649663127909,-0.3570224077545295,Electrical Equipment & Parts,Industrials,IPWR
2017Q3,2017,Q3,2017-11-09,2017-09-30,-2213734.0,444640.0,-2221464.0,-1.58,26111.0,0.0587239115,15274878.0,13244192.0,12567576.0,1537598.0,2030686.0,327461.0,-53570472.0,36234618.0,24552731.0,9.466763877571443,8.173512192393591,0.0,0.0,-0.16743884895238534,9.466763877571443,-0.16714753153684273,81.49203400503778,-4.092024832251751,2.7358873987933725,0.0,1.2781033466580753,0.0,0.02910923412939861,7.849234975591799,-0.1449264602964423,-21.927854872198623,0.05872391147894926,0.31004366812227074,0.8479726535548253,-0.871018533809856,0.0,1.0510739595375158,0.30891864302014493,0.30953782575641253,0.39842653280131635,-0.4909989200170658,-0.37868379023625826,Electrical Equipment & Parts,Industrials,IPWR
2017Q2,2017,Q2,2017-08-11,2017-06-30,-3203290.0,253370.0,-3217358.0,-2.29,-511239.0,-2.0177566405,17010941.0,15127734.0,14160621.0,1393266.0,1883207.0,366535.0,-51352873.0,29377488.0,16041580.0,10.81380457035673,10.163616280021188,0.0,0.0,-0.2122134477054763,10.81380457035673,-0.21174949268674342,115.94698662035758,-2.2927590071457784,1.9419622264643204,0.0,2.08604635300858,0.0,0.014894531701685403,9.7192883483843,-0.18830763095351397,-14.579347863307671,-2.0177566404862453,0.18794326241134746,0.3930998056164088,-0.7667290560212617,0.0,-0.17456003308367413,-0.045513755110819974,-0.04700179796122587,0.009056782154548639,-0.7734455864246289,-0.38049197993147543,Electrical Equipment & Parts,Industrials,IPWR
2017Q1,2017,Q1,2017-05-12,2017-03-31,-3063843.0,275670.0,-3072925.0,-2.82,-435260.0,-1.5789168208,19885613.0,18224381.0,17073058.0,1394294.0,1661232.0,851863.0,-48142549.0,35358992.5,20008077.5,16.75082745923827,12.244948339446344,0.0,0.0,-0.16836661171802209,16.75082745923827,-0.16811780877495922,128.26565277324337,-2.885183126224157,1.9402026603811673,0.0,0.8345590781616293,0.0,0.013862786125828759,11.41537007259588,-0.15407334941095355,-14.017578965103718,-1.5789168208365074,0.030927835051546494,0.4884074901456607,-0.7162481705996325,0.0,-10.646064108738695,-0.10220765807363513,-0.09815210760652389,-0.39531237339065306,-0.39077118248192394,-0.1402579073389761,Electrical Equipment & Parts,Industrials,IPWR
2016Q4,2016,Q4,2017-03-29,2016-12-31,-2779733.0,370710.0,-2798269.0,-2.91,-37374.0,-0.1008173505,9001276.0,7239962.0,6141314.0,1495896.0,1761314.0,1245147.0,-45074165.0,31518630.0,27313714.0,7.5802389253593825,4.10544182215876,0.0,0.0,-0.385218900587961,7.5802389253593825,-0.3839430372700851,85.0223355183297,-2.834681424438966,4.353424783168752,0.0,0.3277396162862698,0.0,0.041184161001173614,3.0640993758924417,-0.30881543905552944,-12.098070020623654,-0.10081735048960104,0.045901639344262196,0.8710958336494902,-0.8884487141671964,12.066458046484485,0.8748639789464521,0.044998955582001926,0.046202902700233826,0.6346633268404944,0.07020375520913051,-0.6423657820540871,Electrical Equipment & Parts,Industrials,IPWR
2016Q3,2016,Q3,2016-11-14,2016-09-30,-2910712.0,439270.0,-2933820.0,-3.05,-298667.0,-0.6799166799,11607471.0,9649687.0,8675561.0,1694148.0,1957784.0,1262810.0,-42285164.0,49368381.7,42554943.7,10.105431871995107,5.120899118613014,0.0,0.0,-0.3028305807238605,10.105431871995107,-0.30163797022639177,112.38732829467071,-4.240232432820561,5.1160604172964375,0.0,0.584361067777417,0.0,0.0378437301286387,4.287380441378203,-0.2507619446130858,-18.02809279385805,-0.6799166799462745,-0.18217054263565882,0.7071393033070668,-0.8133122166799246,0.0,-13.885240950860693,-0.18280179871931054,-0.1858168572551061,0.8705543338119238,-0.8880334365955445,1.2990482098857734,Electrical Equipment & Parts,Industrials,IPWR
2016Q2,2016,Q2,2016-08-12,2016-06-30,-2460862.0,322116.0,-2474092.0,-2.58,23179.0,0.0719585491,14398421.0,12200271.0,11461987.0,1936297.0,2198150.0,1263069.0,-39362898.0,47070358.199999996,37518506.199999996,12.778176825091592,5.9195397193715635,0.0,0.0,-0.20224626698906206,12.778176825091592,-0.201705519492149,146.1285940468651,-4.781897379861203,3.8581403806522,0.0,0.23667511434450533,0.0,0.022371619776918594,5.145383172106345,-0.17091193541291785,-17.263351654034356,0.07195854909411516,0.1194539249146758,0.31687047266154605,-0.5654772377504088,0.0,11.264021164021164,0.11915075787350138,0.1198396559746933,0.8757602117825619,-0.9232025767386131,1.4973864309554115,Electrical Equipment & Parts,Industrials,IPWR
2016Q1,2016,Q1,2016-05-13,2016-03-31,-2793738.0,496644.0,-2810956.0,-2.93,1890.0,0.0038055428,16498421.0,14287938.0,13737566.0,1951007.0,2210483.0,720568.0,-36895421.0,43147829.6,30869371.6,14.967492075198146,7.041269457259764,0.0,0.0,-0.1961319087868563,14.967492075198146,-0.1955312236097329,86.87878963603708,-3.861119904586615,3.019877997790864,0.0,0.6866166690721764,0.0,0.030102517083301486,6.522902788149914,-0.16933365926351376,-15.524353629103636,0.003805542803295721,0.08722741433021801,0.468333439112935,-0.4173733338737956,0.0,-0.8521473832433701,0.0769799546442108,0.07758149962459507,0.8510231072087512,-0.7974068213084984,2.1841203489562315,Electrical Equipment & Parts,Industrials,IPWR
2015Q4,2015,Q4,2016-03-30,2015-12-31,-3026736.0,967391.0,-3047376.0,-3.21,12783.0,0.0132138918,19250154.0,16671233.0,16839524.0,2578921.0,2578921.0,648009.0,-34093074.0,75457840.0,60435554.0,17.674752418039,6.529678109565977,0.0,0.0,-0.18217134463632917,17.674752418039,-0.1815544177206329,78.0013872363915,-6.232608327914955,4.526230303421469,0.0,1.4731400335489166,0.0,0.05025367589267078,6.163492406320318,-0.15723178110679012,-27.698624756583936,0.01321389179762888,-0.032154340836012894,0.8578727268286322,-0.705231323244115,26.803527836288545,-0.7591067558654481,-0.04148585888442215,-0.03997949646904489,0.8578727268286322,-0.705231323244115,26.803527836288545,Electrical Equipment & Parts,Industrials,IPWR
2015Q3,2015,Q3,2015-11-13,2015-09-30,-2906171.0,895490.0,-2930227.0,-3.11,53065.0,0.0592580598,21035135.0,18907918.0,18874925.0,2127217.0,2127217.0,586144.0,-31056018.0,61844415.89999999,44517827.89999999,20.208993190604296,8.873060435301147,0.0,0.0,-0.15433478312887064,20.208993190604296,-0.1537012694893219,69.06209550078727,-5.320094369877064,3.270821033812395,0.0,1.4372321477316155,0.0,0.04257115535507616,8.519181164874105,-0.13815794384015126,-22.701896596280147,0.05925805983316396,-0.10283687943262414,0.7015700988297076,-0.6115774716271467,0.0,-0.6286538044353005,-0.27032454314062926,-0.27565289431054996,0.7015700988297076,-0.6115774716271467,0.0,Electrical Equipment & Parts,Industrials,IPWR
2015Q2,2015,Q2,2015-08-13,2015-06-30,-2287739.0,1199037.0,-2297041.0,-2.82,142899.0,0.1191781405,23405107.0,21369263.0,21675104.0,2035844.0,2035844.0,665481.0,-28137819.0,67988113.30000001,48022322.30000001,26.370509176932845,10.646741105900059,0.0,0.0,-0.10727466659225031,26.370509176932845,-0.10705745911779924,56.70226465071554,-7.429618643123189,3.1815843765879994,0.0,1.5870295320227024,0.0,0.05122971665970166,10.179195950180858,-0.0977452912306703,-31.015512885549175,0.11917814045771732,0.09032258064516137,0.25174120774843095,0.9057344042453107,0.0,-0.1994005266401479,-0.045333729338252936,-0.04531117816799403,0.25174120774843095,0.9057344042453107,0.0,Electrical Equipment & Parts,Industrials,IPWR
2015Q1,2015,Q1,2015-05-06,2015-03-31,-2188525.0,1197991.0,-2197471.0,-3.1,178490.0,0.1489911026,9039057.0,7334424.0,7500896.0,1704633.0,1704633.0,233961.0,-25845429.0,66603448.00000001,60434073.00000001,10.395402135937466,4.400299653943107,0.0,0.0,-0.29899946833456087,10.395402135937466,-0.2983908484156356,55.59595021999331,-7.608257616431159,9.08093778052646,0.0,4.35756814169883,0.0,0.13253495359084472,4.1081247400466845,-0.24211872986308194,-36.44613228604465,0.14899110260427667,-0.09540636042402827,0.43649083368540614,0.9014920843231727,0.0,1.9407579191482633,-0.09727891975039384,-0.09564796403734277,0.43649083368540614,0.9014920843231727,0.0,Electrical Equipment & Parts,Industrials,IPWR
2014Q4,2014,Q4,2015-03-25,2014-12-31,-1994502.0,504444.0,-2005636.0,-2.83,-189730.0,-0.3761170715,10278735.0,9063980.0,8873475.0,1214755.0,1214755.0,251338.0,-23652431.0,51119910.599999994,43207899.599999994,12.872576267768356,7.304744578124807,0.0,0.0,-0.22065952316643292,12.872576267768356,-0.22004704335181674,101.33911910935603,-6.40760332654467,5.639896667909682,0.0,2.761914235014204,0.0,0.04907646709444304,6.880837699783084,-0.1940415819650959,-28.115112999632608,-0.3761170714687854,-0.07604562737642592,0.8745420245319749,-0.794101507326556,19.792788277537905,-0.565119118326404,-0.08089790578611737,-0.07919186897115409,0.8745420245319749,-0.794101507326556,19.792788277537905,Electrical Equipment & Parts,Industrials,IPWR
2014Q3,2014,Q3,2014-11-13,2014-09-30,-1845227.0,438029.0,-1858461.0,-2.63,-121224.0,-0.2767487997,11859954.0,10688723.0,10580647.0,1171231.0,1171231.0,343911.0,-21652362.0,52964382.5,43234114.5,15.236627869682046,9.033783258810601,0.0,0.0,-0.17324991546396049,15.236627869682046,-0.17263306383746682,120.91524191320666,-7.17586271228418,4.95516466279461,0.0,1.6261561857573616,0.0,0.03693344847711888,8.649051297310265,-0.1555846675290646,-37.32385738617906,-0.2767487997370037,-0.13852813852813844,0.7472838236149066,-0.7465988359111764,0.0,-1.1416532692613466,-0.13890949715153347,-0.13670259419508024,0.7472838236149066,-0.7465988359111764,0.0,Electrical Equipment & Parts,Industrials,IPWR
2014Q2,2014,Q2,2014-08-13,2014-06-30,-1620170.0,560526.0,-1634958.0,-2.31,-56603.0,-0.1009819348,13173722.0,12238834.0,11974182.0,934888.0,934888.0,246933.0,-19800518.0,64715775.8,53566455.8,17.455471470991775,12.808146002515809,0.0,0.0,-0.13298083862920548,17.455471470991775,-0.13237944072123212,115.45543971198481,-9.985954529462957,5.2877403027118435,0.0,2.499175889816266,0.0,0.042548795245565374,12.359050495888278,-0.12298498480535722,-49.772866325904346,-0.10098193482550319,-0.14356435643564358,0.3875530066161227,0.02964643370822115,0.0,0.481652762387934,-0.14693774976019483,-0.1442242485192938,0.3875530066161227,0.02964643370822115,0.0,Electrical Equipment & Parts,Industrials,IPWR
2014Q1,2014,Q1,2014-05-14,2014-03-31,-1412605.0,291095.0,-1428879.0,-2.02,-109199.0,-0.3751318298,14419129.0,13636731.0,13522674.0,782398.0,782398.0,507599.0,-18172954.0,56342755.0,43898212.0,19.483549313483163,17.28362546939026,0.0,0.0,-0.10418152246675322,19.483549313483163,-0.10358824266607591,193.55452687267044,-9.971427787668881,4.131690725585186,0.0,0.7886028144263484,0.0,0.02018811261068543,16.340688498692483,-0.09796742923931119,-33.28877814179239,-0.37513182981500887,0.7465495608531995,0.6333491198023612,-0.5342442424894839,0.0,0.6860618222380662,0.7466492936300261,0.09234186735508002,0.6333491198023612,-0.5342442424894839,0.0,Electrical Equipment & Parts,Industrials,IPWR
2013Q4,2013,Q4,2014-03-28,2013-12-31,-5575690.0,253838.0,-1574248.0,-7.97,-347836.0,-1.3703070462,15835286.0,14834948.0,15140655.0,1000338.0,1000338.0,519657.0,-16752212.0,37165221.0,23028124.0,21.195507993884927,15.135539187754539,0.0,0.0,-0.16550589278475683,21.195507993884927,-0.37584830091753607,146.4131493314634,-1.6663955940879067,2.5052478107776315,0.0,1.157829106506792,0.0,0.016029896776098645,14.384640991344925,-0.35210541824126196,-32.10352277164092,-1.3703070462263334,0.6615711252653929,0.647163354185824,-0.8957663105835345,31.943510131790934,-28.767736414206247,-0.5995847045265658,-0.8656095754451456,0.647163354185824,-0.8957663105835345,31.943510131790934,Electrical Equipment & Parts,Industrials,IPWR
2013Q3,2013,Q3,2013-09-30,2013-09-30,-3485711.0,608167.0,-843825.0,-23.55,-11685.0,-0.0192134726,2750735.0,-5002092.0,2097530.0,6560137.0,7752827.0,380744.0,-13177243.0,7919391.0,13517978.0,-33.79198248956264,0.31973874935843566,2.136654748639909,-1.1749825872854798,-1.5523365984806976,-33.79198248956264,0.6968506376931892,13.021737450404247,-0.5679896440066317,-1.5832157825165951,0.0,1.6280020171033556,0.0,0.22109254435632658,0.19024922802679273,-1.2671925867086433,-11.233019389795889,-0.01921347261525206,-0.1349397590361446,-1.262421796859737,0.6673529814941742,0.0,0.7093717355618564,-0.13508242566970857,0.0665941762865752,-1.262421796859737,0.6673529814941742,0.0,Electrical Equipment & Parts,Industrials,IPWR
2013Q2,2013,Q2,2013-06-30,2013-06-30,-3070888.0,650284.0,-904028.0,-20.75,-40206.0,-0.0618283704,2000794.0,-3802883.0,1382451.0,4630987.0,5803677.0,233087.0,-11012475.0,7919391.0,12107462.0,-25.690642184481106,0.29852189176950833,2.279399578367388,-1.1992504108067485,-1.8434684529920333,-25.690642184481106,0.8075157715869775,12.17835745612686,-0.6447150628743218,-2.0824703258028183,0.0,2.9623702737604414,0.0,0.32501296985096917,0.21731306954651353,-1.5348346706357576,-9.617354101291156,-0.06182837037355986,-0.05651731160896127,-4.498476270282078,4.658038301241614,0.0,-4.058420812414423,-0.05603844931724676,-0.21988897195151902,-4.498476270282078,4.658038301241614,0.0,Electrical Equipment & Parts,Industrials,IPWR
2013Q1,2013,Q1,2013-03-31,2013-03-31,-2907932.0,380135.0,-741074.0,-19.64,13146.0,0.034582451,2325766.0,-1871075.0,1769470.0,3044151.0,4196841.0,209942.0,-9025017.0,7919391.0,10206627.0,-12.640178076824341,0.5812688003978778,1.5062658926134442,-1.8723044239274214,-0.7236723348672579,-12.640178076824341,1.5541504215491095,20.833101398187488,-0.6808438952492699,-4.232535307243163,0.0,1.7480494612797821,0.0,0.16344507572988856,0.4992774668536482,-1.2503115102723146,-10.20125979789132,0.03458245097136543,0.13020372010628867,-2.568785406419055,1.875845425247008,0.0,-0.803121068711436,0.1299113434327416,0.46894384122361465,-2.568785406419055,1.875845425247008,0.0,Electrical Equipment & Parts,Industrials,IPWR
2012Q4,2012,Q4,2012-12-31,2012-12-31,-3342110.0,515044.0,-1395472.0,-22.58,66772.0,0.1296432926,3207003.0,-101394.0,2704310.0,2175707.0,3308397.0,217867.0,-7200514.0,7919391.0,8392926.0,-0.6849742612784241,1.2429568871176129,0.762654727794143,-24.122097954514075,-0.839799534069728,-0.6849742612784241,32.96161508570527,15.376144562406319,-0.5923945501494564,-78.10512456358364,0.0,2.0575488715592543,0.0,0.1605997874027558,1.129736219077293,-1.0421287413825306,-7.480961755365074,0.12964329261189336,-1.169068203650336,0.0,0.0,0.0,0.9866115259885156,-1.1692166996928017,-1.3485480111413113,0.0,0.0,0.0,Electrical Equipment & Parts,Industrials,IPWR
2012Q3,2012,Q3,2012-09-30,2012-09-30,-1540699.0,364750.0,-594185.0,-10.41,33611.0,0.0921480466,,,,,,,,7919391.0,,,0.0,0.0,0.0,0.0,,0.0,21.711832762165866,-1.285032150991206,0.0,0.0,0.0,0.0,0.0,0.0,0.0,-10.460317082932125,0.09214804660726525,-1.7612732095490717,0.0,0.0,0.0,0.3844221105527638,-1.7586473004379604,-0.3475905144650779,0.0,0.0,0.0,Electrical Equipment & Parts,Industrials,IPWR
2012Q2,2012,Q2,2012-06-30,2012-06-30,-558498.0,114931.0,-440924.0,-3.77,24278.0,0.2112397874,,,,,,,,7919391.0,,,0.0,0.0,0.0,0.0,,0.0,68.90561293297718,-3.5449504743078757,0.0,0.0,0.0,0.0,0.0,0.0,0.0,-18.174161790017212,0.21123978735067128,0.3145454545454545,0.0,0.0,0.0,-0.45571124313417777,0.31457836293481783,0.27446908639748835,0.0,0.0,0.0,Electrical Equipment & Parts,Industrials,IPWR
2012Q1,2012,Q1,2012-03-31,2012-03-31,-814824.0,132182.0,-607726.0,-5.5,44605.0,0.3374513928,,,,,,,,7919391.0,,,0.0,0.0,0.0,0.0,,0.0,59.91277934968453,-2.429785757415098,0.0,0.0,0.0,0.0,0.0,0.0,0.0,-24.06531866208418,0.33745139277662617,0.0,0.0,0.0,0.0,0.0,0.0,0.0,0.0,0.0,0.0,Electrical Equipment & Parts,Industrials,IPWR
