Quarters,Year,Quarter,FillingDate,Date,NetIncome,Revenue,OperatingIncome,EPSDiluted,GrossProfit,GrossProfitRatio,TotalAssets,CommonStockEquity,CurrentAssets,CurrentLiability,TotalLiability,Inventory,RetainedEarnings,MarketCap,EnterpriseValue,bookValuePerShare,currentRatio,debtToAssets,debtToEquity,roic,shareholdersEquityPerShare,roe,priceToSalesRatio,peRatio,pbRatio,payoutRatio,inventoryTurnover,dividendYield,assetTurnover,quickRatio,returnOnAssets,priceToFreeCashFlowsRatio,grossProfitMargin,epsdilutedGrowth,fiveYNetIncomeGrowthPerShare,fiveYRevenueGrowthPerShare,fiveYShareholdersEquityGrowthPerShare,grossProfitGrowth,netIncomeGrowth,operatingIncomeGrowth,threeYNetIncomeGrowthPerShare,threeYRevenueGrowthPerShare,threeYShareholdersEquityGrowthPerShare,Industry,Sector,Symbol
2023Q3,2023,Q3,2023-05-11,2023-04-01,186700000.0,1509500000.0,226300000.0,0.78,1098300000.0,0.7275919179,6984400000.0,2263400000.0,2218900000.0,1146100000.0,4721000000.0,934100000.0,-1170500000.0,10113606000.0,11103106000.0,9.647911338448424,1.9360439752203125,0.23648416470992498,0.7297428647167977,0.03415732353306788,9.647911338448424,0.08248652469735795,6.699970851275257,13.542589716122121,4.468324644340372,0.3749330476700589,0.4402098276415801,0.006921369094267663,0.21612450604203653,0.9559375272663816,0.026731000515434398,141.2514804469274,0.7275919178535939,-0.42647058823529416,0.6234101933562171,0.3925535297366797,-0.12006621253539229,-0.20945800043187215,-0.43407093058502577,-0.45887135341941654,1.3245113588705053,0.6561254671169015,0.043354479082530976,Luxury Goods,Consumer Cyclical,TPR
2023Q2,2023,Q2,2023-02-09,2022-12-31,329900000.0,2025400000.0,418200000.0,1.36,1389300000.0,0.68593858,7257700000.0,2313200000.0,2498600000.0,1338600000.0,4944500000.0,975800000.0,-1085200000.0,9112544000.0,11585944000.0,9.666527371500209,1.8665770207679666,0.4551855270953608,1.4281514784713816,0.04565856481481865,9.666527371500209,0.1426162891232924,4.499133010763306,6.905535010609276,3.939367110496282,0.2167323431342831,0.6518753843000615,0.007846326997159082,0.2790691265828017,0.8210070222620648,0.045455171748625595,16.529192816978053,0.6859385800335737,0.7215189873417722,5.205900516802699,0.349000644971737,-0.06756389869403634,0.31737151526645174,0.6891961085509473,0.6445143531262288,0.27340955967623104,0.28635649867178675,-0.19697762023415072,Luxury Goods,Consumer Cyclical,TPR
2023Q1,2023,Q1,2022-11-10,2022-10-01,195300000.0,1506500000.0,254300000.0,0.79,1054600000.0,0.7000331895,7080000000.0,2255400000.0,2387400000.0,1308400000.0,4824600000.0,1139800000.0,-1143600000.0,6865845000.0,9573745000.0,9.339130434782609,1.8246713543258941,0.4568361581920904,1.43406934468387,0.029842719639920245,9.339130434782609,0.08659217877094973,4.557480916030534,8.788844086021506,3.0441806331471133,0.3722478238607271,0.396473065450079,0.010588645680174837,0.21278248587570622,0.6318404157749924,0.027584745762711863,-34.72860394537177,0.7000331895121141,0.05333333333333338,13.939130434782609,0.3706482825886968,-0.10039396628216496,-0.057719799857040746,0.034427966101694914,0.3162525879917184,10.499652173913045,0.3065132084205653,-0.13957410487797658,Luxury Goods,Consumer Cyclical,TPR
2022Q4,2022,Q4,2022-08-18,2022-07-02,188800000.0,1624900000.0,193200000.0,0.75,1119200000.0,0.6887808481,7265300000.0,2285500000.0,2573800000.0,1468800000.0,4979800000.0,994200000.0,-1166200000.0,7631032000.0,10102632000.0,9.230613893376413,1.7523148148148149,0.4489009400850619,1.4269962809013346,0.02242699185703206,9.230613893376413,0.08260774447604463,4.696308695919749,10.104650423728813,3.338889520892584,0.326271186440678,0.5086501709917521,0.008072302671512844,0.22365215476305178,0.820738017429194,0.025986538752701197,35.004733944954125,0.6887808480521879,0.6304347826086956,0.4235050685659458,0.6392032055982269,-0.12918156680628926,0.11352104268232016,0.5387123064384678,0.13982300884955753,0.48048749526685214,0.2533843827879839,-0.2404592484274148,Luxury Goods,Consumer Cyclical,TPR
2022Q3,2022,Q3,2022-05-12,2022-04-02,122700000.0,1437500000.0,169500000.0,0.46,1005100000.0,0.6992,7338200000.0,2535000000.0,2558600000.0,1733300000.0,4803200000.0,913000000.0,-943300000.0,9384989000.0,11831689000.0,9.75375144286264,1.4761437719956152,0.443255839306642,1.2831163708086786,0.018400830990486564,9.75375144286264,0.048402366863905325,6.528688,19.121819478402607,3.7021652859960548,0.5321923390383048,0.47360350492880615,0.006957919716261788,0.19589272573655664,0.8595742225812035,0.016720721702869912,-170.32647912885662,0.6992,-0.6,0.08483622997388526,0.5605881683407791,-0.05292250591105183,-0.31034719363249624,-0.6140295690468701,-0.5825123152709359,0.16618696877910713,0.20473358936830094,-0.1989726103222232,Luxury Goods,Consumer Cyclical,TPR
2022Q2,2022,Q2,2022-02-10,2022-01-01,317900000.0,2141200000.0,406000000.0,1.15,1457400000.0,0.6806463665,7929400000.0,2927400000.0,3058500000.0,1843700000.0,5002000000.0,750000000.0,-501000000.0,11006660000.0,13061160000.0,10.798229435632608,1.6588924445408688,0.41767346835826163,1.1313452210152353,0.04155401415436082,10.798229435632608,0.10859465737514518,5.140416588828694,8.655756527209816,3.759875657580105,0.21358917898710286,0.9117333333333333,0.00616899222834175,0.2700330415920498,1.1508922275858329,0.0400913057734507,18.103059210526315,0.6806463665234448,0.43749999999999983,0.6470842375699292,0.6762071649840544,0.07747976119488695,0.3637129222419762,0.4010577346848832,0.376271186440678,0.3341657946837901,0.27148268542805937,-0.10262392117019456,Luxury Goods,Consumer Cyclical,TPR
2022Q1,2022,Q1,2021-11-12,2021-10-02,226900000.0,1480900000.0,295000000.0,0.8,1068700000.0,0.7216557498818286,8014100000.0,3150000000.0,3086200000.0,1646600000.0,4864100000.0,818300000.0,-251200000.0,10577164000.0,12699864000.0,11.322789360172537,1.8742864083566135,0.4211701875444529,1.0715238095238095,0.029113079095419568,11.322789360172537,0.07203174603174603,7.1423890877169285,11.653992948435436,3.3578298412698415,0.30674305861613044,0.5037272393987535,0.006580213751058411,0.18478681324166157,1.2666707154135795,0.028312599044184626,-911.8244827586207,0.7216557498818286,0.15942028985507262,0.9417400372558072,0.43390525583841943,0.15987525239810313,-0.08352628419518052,0.13563563563563563,0.1359260685406238,0.9259637207536123,0.11303603926028952,-0.011958675604958637,Luxury Goods,Consumer Cyclical,TPR
2021Q4,2021,Q4,2021-08-19,2021-07-03,199800000.0,1615400000.0,259700000.0,0.69,1166100000.0,0.7218645536709174,8382400000.0,3259300000.0,3375300000.0,1425800000.0,5123100000.0,734800000.0,-158500000.0,11910672000.0,13338972000.0,11.673710601719197,2.3673025669799412,0.4099064707005154,1.0542140950510845,0.025084469028519202,11.673710601719197,0.061301506458442,7.373202921876935,14.903243243243242,3.6543650477096308,0.0,0.6114589003810561,0.0,0.1927133040656614,1.7271005751157245,0.023835655659476998,35.875518072289154,0.7218645536709174,1.1562499999999998,1.4427531773515916,0.39408815466922636,0.21049099459475953,0.2787586358153306,1.178844056706652,1.2253641816623821,-0.026802741620907587,0.12269097835446993,0.03583223886918469,Luxury Goods,Consumer Cyclical,TPR
2021Q3,2021,Q3,2021-05-06,2021-03-27,91700000.0,1273300000.0,116700000.0,0.32,911900000.0,0.7161705803816854,7966000000.0,3015000000.0,2896600000.0,1291100000.0,4951000000.0,700300000.0,-358300000.0,11628760000.0,13497960000.0,10.837526959022286,2.243513283246844,0.44199096158674367,1.1677943615257047,0.013248677111904047,10.837526959022286,0.030414593698175788,9.132773109243697,31.703271537622683,3.8569684908789386,0.0,0.516064543766957,0.0,0.15984182776801406,1.5898845945317945,0.011511423550087873,64.92886655499721,0.7161705803816854,-0.7117117117117117,-0.18606086748142825,0.2307320015189534,0.14674525375805259,-0.22305529522024367,-0.705144694533762,-0.7003081664098614,-0.32760547517310395,-0.009440876727628182,-0.011567808899879413,Luxury Goods,Consumer Cyclical,TPR
2021Q2,2021,Q2,2021-02-04,2020-12-26,311000000.0,1685400000.0,389400000.0,1.11,1173700000.0,0.6963925477631423,8150400000.0,2890700000.0,2877200000.0,1533100000.0,5259700000.0,631900000.0,-450000000.0,8560875000.0,10726875000.0,10.416936936936937,1.8767203704911617,0.4672899489595603,1.3175355450236967,0.0371098975973925,10.416936936936937,0.10758639775832843,5.079432182271271,6.88173231511254,2.961523160480161,0.0,0.8097800284855199,0.0,0.20678739693757361,1.3620116104624618,0.0381576364350216,13.532840657603542,0.6963925477631423,0.33734939759036164,0.8289951326988367,0.3236044523091156,0.12637467132539768,0.4137557215128885,0.3422529132498921,0.9258160237388724,4.045016535522865,-0.031980619274736936,0.004820830866806233,Luxury Goods,Consumer Cyclical,TPR
2021Q1,2021,Q1,2020-11-04,2020-09-26,231700000.0,1172200000.0,202200000.0,0.83,830200000.0,0.7082409145197065,8133400000.0,2530100000.0,2845500000.0,1819000000.0,5603300000.0,811200000.0,-761000000.0,4528448000.0,7395948000.0,9.140534682080926,1.5643210555250138,0.5386923058007721,1.731710209082645,0.02809975416507244,9.140534682080926,0.09157740800758864,3.8632042313598363,4.886111350884765,1.7898296510019365,0.0,0.42159763313609466,0.0,0.14412176949369268,1.0383727322704783,0.028487471414168738,70.757,0.7082409145197065,1.7830188679245282,1.406131949607848,0.13895996115391504,0.023991170569890596,0.6640609340549208,1.7886317222600407,1.7221428571428572,14.393063583815028,-0.06951439974132173,-0.11952400613424548,Luxury Goods,Consumer Cyclical,TPR
2020Q4,2020,Q4,2020-08-13,2020-06-27,-293800000.0,714800000.0,-280000000.0,-1.06,498900000.0,0.6979574706211528,7924200000.0,2276400000.0,2553100000.0,1742100000.0,5647800000.0,736900000.0,-992700000.0,3466310000.0,6528010000.0,8.241853729181752,1.465530107341714,0.5663663208904369,1.9715340010542963,-0.03054663716666944,8.241853729181752,-0.12906343349147778,4.849342473419139,-2.9495490129339688,1.5227156914426287,-0.31722260040844114,0.29298412267607543,0.02688738168253849,0.09020468943237173,0.960737041501636,-0.037076297922818705,-48.412150837988825,0.6979574706211528,0.5673469387755102,-26.1292943921474,-0.2876032308087168,-0.08508439264796326,-0.19036027263875366,0.5660906808447792,0.5915390226112327,-2.9858012760999286,-0.3535757117006002,-0.22246144904751244,Luxury Goods,Consumer Cyclical,TPR
2020Q3,2020,Q3,2020-05-06,2020-03-28,-677100000.0,1072700000.0,-685500000.0,-2.45,616200000.0,0.5744383331779621,7743000000.0,2553100000.0,2131900000.0,1138900000.0,5189900000.0,852900000.0,-699000000.0,3840551000.0,6947351000.0,9.247011952191235,1.8718939327421196,0.49714580911791295,1.5077356938623634,-0.07608418875417874,9.247011952191235,-0.2652070032509498,3.580265684720798,-1.4180146950228918,1.5042697113313228,-0.1374981538915965,0.5352327353734319,0.024241313290723127,0.1385380343536097,0.9866537887435245,-0.08744672607516467,-23.094113048707154,0.5744383331779621,-3.2685185185185186,-8.68001731593901,0.15347354212275455,0.004310749757730154,-0.49061750847317515,-3.2660642570281126,-2.887909666758469,-6.635238542926938,0.09622224344364724,-0.10212629891237643,Luxury Goods,Consumer Cyclical,TPR
2020Q2,2020,Q2,2020-02-06,2019-12-28,298800000.0,1816000000.0,363100000.0,1.08,1209700000.0,0.6661343612334801,8700100000.0,3322400000.0,2511400000.0,1252300000.0,5377700000.0,748300000.0,71300000.0,7418880000.0,10350980000.0,12.03768115942029,2.0054300087838377,0.44010988379443916,1.1524801348422826,0.03257350892531176,12.03768115942029,0.08993498675656152,4.085286343612335,6.20722891566265,2.2329882013002647,0.3253012048192771,0.8102365361486035,0.013101708074534162,0.20873323295134538,1.2564880619659826,0.03434443282261124,14.67051611627447,0.6661343612334801,14.428571428571427,0.625977964696126,0.4870986681499335,0.3175476280922286,0.3227993439037726,13.94,6.036821705426356,0.5206396551348762,0.39639002470467877,0.20115597638553992,Luxury Goods,Consumer Cyclical,TPR
2020Q1,2020,Q1,2019-11-07,2019-09-28,20000000.0,1357900000.0,51600000.0,0.07,914500000.0,0.6734663819132484,8450100000.0,3086900000.0,2203900000.0,1212000000.0,5363200000.0,880200000.0,-134300000.0,7391556000.0,10761056000.0,10.85407876230661,1.8183993399339935,0.4605389285333901,1.2606822378437914,0.004183956569882129,10.85407876230661,0.0064789918688652045,5.443372855143973,92.39444999999999,2.3944915611130906,4.84,0.5037491479209271,0.013096024707111737,0.16069632312043644,0.9522277227722772,0.00236683589543319,-111.6549244712991,0.6734663819132484,-0.8627450980392157,-0.8376241879733255,0.26397635321941854,0.22325792370571612,-0.08476781425140112,-0.8656816655473473,-0.696291936433196,-0.8325773857872277,0.2861453307806505,0.1118618339984232,Luxury Goods,Consumer Cyclical,TPR
2019Q4,2019,Q4,2019-08-15,2019-06-29,148900000.0,1513700000.0,169900000.0,0.51,999200000.0,0.6601043799960362,6877300000.0,3513400000.0,2556800000.0,918000000.0,3363900000.0,778300000.0,291600000.0,9173143000.0,9806643000.0,12.15288827395365,2.785185185185185,0.2330420368458552,0.4561678146524734,0.03108190635223778,12.15288827395365,0.042380599988615014,6.060079936579243,15.401516118200137,2.610901975294586,0.6574882471457354,0.6610561480149043,0.010672459810121786,0.22010091169499657,1.729520697167756,0.02165093859508819,92.192391959799,0.6601043799960362,0.27499999999999997,0.8762889444572023,0.2636729708856323,0.3767365587502182,0.09094879353641228,0.2683134582623509,0.6058601134215501,0.7581103190990442,0.2615872515232858,0.26017873115431256,Luxury Goods,Consumer Cyclical,TPR
2019Q3,2019,Q3,2019-05-09,2019-03-30,117400000.0,1331400000.0,105800000.0,0.4,915900000.0,0.6879224876070302,6969900000.0,3531200000.0,2662400000.0,996600000.0,3438700000.0,811100000.0,340200000.0,9422100000.0,9949000000.0,12.176551724137932,2.6714830423439695,0.22987417323060588,0.453726778432261,0.02538856756946795,12.176551724137932,0.0332464884458541,7.076836412798558,20.06409710391823,2.6682430901676484,0.833901192504259,0.512267291332758,0.010390464970654099,0.1910213919855378,1.6695765603050372,0.01684385715720455,-145.85294117647058,0.6879224876070302,-0.5454545454545454,-0.4139890408680529,0.15277081292278857,0.40713209587350485,-0.2389696717906107,-0.5392464678178964,-0.7220908852114526,-0.0003457471264367203,0.23452655048915377,0.2884307415881457,Luxury Goods,Consumer Cyclical,TPR
2019Q2,2019,Q2,2019-02-07,2018-12-29,254800000.0,1800800000.0,380700000.0,0.88,1203500000.0,0.6683140826299423,7119300000.0,3488400000.0,2828500000.0,1081100000.0,3630900000.0,732400000.0,320700000.0,9801519000.0,10166219000.0,12.033114867195584,2.616316714457497,0.22497998398718974,0.4591503267973856,0.05179490198387002,12.033114867195584,0.07304208233000803,5.442869280319858,9.616875,2.809746302029584,0.3834379905808477,0.8155379574003276,0.009967842739477421,0.2529462166224207,1.770234020904634,0.03579003553720169,17.59382337102854,0.6683140826299423,1.0952380952380953,-0.17530900738344318,0.2211820972249647,0.38158742742861695,0.28702812533418887,1.0834014717906786,1.4140773620798985,0.4343870527228774,0.3537406930376098,0.3011306380763814,Luxury Goods,Consumer Cyclical,TPR
2019Q1,2019,Q1,2018-11-08,2018-09-29,122300000.0,1381200000.0,157700000.0,0.42,935100000.0,0.6770199826238054,6703300000.0,3309600000.0,2467500000.0,899400000.0,3393700000.0,820900000.0,163700000.0,14517976000.0,15214476000.0,11.45983379501385,2.7434956637758505,0.2388674235078245,0.48380468938844573,0.027123484942772905,11.45983379501385,0.036953106115542665,10.511132348682306,29.676974652493872,4.386625574087503,0.794766966475879,0.5434279449384821,0.006695148139106994,0.20604776751749138,1.6000667111407605,0.018244745125535183,-194.8721610738255,0.6770199826238054,-0.4246575342465754,-0.453008041190828,0.16963308194059684,0.35592984377264025,-0.06788277511961723,-0.4222957014643363,-0.15758547008547008,0.2172751606303376,0.28627019589001734,0.28381643201873363,Luxury Goods,Consumer Cyclical,TPR
2018Q4,2018,Q4,2018-08-16,2018-06-30,211700000.0,1483700000.0,187200000.0,0.73,1003200000.0,0.6761474691649255,6678300000.0,3244600000.0,2432600000.0,938200000.0,3433700000.0,673800000.0,119000000.0,13447809000.0,13805009000.0,11.269885376866968,2.5928373481134086,0.23967177275653984,0.493311964494853,0.0472684240538071,11.269885376866968,0.06524687172532824,9.06369818696502,15.880738072744451,4.144673919743574,0.4581955597543694,0.7131196200653013,0.007213070917351666,0.22216731803003759,1.6946280110850565,0.03169968405133043,40.82516393442623,0.6761474691649255,0.5208333333333334,-0.06540206685514353,0.18576928594481687,0.31602951878534047,0.10375178787545385,0.5089094796863863,0.17735849056603772,16.37126198258536,0.4186181221078331,0.2510527804996305,Luxury Goods,Consumer Cyclical,TPR
2018Q3,2018,Q3,2018-05-09,2018-03-31,140300000.0,1322400000.0,159000000.0,0.48,908900000.0,0.6873109497882638,6588000000.0,3138000000.0,2288300000.0,860100000.0,3450000000.0,714300000.0,4500000.0,15056982000.0,15625882000.0,10.964360587002096,2.6605045924892456,0.24295689131754705,0.510070108349267,0.033082402673096464,10.964360587002096,0.044710006373486294,11.386102540834846,26.82997505345688,4.798273422562142,0.68496079828938,0.5788884222315553,0.006382421125295893,0.20072859744990892,1.662829903499593,0.021296296296296296,157.83,0.6873109497882638,1.1818181818181819,-0.42384588883845487,0.09258695126980669,0.3721202475621298,-0.2280448445727875,1.2199367088607596,-0.5409930715935335,0.5351960124088707,0.3717942383990474,0.1908306443939214,Luxury Goods,Consumer Cyclical,TPR
2018Q2,2018,Q2,2018-02-07,2017-12-30,63200000.0,1785000000.0,346400000.0,0.22,1177400000.0,0.659607843137255,7481200000.0,2949400000.0,3282300000.0,1731400000.0,4531800000.0,666200000.0,-38800000.0,12583435000.0,13206535000.0,10.366959578207382,1.8957491047707058,0.3593140137945784,0.9114057096358581,0.01196345096133664,10.366959578207382,0.021428087068556315,7.049543417366947,49.77624604430379,4.266438936732894,1.5174050632911393,0.9120384268988292,0.007621130478283554,0.23859808586857723,1.4353702206307035,0.008447842592097524,27.522823709536308,0.659607843137255,4.666666666666667,-0.8219813087822108,0.1794741653199145,0.40739656502525995,0.5402930402930403,4.570621468926554,16.889908256880734,-0.6663601231665094,0.4180416021824096,0.13468389982285714,Luxury Goods,Consumer Cyclical,TPR
2018Q1,2018,Q1,2017-11-09,2017-09-30,-17700000.0,1288900000.0,-21800000.0,-0.06,764400000.0,0.5930638528978198,7454400000.0,2940000000.0,3022300000.0,1734900000.0,4514400000.0,852800000.0,-5900000.0,11407295716.8,12722795716.8,10.38135593220339,1.7420600610986223,0.3606997209701653,0.9145578231292517,-0.0016181767217063148,10.38135593220339,-0.006020408163265306,8.850411759484832,-161.119996,3.880032556734694,-5.372881355932203,0.6150328330206379,0.00833676993750081,0.1729045932603563,1.1750533171940747,-0.002374436574372183,-74.70396671119842,0.5930638528978198,-1.1132075471698115,-1.0803391551217132,0.11519403588362363,0.48148159402354174,0.013121272365805169,-1.1166776532630192,-1.1129533678756476,-1.144311502938707,0.20483264860149372,0.16998191932950787,Luxury Goods,Consumer Cyclical,TPR
2017Q4,2017,Q4,2017-08-18,2017-07-01,151700000.0,1133800000.0,193000000.0,0.53,754500000.0,0.6654612806491444,5831600000.0,3001900000.0,3953300000.0,753800000.0,2829700000.0,469700000.0,107700000.0,13406688000.000002,12313288000.000002,10.599929378531073,5.244494560891483,0.27085191028191236,0.5261667610513342,0.03562232319437731,10.599929378531073,0.050534661381125286,11.82456165108485,22.0940804218853,4.466067490589294,0.6249176005273567,0.8075367255695125,0.007071097649173307,0.1944234858357912,4.5013266118333775,0.02601344399478702,56.49678887484198,0.6654612806491444,0.2325581395348838,-0.3937345432150697,-0.013772757890644855,0.5135553129130956,0.06915119739265978,0.2414075286415712,0.2772998014559894,0.9513961566534759,-0.033757400394227546,0.20081004339280623,Luxury Goods,Consumer Cyclical,TPR
2017Q3,2017,Q3,2017-05-10,2017-04-01,122200000.0,995200000.0,151100000.0,0.43,705700000.0,0.7091036977491961,4661000000.0,2891900000.0,2769600000.0,636300000.0,1769100000.0,478700000.0,51100000.0,11605464561.6,10802764561.6,10.298789173789174,4.3526638378123526,0.1269684617034971,0.20464054773678206,0.036031492259757186,10.298789173789174,0.04225595629171133,11.661439471061094,23.742767106382978,4.013093316366403,0.7749590834697218,0.6047628995195321,0.008159949090994776,0.2135164127869556,3.384095552412384,0.02621754988199957,88.45628476829269,0.7091036977491961,-0.39436619718309857,-0.4438015283485546,-0.08096674699168341,0.5274688993654033,-0.22125358640476717,-0.38808212318477714,-0.4552992069214131,-0.37004468949393976,-0.11009083155612981,0.1901363475790845,Luxury Goods,Consumer Cyclical,TPR
2017Q2,2017,Q2,2017-02-08,2016-12-31,199700000.0,1321700000.0,277400000.0,0.71,906200000.0,0.6856321404252099,4678700000.0,2811100000.0,2765700000.0,715200000.0,1867600000.0,464900000.0,23700000.0,9823110000.0,9105010000.0,10.02174688057041,3.8670302013422817,0.12644538012695836,0.21045142470918857,0.059787888948355274,10.02174688057041,0.07103980648144854,7.432178255277295,12.297333500250376,3.494400768382484,0.4732098147220831,0.893740589374059,0.009620171208507285,0.2824930001923611,3.00755033557047,0.0426827965033022,31.214204003813155,0.6856321404252099,0.6904761904761905,-0.40623717511266466,-0.05734404066532021,0.5542259844149819,0.2679445921365608,0.7010221465076661,0.67209162145871,-0.33198649562929927,-0.07367542341281041,0.15065131878816213,Luxury Goods,Consumer Cyclical,TPR
2017Q1,2017,Q1,2016-11-09,2016-10-01,117400000.0,1037600000.0,165900000.0,0.42,714700000.0,0.6888010794140323,4584600000.0,2728500000.0,2505200000.0,697200000.0,1856100000.0,546800000.0,-81300000.0,10218520279.5,9809920279.5,9.762075134168157,3.5932300631095813,0.1289970771713999,0.2167491295583654,0.036620727599642286,9.762075134168157,0.043027304379695805,9.848226946318427,21.760051702512776,3.7451054716877406,0.8006814310051107,0.5905267008046818,0.009198983554260704,0.22632290712384942,2.5506310958118186,0.025607468481437856,-90.83129137333333,0.6888010794140323,0.4482758620689656,-0.4338290575157763,0.02417884379495416,0.5572969646782747,-0.0868787530343682,0.4404907975460123,0.4203767123287671,-0.45745226034517206,-0.09209916930685504,0.15505069692447554,Luxury Goods,Consumer Cyclical,TPR
2016Q4,2016,Q4,2016-08-19,2016-07-02,81500000.0,1154600000.0,116800000.0,0.29,782700000.0,0.6778971072232808,4892700000.0,2682900000.0,2172900000.0,826700000.0,2209800000.0,459200000.0,-104100000.0,11331086000.0,11348286000.0,9.643781452192668,2.628402080561268,0.1790831238375539,0.3265869022326587,0.024447977599661237,9.643781452192668,0.030377576503037757,9.813862809631042,34.75793251533742,4.223447016288344,1.150920245398773,0.8098867595818815,0.0082781120891678,0.23598422139105196,1.8925849764122415,0.01665746929098453,87.9742701863354,0.6778971072232808,-0.2750000000000001,-0.5807417504902724,0.16572720403992885,0.7329836438958499,0.09775596072931277,-0.27555555555555555,-0.1303052866716307,-0.627654502855068,-0.04507295662666872,0.12614287008199815,Luxury Goods,Consumer Cyclical,TPR
2016Q3,2016,Q3,2016-05-04,2016-03-26,112500000.0,1033100000.0,134300000.0,0.4,713000000.0,0.690155841641661,4676500000.0,2625400000.0,2265100000.0,731500000.0,2051100000.0,464100000.0,-91700000.0,10745304000.0,10807204000.0,9.450683945284377,3.0965140123034858,0.1889233401047792,0.3365201493105812,0.033691992073275244,9.450683945284377,0.04285061323988726,10.401029909979673,23.878453333333333,4.092825474213454,0.8328888888888889,0.6897220426632191,0.008720088328817873,0.22091307601838983,2.1129186602870815,0.024056452475141665,119.39226666666667,0.690155841641661,-0.34426229508196715,-0.35811062056411186,0.15332514542786438,0.5989649748324634,-0.17006169246886277,-0.3386243386243386,-0.4854406130268199,-0.524039508208938,-0.12062742236902316,0.18269320784721158,Luxury Goods,Consumer Cyclical,TPR
2016Q2,2016,Q2,2016-02-03,2015-12-26,170100000.0,1273800000.0,261000000.0,0.61,859100000.0,0.6744386873920553,4603700000.0,2567300000.0,2301600000.0,704000000.0,2036400000.0,438500000.0,-110400000.0,9063640555.2,9106840555.2,9.248198847262248,3.269318181818182,0.1926711123661403,0.34549916254430724,0.05046099658243339,9.248198847262248,0.06625637829626456,7.115434569948187,13.321047259259261,3.5304173860475987,0.5508524397413286,0.9457240592930445,0.010338009261217045,0.2766904880856702,2.3305397727272728,0.036948541390620586,46.24306405714286,0.6744386873920553,0.7428571428571429,-0.3997965880097692,0.07856663235054646,0.5811104853785376,0.2334529791816224,0.7645228215767634,0.8458274398868458,-0.5089613828000447,-0.13739044236171538,0.2555159680248427,Luxury Goods,Consumer Cyclical,TPR
2016Q1,2016,Q1,2015-11-04,2015-09-26,96400000.0,1030300000.0,141400000.0,0.35,696500000.0,0.6760166941667476,4554400000.0,2473500000.0,2351600000.0,751000000.0,2080900000.0,574700000.0,-186800000.0,7891808000.0,7816908000.0,8.92638036809816,3.1312916111850866,0.19565694712805198,0.36025874267232666,0.03007636918047247,8.92638036809816,0.03897311501920356,7.659718528583908,20.46630705394191,3.1905429553264604,0.9678423236514523,0.5808247781451192,0.011822385947554729,0.2262207974705779,2.0280958721704394,0.02116634463376076,-128.322081300813,0.6760166941667476,7.75,-0.454240573433452,0.20844670226554027,0.6711741519498705,0.012796277446561,7.239316239316239,2.6443298969072164,-0.5528144609897853,-0.08893022821208359,0.2738478771899432,Luxury Goods,Consumer Cyclical,TPR
2015Q4,2015,Q4,2015-08-14,2015-06-27,11700000.0,1004100000.0,38800000.0,0.04,687700000.0,0.6848919430335624,4666900000.0,2489900000.0,2506500000.0,834700000.0,2177000000.0,485100000.0,-189600000.0,9983567723.6,9582167723.6,9.008321273516643,3.0028752845333653,0.19079046047697615,0.35760472308124824,0.004132177617371239,9.008321273516643,0.004698983894935539,9.942802234438801,213.32409665811966,4.009625978392706,7.965811965811966,0.6522366522366523,0.00933534008886282,0.21515352803788382,2.090930873367677,0.002507017506267544,88.42841207794508,0.6848919430335624,-0.8750000000000001,-0.9358526676322909,0.13243399688746924,0.7732106816600324,0.03335837716003005,-0.8671963677639046,-0.6870967741935484,-0.9520908665817919,-0.10510368568103211,0.2862908833689462,Luxury Goods,Consumer Cyclical,TPR
2015Q3,2015,Q3,2015-05-06,2015-03-28,88100000.0,929300000.0,124000000.0,0.32,665500000.0,0.7161304207467987,4512700000.0,2540300000.0,2898000000.0,691000000.0,1972400000.0,456900000.0,-107900000.0,11397429275.9,10512129275.9,9.207321493294671,4.193921852387843,0.19870587453187671,0.3529898043538165,0.02588330289558256,9.207321493294671,0.03468094319568555,12.264531664586247,32.34230782037457,4.4866469613431486,1.0556186152099887,0.5773692274020573,0.008159734774283672,0.2059299310833869,3.209985528219971,0.01952268043521617,102.95780737037036,0.7161304207467987,-0.5151515151515151,-0.3735634259872103,0.2539624665145042,0.7117752476293236,-0.20773809523809525,-0.5198910081743869,-0.5497458242556281,-0.591887500245296,-0.12658187845554084,0.36558744820793176,Luxury Goods,Consumer Cyclical,TPR
2015Q2,2015,Q2,2015-02-04,2014-12-27,183500000.0,1219400000.0,275400000.0,0.66,840000000.0,0.6888633754305397,3617200000.0,2518000000.0,1947400000.0,715400000.0,1099200000.0,447200000.0,-102900000.0,10230271724.4,9413971724.4,9.136429608127722,2.7221135029354206,0.005529138560212319,0.007942811755361398,0.07219616434974466,9.136429608127722,0.07287529785544082,8.389594656716417,13.937699897002725,4.062856125655282,0.5068119891008175,0.8483899821109123,0.009090667628914265,0.3371115780161451,1.8079396142018451,0.050729846289948026,25.22878353736128,0.6888633754305397,0.5348837209302326,-0.12276449564209882,0.3188688369166129,0.5547199458700526,0.17416829745596868,0.5407220822837951,0.5317018909899889,-0.44470385400497875,-0.11484328072126854,0.4169262575630196,Luxury Goods,Consumer Cyclical,TPR
2015Q1,2015,Q1,2014-11-06,2014-09-27,119100000.0,1038800000.0,179800000.0,0.43,715400000.0,0.6886792452830188,3671000000.0,2440100000.0,1938800000.0,817500000.0,1230900000.0,597400000.0,-193300000.0,9990750550.0,9499850550.0,8.873090909090909,2.3716207951070336,0.04630890765459003,0.06966927584935044,0.04545347547737263,8.873090909090909,0.04880947502151551,9.617588130535234,20.97134876154492,4.094402094176468,0.7774979009235936,0.5413458319383997,0.009268572920179656,0.2829746663034595,1.3657492354740062,0.03244347589212748,101.42893959390862,0.6886792452830188,0.5925925925925924,-0.021162326180994447,0.5790024617329411,0.5340628790253179,0.012780801051004287,0.5821986051145799,0.8018198580991702,-0.4162318999430399,0.04214199456826409,0.41548158051737055,Luxury Goods,Consumer Cyclical,TPR
2014Q4,2014,Q4,2014-08-15,2014-06-28,75275000.0,1136216000.0,99788000.0,0.27,706372000.0,0.6216881297218134,3663131000.0,2420653000.0,1855217000.0,813118000.0,1242478000.0,526175000.0,-219455000.0,9452467084.223001,9001029084.223001,8.827315724793324,2.2816085734173885,0.03835107180169096,0.058035992767240904,0.02923624325209439,8.827315724793324,0.031096980855992166,8.319251871319363,31.393115523822654,3.904924449817054,1.2324676187313186,0.816922126668884,0.009814792177890571,0.31017618534526886,1.3124823211391212,0.02054936064257598,37.19832782740939,0.6216881297218134,-0.6029411764705882,-0.4007228064635944,0.6956565424820108,0.6565692434394713,-0.09594682973715635,-0.6053528363216945,-0.6201576649448629,-0.6071488578515861,0.16380314626810194,0.5862650814316533,Luxury Goods,Consumer Cyclical,TPR
2014Q3,2014,Q3,2014-05-06,2014-03-29,190740000.0,1099626000.0,262709000.0,0.68,781339000.0,0.7105497687395532,3580622000.0,2389279000.0,1790089000.0,787946000.0,1191343000.0,583743000.0,-202148000.0,13714234137.786,13461256137.786,8.653453190248708,2.2718422328433676,0.05878447934465018,0.08809561378139598,0.07391090550638227,8.653453190248708,0.0798316144744921,12.471725966634109,17.97503687976565,5.739904857400915,0.49224598930481284,0.5452519344985721,0.006846244497263453,0.30710474325410503,1.2344094646079808,0.05327007430552569,253.94378553441348,0.7105497687395532,-0.3584905660377358,0.9256194811541937,0.7232282478634254,0.7968028915682699,-0.2048888802956001,-0.3587234986787162,-0.39737763881975396,0.09497516732102466,0.23512019684768723,0.4640811863636579,Luxury Goods,Consumer Cyclical,TPR
2014Q2,2014,Q2,2014-02-05,2013-12-28,297438000.0,1419624000.0,435943000.0,1.06,982679000.0,0.6922107543969389,3543817000.0,2430727000.0,1787676000.0,702895000.0,1113090000.0,553026000.0,-125160000.0,15704112950.0,15136369950.0,8.709629682713151,2.5433044764865307,0.00013685808268316339,0.0001995287829525899,0.12179581110021442,8.709629682713151,0.12236586009041739,11.062163608110316,13.19948438834312,6.46066503971857,0.3188395564789973,0.7900984763826655,0.0060388638506321994,0.40059179128041883,1.4617631367416186,0.08393153483941185,46.255501932207785,0.6922107543969389,0.37662337662337664,0.5902694363136406,0.7144788381243107,0.9228472330415837,0.1888593022031932,0.36512715539991647,0.35540085936188337,0.043935256801297416,0.1956444036343352,0.4890344641733689,Luxury Goods,Consumer Cyclical,TPR
2014Q1,2014,Q1,2013-11-06,2013-09-28,217883000.0,1150760000.0,321634000.0,0.77,826573000.0,0.7182844381104662,3487390000.0,2378571000.0,1872065000.0,707428000.0,1108819000.0,637214000.0,-153758000.0,15264926482.866,14551294482.866,8.451642131519758,2.6462975737460206,0.0002824461846825276,0.00041411418872928327,0.09110342676551866,8.451642131519758,0.09160247896741362,13.265082626147937,17.515049915397253,6.417687965953506,0.4360046446946297,0.5087568697486244,0.006223285785662301,0.32997743297996496,1.4598234732015132,0.06247738279917073,129.14489410208122,0.7182844381104662,-0.012820512820512832,0.7620551206817615,0.8032168155973944,1.0760395844202555,-0.06855568452012036,-0.015631847404254936,0.012210703877842607,0.21453228505518562,0.3289543536736985,0.5822948708531899,Luxury Goods,Consumer Cyclical,TPR
2013Q4,2013,Q4,2013-06-30,2013-06-30,221343000.0,1222688000.0,317754000.0,0.78,887410000.0,0.7257861367740585,3531897000.0,2409158000.0,2070947000.0,722510000.0,1122739000.0,524706000.0,-101884000.0,16041265540.0,14979465540.0,8.563550601257612,2.866322957467717,0.000278886955083911,0.00040885653825942507,0.09183725208903167,8.563550601257612,0.09187566776442226,13.119672017718338,18.118108026908466,6.658453094400616,0.0,0.6389825921563694,0.0,0.3461845008503929,1.8136330293006324,0.06266972111587625,54.72126606286991,0.7257861367740585,-0.07142857142857137,0.2228385810239025,0.8455962735659461,0.8748550093588667,0.008205065281508042,-0.07361508713776305,-0.08820550197564944,0.19229893040084575,0.3548094128576813,0.6856613943963303,Luxury Goods,Consumer Cyclical,TPR
2013Q3,2013,Q3,2013-03-31,2013-03-31,238932000.0,1187578000.0,348493000.0,0.84,880188000.0,0.7411622647101916,3272120000.0,2243965000.0,1894191000.0,614513000.0,1028155000.0,515915000.0,-228230000.0,14038092381.636,13184340381.636,7.990816115776054,3.0824262464748506,0.006908976443406721,0.010074577812042523,0.10564080924428544,7.990816115776054,0.10647759657570417,11.820775040996043,14.688376171500677,6.255931969364941,0.3526986757738603,0.5958152021166278,0.006003023609549651,0.362938400792147,1.7992035969946933,0.07302054936860507,84.2809770575458,0.7411622647101916,-0.3170731707317073,0.8237998295197689,0.9774015893962694,0.9073654483926042,-0.18905233364842977,-0.3226859883661598,-0.3381917554317792,0.6691765481160677,0.5744087779321,0.4856091693229615,Luxury Goods,Consumer Cyclical,TPR
2013Q2,2013,Q2,2012-12-31,2012-12-31,352764000.0,1503774000.0,526577000.0,1.23,1085382000.0,0.7217720215936704,3279429000.0,2082332000.0,1848367000.0,768936000.0,1197097000.0,493659000.0,-382891000.0,15692287864.614,14856340864.614,7.366054341635626,2.4037982354838374,0.0069249860265308385,0.010906041879969188,0.16797573986580272,7.366054341635626,0.169408144330491,10.435270103495606,11.120953289319488,7.535920239718739,0.48102130602895987,0.8475324059725438,0.010813400917953016,0.4585475093377536,1.406746465245482,0.10756872614104468,27.674577251981823,0.7217720215936704,0.5974025974025974,0.7911483901452278,0.9698356309776571,0.6864663168746715,0.2842204153493743,0.5934700809915937,0.5874284405080235,0.6441012099671468,0.585631066418838,0.2534602791790601,Luxury Goods,Consumer Cyclical,TPR
2013Q1,2013,Q1,2012-09-30,2012-09-30,221381000.0,1161350000.0,331717000.0,0.77,845168000.0,0.7277461574891291,3151378000.0,1994093000.0,1768587000.0,730903000.0,1157285000.0,598128000.0,-426176000.0,15557386660.862,14819895660.862,7.007414721912787,2.419728746495773,0.007382167420093686,0.011666456880396251,0.11041584374388197,7.007414721912787,0.11101839282320333,13.395950110528265,17.56856579930301,7.8017357569892685,0.3874135540086999,0.528619292191638,0.005512879628798009,0.3685213262261779,1.2847970250498355,0.070248951411097,106.64217227977022,0.7277461574891291,-0.11494252873563215,0.8703591165620708,1.2445425406832187,0.30023868172965174,0.008376812182111252,-0.11951238913415264,-0.05663054915678412,0.7582651401778419,0.705921711292677,0.21150734427934523,Luxury Goods,Consumer Cyclical,TPR
2012Q4,2012,Q4,2012-08-22,2012-06-30,251430000.0,1155191000.0,351630000.0,0.87,838147000.0,0.7255484158031009,3104321000.0,1992931000.0,1804528000.0,718160000.0,1111390000.0,504490000.0,-387450000.0,16641595120.0,15747740120.0,7.003331353731433,2.512710259552189,0.007524994998906363,0.011721429392186684,0.12524100081216769,7.003331353731433,0.1261609157567422,14.405925184666431,16.546946585530762,8.350311736833838,0.2573201288629042,0.6284445677813237,0.0038877282816624616,0.3721235658296935,1.5201027626155732,0.08099355704516382,79.21212019667855,0.7255484158031009,0.12987012987012983,1.0474417287956337,1.3168223185870842,0.3644287306017037,0.024545666797462798,0.1174567337179225,0.04189136335083498,0.9289029238752616,0.6612962162169546,0.3142730682693958,Luxury Goods,Consumer Cyclical,TPR
2012Q3,2012,Q3,2012-05-09,2012-03-31,225002000.0,1108981000.0,337492000.0,0.77,818067000.0,0.7376744957758519,2984870000.0,1938902000.0,1759548000.0,623233000.0,1045968000.0,475364000.0,-384139000.0,22223332032.431,21317116032.431,6.742388783213768,2.8232587170448293,0.007857628640443303,0.012096537112241876,0.11522998525498435,6.742388783213768,0.11604609206654075,20.039416394357524,24.692371659397473,11.461812939710724,0.2889485426796206,0.6119815551871829,0.002925483897064744,0.3715341036628061,1.7636052648046556,0.07538083735640078,361.9081528259616,0.7376744957758519,-0.34745762711864403,0.9318294568501884,1.2835105087597145,0.4638187549930415,-0.21731879974474053,-0.35250291371098863,-0.3262301332997938,1.180973663169641,0.66861929323601,0.39998950654839993,Luxury Goods,Consumer Cyclical,TPR
2012Q2,2012,Q2,2012-02-08,2011-12-31,347495000.0,1448649000.0,500901000.0,1.18,1045211000.0,0.7215074182911112,3100885000.0,1868726000.0,1896006000.0,810996000.0,1232159000.0,429031000.0,-372435000.0,17690124769.812,16628498769.812,6.448062882144287,2.3378734297086545,0.007729728770979898,0.012826385462609285,0.18424942881047005,6.448062882144287,0.18595288982975566,12.211463763694312,12.726891588232924,9.466409077527684,0.1879480280291803,0.9403469679347181,0.0036919468262571267,0.46717275874468095,1.6000522813922633,0.11206316906302556,30.936851440874133,0.7215074182911112,0.6164383561643835,0.940497061179729,1.2001393148649868,0.6007688818157643,0.3669089116239654,0.6163836210305,0.5557574402266078,0.789134338693343,0.6847757318737094,0.42355534311844123,Luxury Goods,Consumer Cyclical,TPR
2012Q1,2012,Q1,2011-11-09,2011-10-01,214983000.0,1050359000.0,321966000.0,0.73,764653000.0,0.7279920484329644,2878078000.0,1816503000.0,1689148000.0,631373000.0,1061575000.0,519586000.0,-354971000.0,15019194319.556,14197539319.556,6.268602171317354,2.6753567225712853,0.008361135452201088,0.0132474320163523,0.11729879843800008,6.268602171317354,0.11834992840639405,14.299105657737973,17.46556043914635,8.268191310202075,0.30352632533735224,0.549872398409503,0.0043446405054521605,0.3649515405767321,1.5854906687489012,0.07469672468918494,77.39020420132837,0.7279920484329644,0.07352941176470577,1.1744194564805834,1.4095113884035364,0.9359905193606652,0.0325627684699928,0.06174406487522286,0.031638106712123346,0.6885342414049155,0.5984923480107408,0.5398032765849565,Luxury Goods,Consumer Cyclical,TPR
2011Q4,2011,Q4,2011-08-19,2011-07-02,202481000.0,1031675000.0,312092000.0,0.68,740539000.0,0.7178026025637919,2635116000.0,1612569000.0,1452388000.0,593017000.0,1022547000.0,421831000.0,-445654000.0,19122449640.444,18446822640.444,5.564842741685014,2.449150698883843,0.009166579383981579,0.014979203990650943,0.1242713959424279,5.564842741685014,0.12556423942169295,18.53534266163666,23.610177795007925,11.858376069764455,0.21843530997970179,0.6901721305451709,0.0023129358859157677,0.39151027886438394,1.4248090695544984,0.07683950156273955,116.6856824532829,0.7178026025637919,0.09677419354838718,1.1867847885787257,1.5483795255704864,0.7235257989162532,0.07067685479032176,0.08851974303147596,0.22949766976445515,0.08600949393789795,0.5118543915500836,0.2183349846744978,Luxury Goods,Consumer Cyclical,TPR
2011Q3,2011,Q3,2011-05-11,2011-04-02,186015000.0,950706000.0,253837000.0,0.62,691655000.0,0.7275172345604214,2721865000.0,1742658000.0,1562402000.0,550029000.0,979207000.0,391442000.0,-202383000.0,15538120994.841,14749625994.841,5.910500914051981,2.8405811329948056,0.008907495412153065,0.013912655265691834,0.10562780295161363,5.910500914051981,0.10674211463178662,16.34377083434942,20.88288712582453,8.916334125709692,0.24099669381501493,0.6617864204658672,0.0028850978837714177,0.3492847734917051,1.8506115132111216,0.06834100883034243,83.70524538106115,0.7275172345604214,-0.38,1.2242497826973002,1.4853521706759747,0.4972411124677973,-0.2442382667377641,-0.38695506017902104,-0.4400674997518392,0.35234620106903586,0.5077038245220044,0.41080523726465357,Luxury Goods,Consumer Cyclical,TPR
2011Q2,2011,Q2,2011-02-09,2011-01-01,303428000.0,1264457000.0,453335000.0,1.0,915176000.0,0.7237699660803016,2794671000.0,1738458000.0,1622624000.0,593274000.0,1056213000.0,367410000.0,-151760000.0,16438906637.214,15706133637.214,5.849179379167873,2.7350330538671845,0.018413258662647588,0.02960036998305395,0.16985567376819158,5.849179379167873,0.17453858534402328,13.000763677384048,13.544322406974636,9.456027489426836,0.1459423652398592,0.9506573038295093,0.0026937922927156976,0.45245290053820286,1.8885287405145008,0.10857378203015668,43.07415493371799,0.7237699660803016,0.5873015873015873,1.2322467612432835,1.4913580205653663,0.63795826339888,0.3534682794736834,0.6064931489442809,0.5869740250647623,0.465374923112157,0.575423336205629,0.33917611068480513,Luxury Goods,Consumer Cyclical,TPR
2011Q1,2011,Q1,2010-11-08,2010-10-02,188876000.0,911669000.0,285660000.0,0.63,676171000.0,0.7416847561998927,2609830000.0,1582673000.0,1425250000.0,569651000.0,1027157000.0,458920000.0,-22935000.0,12776628183.696,12180071183.696,5.341382499055024,2.5019705047476437,0.009507898981926026,0.015678538775855785,0.11772930181766068,5.341382499055024,0.1193398762726097,14.014547147809127,16.91139713846121,8.072816168403707,0.2370549990469938,0.513156977250937,0.003504367455659014,0.3493212201561021,1.4836031184005645,0.07237099734465463,82.76304725926309,0.7416847561998927,-0.030769230769230795,1.5844251622763368,1.6011827776200207,0.7375818244998367,-0.029882395814054254,-0.03401576252896019,-0.0380684592460391,0.5325388971187861,0.6922011177446058,-0.008896659495933514,Luxury Goods,Consumer Cyclical,TPR
2010Q4,2010,Q4,2010-08-25,2010-07-03,195527000.0,950525000.0,296965000.0,0.65,696999000.0,0.7332779253570395,2467115000.0,1505293000.0,1302641000.0,529036000.0,961822000.0,363285000.0,-30053000.0,10598794080.0,10027225080.0,5.080231788973487,2.4622917911068436,0.010093165498973497,0.016542294423743418,0.12686627601444647,5.080231788973487,0.12989298428943735,11.15046324925699,13.551573542272935,7.041017316894452,0.11696082893922578,0.697870817677581,0.0021576983029752378,0.3852779461030394,1.5225164261033275,0.0792532978803177,69.71560741700597,0.7332779253570395,0.30000000000000004,1.567114936684121,1.9082698459263578,0.8670138110652029,0.13227307801648866,0.2403702200005075,0.19204646719278104,0.5291541414160897,0.8308490910146477,-0.010240432605220695,Luxury Goods,Consumer Cyclical,TPR
2010Q3,2010,Q3,2010-05-05,2010-03-27,157636000.0,830669000.0,249122000.0,0.5,615575000.0,0.741059314841411,2641987000.0,1663393000.0,1510084000.0,551240000.0,978594000.0,306673000.0,269083000.0,12465827499.249,11788036499.249,5.378814482827754,2.739431100790944,0.00945765440935175,0.01502170563420671,0.09332627712268743,5.378814482827754,0.09476774280040856,15.006973294114744,19.769956575986768,7.494216639873439,0.15053033571011698,0.7013789932599218,0.0019035238536254048,0.3144107067900031,1.860900878020463,0.05966569858216562,65.47350245147719,0.741059314841411,-0.3333333333333333,1.1688388565483394,1.452025227479779,1.2356918376284716,-0.20152567194032212,-0.34577298194646194,-0.3458566263256984,0.2585531902848412,0.5905256435878121,0.1677774410152744,Luxury Goods,Consumer Cyclical,TPR
2010Q2,2010,Q2,2010-02-03,2009-12-26,240950000.0,1065005000.0,380837000.0,0.75,770939000.0,0.7238829864648523,2869130000.0,1865566000.0,1716392000.0,578461000.0,1003564000.0,269200000.0,534203000.0,11793565334.916,10715464334.916,5.876575799003333,2.9671697832697452,0.00873993161690129,0.013441497111332431,0.12740601344479582,5.876575799003333,0.1291565133584124,11.07371827823907,12.236527635314381,6.321708979964257,0.099120149408591,1.092369985141159,0.0020250873524473596,0.37119440387852765,2.2162704140815026,0.08398016123354467,34.00368286350741,0.7238829864648523,0.7045454545454546,1.1467529262414493,1.3932892469955487,1.2576084301523607,0.40125377605066,0.7109645167474987,0.705899743333617,0.22834807076862365,0.4766199969172361,0.4588939100959666,Luxury Goods,Consumer Cyclical,TPR
2010Q1,2010,Q1,2009-11-04,2009-09-26,140827000.0,761437000.0,223247000.0,0.44,550178000.0,0.7225522269078072,2794616000.0,1840981000.0,1610473000.0,532161000.0,953635000.0,337545000.0,616896000.0,10080117620.0,9110570620.0,5.7840464236567115,3.026289036588551,0.008993364383514587,0.013651960557985118,0.07566738722775376,5.7840464236567115,0.07649562923245813,13.238281853915689,17.894504640445373,5.475405569096042,0.16930702209093426,0.6258691433734761,0.002365349383691021,0.2724656983285002,2.066667794145005,0.050392254248884286,45.7137825446135,0.7225522269078072,-0.02222222222222224,1.4693946126681905,1.6281313234099517,1.7671759060978203,0.0052254813472241,-0.03406199200235951,0.09067503065656343,0.2968000198481037,0.5902780806876959,0.786340675913098,Luxury Goods,Consumer Cyclical,TPR
2009Q4,2009,Q4,2009-08-19,2009-06-27,145793000.0,777744000.0,204687000.0,0.45,547318000.0,0.7037251332057849,2564336000.0,1696042000.0,1396409000.0,459652000.0,868294000.0,326148000.0,499951000.0,8571441980.0,7804155980.0,5.328672954512609,3.0379700295005785,0.012898465723680516,0.01950187554317641,0.08345569291089913,5.328672954512609,0.08596072502921508,11.020904024974799,14.697965574478884,5.053791108946594,0.0,0.7065074751339883,0.0,0.30329254824640767,1.9777331546474288,0.05685409400328194,35.03882228862717,0.7037251332057849,0.25000000000000006,1.6364724567269977,1.7314124309874488,1.5746881072812051,0.04238538994368295,0.2693215159456377,0.10416610474870129,0.4335284424164254,0.7490641739293199,0.6503800264279995,Luxury Goods,Consumer Cyclical,TPR
2009Q3,2009,Q3,2009-05-06,2009-03-28,114859000.0,739939000.0,185377000.0,0.36,525063000.0,0.7096030889032745,2316001000.0,1541914000.0,1231315000.0,418273000.0,774087000.0,357670000.0,376931000.0,5596449240.0,5072658240.0,4.8160280856938495,2.9438070351182124,0.011863552735944414,0.01781941145874543,0.07323483658165406,4.8160280856938495,0.07449118433323779,7.563392712101944,12.181129123534074,3.6295469397125912,0.0,0.6007660692817401,0.0,0.3194899311356083,1.621943085018636,0.04959367461413013,31.02743367836293,0.7096030889032745,-0.46268656716417916,1.3010652679733963,1.7609891454008026,1.6739569857347498,-0.24127791039772498,-0.47046646934616837,-0.4678625456779279,0.2647868915996426,0.781370904340251,0.219990547934293,Luxury Goods,Consumer Cyclical,TPR
2009Q2,2009,Q2,2009-02-04,2008-12-27,216906000.0,960256000.0,348363000.0,0.67,692036000.0,0.7206786523593708,2337961000.0,1466011000.0,1220837000.0,519309000.0,871950000.0,383081000.0,312035000.0,6589616123.655,6192938123.655,4.529548438924163,2.350887429256955,0.011751693035084845,0.018741332773082875,0.1450132499952538,4.529548438924163,0.14795659787000234,6.86235350120697,7.595013650677021,4.494929522121594,0.0,0.7001652392052856,0.0,0.4107237032610895,1.1865324883643458,0.09277571353842087,58.36994103898347,0.7206786523593708,0.5227272727272728,1.6014266333688305,1.6709442082269113,1.8457076322152313,0.23977907282964853,0.487583241319242,0.4920080861379269,0.4653624365341664,0.7374249296639699,0.2684191771285387,Luxury Goods,Consumer Cyclical,TPR
2009Q1,2009,Q1,2008-10-31,2008-09-27,145811000.0,752529000.0,233486000.0,0.44,558193000.0,0.7417561316573846,2110912000.0,1351036000.0,1211098000.0,460940000.0,759876000.0,401797000.0,198447000.0,8625171350.0,8218241350.0,4.071040935320085,2.627452596867271,0.0012222205378528332,0.0019096456349053615,0.10651255652626328,4.071040935320085,0.10792532545394794,11.461580018843128,14.788272746912098,6.384116596448946,0.0,0.48366712543896545,0.0,0.356494728344905,1.2278995096975744,0.06907488327320134,278.85200446154346,0.7417561316573846,-0.3125,2.811229610994535,2.222445532705093,2.031601107486148,-0.05915973921778821,-0.31712126037354116,-0.060856903819545,0.7813675412600772,0.9170479928526714,0.3243325557116454,Luxury Goods,Consumer Cyclical,TPR
2008Q4,2008,Q4,2008-08-21,2008-06-28,213524000.0,781500000.0,248616000.0,0.64,593292000.0,0.7591708253358925,2273844000.0,1515820000.0,1385709000.0,450941000.0,758024000.0,345493000.0,375949000.0,9720326181.865,9024286181.865,4.567580190740211,3.0729275004934125,0.001259980895787046,0.0018900661028354291,0.1337602614155429,4.567580190740211,0.14086369093955747,12.43803734083813,11.380835622535406,6.412586047066934,0.0,0.5447519920808815,0.0,0.3436911239293461,1.7865818366482533,0.09390441912461893,36.25675103363708,0.7591708253358925,0.3913043478260869,6.910638778499171,2.7347437246172794,2.9283014836547236,0.0626417203099309,0.31473819023693417,-0.03146182974148006,1.5030028007962273,1.1348934319087418,0.6786114597702094,Luxury Goods,Consumer Cyclical,TPR
2008Q3,2008,Q3,2008-05-07,2008-03-29,162408000.0,744522000.0,256692000.0,0.46,558318000.0,0.7499012789413879,2156240000.0,1458453000.0,1270953000.0,364594000.0,697787000.0,319655000.0,332376000.0,10165250348.125,9570994348.125,4.189452064631957,3.4859405256257645,0.006466812599710607,0.00956081546679941,0.10634910782697182,4.189452064631957,0.11135634813051912,13.653391502366619,15.64770569818759,6.96988545268514,0.0,0.5825155245499054,0.0,0.3452871665491782,2.096238555763397,0.07532000148406486,194.96068945387418,0.7499012789413879,-0.33333333333333326,4.2861274019718385,2.502308325223509,3.004114601528545,-0.24272453043110276,-0.3563335011116968,-0.3631467041132528,0.9849628766258838,0.9523045104023529,0.7413360908683625,Luxury Goods,Consumer Cyclical,TPR
2008Q2,2008,Q2,2008-02-06,2007-12-29,252317000.0,978017000.0,403063000.0,0.69,737272000.0,0.7538437470923307,2310722000.0,1581853000.0,1480548000.0,427005000.0,728869000.0,300730000.0,497299000.0,11035228127.833,10182043127.833,4.3677447144549335,3.467284926406014,0.007385137632307132,0.01078798093122433,0.15377303063814068,4.3677447144549335,0.15950723613382534,11.283268212958466,10.933892809276625,6.976140088764886,0.0,0.8005353639477272,0.0,0.42325169362649423,2.420009133382513,0.10919400949140572,32.27741367128028,0.7538437470923307,0.6829268292682926,2.971732368830102,2.1152479111139106,3.6258834427247186,0.42269803809571593,0.6298916062684908,0.6881654227292907,0.9705118252362702,0.9264926074460539,0.6779596869624724,Luxury Goods,Consumer Cyclical,TPR
2008Q1,2008,Q1,2007-11-08,2007-09-29,154806000.0,676718000.0,238758000.0,0.41,518221000.0,0.7657857482732837,2679031000.0,2005833000.0,1885897000.0,402124000.0,673198000.0,363049000.0,920533000.0,17593232220.0,16809541220.0,5.389329528783995,4.6898394525071865,0.0010694165166435178,0.0014283342631216057,0.07250401645275953,5.389329528783995,0.07717791062366608,25.997878318590608,28.411741502267354,8.771035385298777,0.0,0.4365719227982999,0.0,0.25259804757765025,3.4424655081517144,0.057784325750616546,203.35000312077395,0.7657857482732837,-0.023809523809523832,5.566848962730207,2.3472374184421025,7.006526911000002,0.01756414989121812,-0.03614922919831644,-0.02706997933993749,1.3213993646194802,0.9974610431614677,1.578337331643399,Luxury Goods,Consumer Cyclical,TPR
2007Q4,2007,Q4,2007-08-23,2007-06-30,160612000.0,652129000.0,245401000.0,0.42,509276000.0,0.780943647652535,2449512000.0,1910354000.0,1740196000.0,407996000.0,539158000.0,291192000.0,940757000.0,17637894167.814003,17084038167.814003,5.132793818144691,4.265228090471475,0.0012655582009804402,0.0016227358908348923,0.0788687061182929,5.132793818144691,0.08407446996734637,27.04663366882013,27.454197332412896,9.232788356406196,0.0,0.4905800983543504,0.0,0.2662281303377979,3.1706928499299014,0.06556897863737757,82.32619894986092,0.780943647652535,0.049999999999999906,7.85007265668384,2.628598531744133,5.995816631185258,0.04700972430665488,0.07100370755648022,0.08284096775759288,1.48383109466502,0.9585814156411928,1.4800439647008468,Luxury Goods,Consumer Cyclical,TPR
2007Q3,2007,Q3,2007-05-04,2007-03-31,149964000.0,625303000.0,226627000.0,0.4,486410000.0,0.7778788843168831,2143195000.0,1705446000.0,1466264000.0,338264000.0,437749000.0,249818000.0,780145000.0,18531712829.736,18312496829.736,4.606027050969038,4.334673509448241,0.0014464386115122516,0.001817706336055202,0.08159038662003827,4.606027050969038,0.08793242354199429,29.636372814037355,30.8936025141634,10.866197364053743,0.0,0.5559767510747824,0.0,0.29176206551433725,3.136697963720644,0.0699721677215559,256.846236777536,0.7778788843168831,-0.34426229508196715,11.122674383949025,2.696968576274859,6.101714663555121,-0.24526281816545534,-0.3407393404931574,-0.3739360805774793,1.597829083146419,1.01752509513665,1.5573601296071895,Luxury Goods,Consumer Cyclical,TPR
2007Q2,2007,Q2,2007-02-08,2006-12-30,227473000.0,836387000.0,361987000.0,0.61,644476000.0,0.7705476053549374,2000899000.0,1482898000.0,1338707000.0,424657000.0,518001000.0,249577000.0,630181000.0,,,,,,,,,,,,,,,,,,,,,,,,,,,,,,,Luxury Goods,Consumer Cyclical,TPR
2007Q1,2007,Q1,2006-11-07,2006-09-30,125616000.0,553851000.0,197666000.0,0.34,424680000.0,0.7667766240378731,1676500000.0,1192112000.0,1023407000.0,394943000.0,484388000.0,300855000.0,402708000.0,,,,,,,,,,,,,,,,,,,,,,,,,,,,,,,Luxury Goods,Consumer Cyclical,TPR
