Quarters,Year,Quarter,FillingDate,Date,NetIncome,Revenue,OperatingIncome,EPSDiluted,GrossProfit,GrossProfitRatio,TotalAssets,CommonStockEquity,CurrentAssets,CurrentLiability,TotalLiability,Inventory,RetainedEarnings,MarketCap,EnterpriseValue,bookValuePerShare,currentRatio,debtToAssets,debtToEquity,roic,shareholdersEquityPerShare,roe,priceToSalesRatio,peRatio,pbRatio,payoutRatio,inventoryTurnover,dividendYield,assetTurnover,quickRatio,returnOnAssets,priceToFreeCashFlowsRatio,grossProfitMargin,epsdilutedGrowth,fiveYNetIncomeGrowthPerShare,fiveYRevenueGrowthPerShare,fiveYShareholdersEquityGrowthPerShare,grossProfitGrowth,netIncomeGrowth,operatingIncomeGrowth,threeYNetIncomeGrowthPerShare,threeYRevenueGrowthPerShare,threeYShareholdersEquityGrowthPerShare,Industry,Sector,Symbol
2023Q1,2023,Q1,2023-04-28,2023-03-31,15900000.0,807600000.0,-697000000.0,0.99,50200000.0,0.0621594849,2329700000.0,635600000.0,1059900000.0,405900000.0,1694100000.0,537700000.0,16700000.0,1189602200.0,2271202200.0,39.87452948557089,2.6112342941611235,0.481735845817058,1.7657331655129012,-0.29714064169058313,39.87452948557089,0.0250157331655129,1.4730091629519564,18.70443710691824,1.871620830711139,0.7861635220125787,1.4085921517574855,0.010507714259438998,0.34665407563205564,1.2121212121212122,0.006824913078937202,-19.374628664495113,0.06215948489351164,1.5963855421686748,-0.3515534909607526,1.1815980674953757,-0.11599818986805618,0.7614035087719299,1.6022727272727273,-42.29192546583851,-0.45710460619074106,1.172846386785539,-0.12420912773197645,Aluminum,Basic Materials,KALU
2022Q4,2022,Q4,2023-02-24,2022-12-31,-26400000.0,776000000.0,-16100000.0,-1.66,28500000.0,0.0367268041,2288800000.0,631200000.0,1042600000.0,418700000.0,1657600000.0,525400000.0,13300000.0,1208219760.0,2224319760.0,39.68313843832516,2.490088368760449,0.469023068857043,1.7007287705956908,-0.006978909258088615,39.68313843832516,-0.04182509505703422,1.5569842268041236,-11.441474999999999,1.9141631178707224,-0.4734848484848485,1.4227255424438523,0.010345800005787028,0.3390422929045788,1.1624074516360163,-0.011534428521495981,-18.70309226006192,0.03672680412371134,-11.374999999999998,-0.82430661716532,1.3083491468195527,-0.1116358114845258,0.010638297872340425,-11.56,-0.594059405940594,-1.4799185782509983,1.0956943578647962,-0.14361418914539603,Aluminum,Basic Materials,KALU
2022Q3,2022,Q3,2022-10-25,2022-09-30,2500000.0,748900000.0,-10100000.0,0.16,28200000.0,0.0376552277,2373600000.0,642000000.0,1127700000.0,468200000.0,1731600000.0,538100000.0,52200000.0,977060100.0,1922660100.0,40.31144041190506,2.4085860743272107,0.45677451971688576,1.688785046728972,-0.003977254827836059,40.31144041190506,0.003894080996884735,1.304660301775938,97.70601,1.5219004672897196,5.0,1.3393421297156662,0.012793481178895751,0.31551230198854063,1.1719350704826996,0.0010532524435456691,-9.532293658536585,0.03765522766724529,1.1839080459770115,-0.8672093356396449,1.3785984109801102,-0.13399337941040104,-0.017421602787456445,1.181159420289855,-4.05,-0.9013893984085846,1.0013622620517466,-0.14398543623588345,Aluminum,Basic Materials,KALU
2022Q2,2022,Q2,2022-07-28,2022-06-30,-13800000.0,954200000.0,-2000000.0,-0.87,28700000.0,0.0300775519,2461700000.0,650000000.0,1245900000.0,547500000.0,1811700000.0,468600000.0,62200000.0,1257451910.0,2098551910.0,40.88307440719542,2.2756164383561646,0.4372181825567697,1.6558461538461537,-0.0008733994796311216,40.88307440719542,-0.02123076923076923,1.3178074931880108,-22.779925905797104,1.9345414,-0.9130434782608695,1.975032010243278,0.010020263916096799,0.38761831254823903,1.332785388127854,-0.00560588211398627,-108.40102672413794,0.030077551875917,-2.705882352941176,-4.140052967335025,1.8640416894910419,-0.09581826984190463,-0.48194945848375453,-2.7037037037037037,0.48717948717948717,-1.7261639883011508,1.5687255047420228,-0.12005249336355342,Aluminum,Basic Materials,KALU
2022Q1,2022,Q1,2022-04-25,2022-03-31,8100000.0,948800000.0,-3900000.0,0.51,55400000.0,0.0583895447,2541400000.0,708200000.0,1321400000.0,554600000.0,1833200000.0,431500000.0,88600000.0,1493942560.0,2310242560.0,44.63632925753183,2.3826181031373963,0.4239002124813095,1.521180457497882,-0.00151755346745835,44.63632925753183,0.011437447048856256,1.5745600337268129,46.10933827160493,2.109492459757131,1.5432098765432098,2.07045191193511,0.008367122227242793,0.37333753049500273,1.4761990623873062,0.003187219642716613,-55.53689814126394,0.058389544688026984,3.6363636363636367,-0.7534586537249465,1.926083489330091,-0.028296288326833466,0.242152466367713,3.764705882352941,-1.2452830188679245,-0.7063018854333616,1.4374286471057454,-0.03863886658601068,Aluminum,Basic Materials,KALU
2021Q4,2021,Q4,2022-03-01,2021-12-31,1700000.0,806400000.0,15900000.0,0.11,44600000.0,0.0553075397,2422400000.0,692500000.0,1205400000.0,456700000.0,1729900000.0,404600000.0,93000000.0,1489136880.0,2263036880.0,43.685339389351505,2.6393693890956866,0.44464167767503304,1.5553790613718412,0.004147333922521726,43.685339389351505,0.002454873646209386,1.8466479166666667,218.99071764705883,2.1503781660649817,6.882352941176471,1.8828472565496788,0.007856900300528451,0.332892998678996,1.6468141011604993,0.0007017833553500661,82.72982666666667,0.05530753968253968,1.7857142857142856,-0.9239019604813916,1.6646115009149487,-0.0562077478763813,-0.06889352818371608,1.7391304347826086,-0.19696969696969696,-0.9268027987699782,1.10432167814223,-0.04959015817980273,Aluminum,Basic Materials,KALU
2021Q3,2021,Q3,2021-10-26,2021-09-30,-2300000.0,750600000.0,19800000.0,-0.14,47900000.0,0.0638156141753264,2437200000.0,721000000.0,1223300000.0,444800000.0,1716200000.0,413600000.0,103000000.0,1727233920.0,2507633920.0,45.483219782992684,2.750224820143885,0.4415312653865091,1.49251040221914,-0.004063339558314811,45.483219782992684,-0.0031900138696255203,2.3011376498800957,-187.74281739130433,2.3956087656033285,-5.043478260869565,1.6989845261121856,0.006715940363190645,0.30797636632200887,1.6681654676258992,-0.0009437058920072214,104.68084363636363,0.0638156141753264,0.9014084507042253,-1.173730751058025,1.6349972822532315,-0.0032353222597071153,0.1431980906921241,0.8973214285714286,0.7837837837837838,-1.1108115855069531,0.9962851813002143,-0.011418489883884912,Aluminum,Basic Materials,KALU
2021Q2,2021,Q2,2021-07-26,2021-06-30,-22400000.0,741000000.0,11100000.0,-1.42,41900000.0,0.056545209176788125,2414500000.0,720700000.0,1200600000.0,439500000.0,1693800000.0,383200000.0,116900000.0,1955464150.0,2742264150.0,45.513103883801705,2.731740614334471,0.44311451646303585,1.4845289302067435,0.0035947518704593923,45.513103883801705,-0.031080893575690303,2.6389529689608637,-21.824376674107143,2.713284515054808,-0.5223214285714286,1.8243736951983298,0.00598323421066042,0.3068958376475461,1.7242320819112629,-0.009277283081383309,264.25191216216217,0.056545209176788125,-6.07142857142857,-1.9723115785382916,1.4970879996319164,0.006265841280985043,-0.12708333333333333,-5.977777777777778,-0.3431952662721893,-2.140212548183334,0.8795758619940014,-0.0021207118249258468,Aluminum,Basic Materials,KALU
2021Q1,2021,Q1,2021-05-06,2021-03-31,4500000.0,324000000.0,16900000.0,0.28,48000000.0,0.14814814814814814,2152800000.0,735000000.0,930800000.0,350400000.0,1417800000.0,385300000.0,151000000.0,1746452500.0,2491252500.0,46.50427080037963,2.656392694063927,0.40542549238201414,1.187482993197279,0.011028164234815067,46.50427080037963,0.006122448979591836,5.390285493827161,97.02513888888889,2.376125850340136,2.6,0.716324941603945,0.006699294713139922,0.1505016722408027,1.4546232876712328,0.0020903010033444815,-85.19280487804878,0.14814814814814814,-0.2504542372881355,-0.8066068999197683,0.06704304869442475,0.05452182480068765,0.29380053908355797,-0.23728813559322035,-0.08648648648648649,-0.8149098263490965,-0.11729160483600067,0.030980430283893946,Aluminum,Basic Materials,KALU
2020Q4,2020,Q4,2021-02-26,2020-12-31,5900000.0,272000000.0,18500000.0,0.373559579587185,37100000.0,0.1363970588235294,1864700000.0,732400000.0,1121400000.0,158300000.0,1132300000.0,152000000.0,158200000.0,1562026600.0,1645426600.0,46.372040015195644,7.084017687934302,0.4631844264492948,1.1792736209721464,0.011808055008335417,46.372040015195644,0.008055707263790278,5.742744852941176,66.18756779661018,2.1327506826870564,1.8135593220338984,1.5453947368421053,0.00685007540844695,0.14586796803775406,5.9431459254579915,0.003164047836113048,37.63919518072289,0.1363970588235294,17.67797897935925,-0.4982505015228968,-0.02827232904120667,0.06971865035053587,0.07848837209302326,13.75,0.5040650406504065,1.4105960458002038,-0.18515027108258428,0.03810488079039741,Aluminum,Basic Materials,KALU
2020Q3,2020,Q3,2020-10-26,2020-09-30,400000.0,255700000.0,12300000.0,0.02,34400000.0,0.13453265545561205,1847000000.0,719300000.0,1109600000.0,142200000.0,1127700000.0,157500000.0,163000000.0,846400460.0,960200460.0,45.542611118146134,7.80309423347398,0.46773145641580943,1.2010287779785902,-0.01018949984467226,45.542611118146134,0.0005560962046434033,3.3101308564724286,529.0002875,1.1767002085360767,27.0,1.4050793650793652,0.012759917450895525,0.1384407146724418,6.5168776371308015,0.0002165674066053059,16.79365992063492,0.13453265545561205,1.048780487804878,-0.9803774501686591,-0.17593311221453037,0.009745086334347028,-0.09947643979057591,1.0606060606060606,1.6170212765957446,-0.9785759238130631,-0.18107788467626465,-0.02161266518265446,Aluminum,Basic Materials,KALU
2020Q2,2020,Q2,2020-07-28,2020-06-30,-6600000.0,275700000.0,4700000.0,-0.41,38200000.0,0.1385564018861081,1848400000.0,718800000.0,1107700000.0,150400000.0,1129600000.0,181400000.0,173400000.0,1161797220.0,1315297220.0,45.548444331791394,7.3650265957446805,0.46748539277212725,1.2021424596549806,0.0036355240627860396,45.548444331791394,-0.009181969949916527,4.213990642002177,-44.007470454545455,1.6163010851419033,-1.606060606060606,1.3092613009922822,0.009123795286754086,0.1491560268340186,5.988031914893617,-0.003570655702228955,36.53450377358491,0.1385564018861081,-1.2265193370165746,-1.3520952944416804,-0.19090084336546023,0.020818192285772804,-0.4503597122302158,-1.2268041237113403,-0.8969298245614035,-2.512993675400124,-0.1662958204072466,0.007362381599179267,Aluminum,Basic Materials,KALU
2020Q1,2020,Q1,2020-04-21,2020-03-31,29100000.0,369300000.0,45600000.0,1.81,69500000.0,0.18819388031410778,1553100000.0,721100000.0,806400000.0,199100000.0,832000000.0,194600000.0,190600000.0,1097256640.0,1310656640.0,45.52973860335901,4.050226017076846,0.33520056660871805,0.7219525724587436,0.02700935178654845,45.52973860335901,0.040355013174317014,2.9711796371513675,9.426603436426117,1.5216428234641521,0.38831615120274915,1.5405960945529291,0.01029841113561181,0.23778249951709485,2.970366649924661,0.018736720108170755,35.05612268370607,0.18819388031410778,3.70441320754717,1.109059048326316,0.08801697901502918,0.046888222639080754,0.2003454231433506,3.7452830188679247,3.75,-0.1127115166056321,0.14092857292384867,-0.008847350839724112,Aluminum,Basic Materials,KALU
2019Q4,2019,Q4,2020-02-25,2019-12-31,-10600000.0,368700000.0,9600000.0,-0.6692764237908827,57900000.0,0.15703824247355574,1526200000.0,733900000.0,779800000.0,170400000.0,792300000.0,177600000.0,172800000.0,1756275820.0,2009775820.0,46.337921454729134,4.576291079812207,0.33927401389070894,0.7055457146750238,0.004427389250006527,46.337921454729134,-0.01444338465731026,4.763427773257391,-41.42159952830188,2.3930723804333014,-0.9056603773584906,1.75,0.0054661118092487315,0.24158039575416065,3.42018779342723,-0.006945354475167082,29.817925636672324,0.15703824247355574,-1.426290715790371,-1.755123995842521,0.21225348592367532,-0.19717122204480023,-0.0953125,-1.4173228346456692,-0.7641277641277642,-1.4749130868409996,0.2193832964003074,0.001099496073649872,Aluminum,Basic Materials,KALU
2019Q3,2019,Q3,2019-10-25,2019-09-30,25400000.0,374900000.0,40700000.0,1.57,64000000.0,0.1707121899173113,1426300000.0,751400000.0,668600000.0,175800000.0,674900000.0,192500000.0,193000000.0,1579165320.0,1803765320.0,47.09200300827275,3.803185437997725,0.2781322302460913,0.5279478307159968,0.025829538239974494,47.09200300827275,0.03380356667553899,4.212230781541744,15.542965748031495,2.101630715996806,0.38188976377952755,1.615064935064935,0.006142485449211866,0.2628479282058473,2.6035267349260525,0.01780831522120171,21.751588429752065,0.1707121899173113,0.3305084745762713,0.7727910559068887,0.2276224762682801,-0.24242927476379983,0.07202680067001675,0.3229166666666667,0.25617283950617287,0.9060865366334603,0.3075162287369492,0.03202115915808138,Aluminum,Basic Materials,KALU
2019Q2,2019,Q2,2019-07-26,2019-06-30,19200000.0,375300000.0,32400000.0,1.18,59700000.0,0.15907274180655476,1422100000.0,746300000.0,649700000.0,178900000.0,675800000.0,231100000.0,177300000.0,1556183440.0,1830683440.0,46.460810558426196,3.63163778647289,0.27909429716616274,0.531823663406137,0.02007758893357174,46.460810558426196,0.025726919469382287,4.1465053024247265,20.26280520833333,2.0851982312742865,0.515625,1.3656425789701427,0.006361717870484472,0.2639054918782083,2.218557853549469,0.013501160255959497,49.55998216560509,0.15907274180655476,-0.3099415204678363,-0.12958237145321916,0.21139680989104537,-0.2421072312582228,-0.12463343108504399,-0.3142857142857143,-0.24651162790697675,-0.17841958825585788,0.24676790051087846,0.02721903438034702,Aluminum,Basic Materials,KALU
2019Q1,2019,Q1,2019-04-25,2019-03-31,28000000.0,395200000.0,43000000.0,1.71,68200000.0,0.17257085020242915,1447800000.0,747900000.0,671100000.0,204200000.0,699900000.0,233900000.0,168000000.0,1705353960.0,1987253960.0,46.430345170101816,3.2864838393731635,0.2743472855366763,0.5310870437224228,0.02718430643667479,46.430345170101816,0.03743816018184249,4.315166902834008,15.226374642857143,2.280189811472122,0.36428571428571427,1.3980333475844378,0.005981162995628192,0.27296587926509186,2.028403525954946,0.01933968780218262,185.36456086956522,0.17257085020242915,0.16714745762711866,0.971612501689545,0.31208849368523117,-0.2311944786164699,0.1254125412541254,0.1864406779661017,0.16531165311653118,0.1806994800307053,0.27704660210247484,0.05284550154696481,Aluminum,Basic Materials,KALU
2018Q4,2018,Q4,2019-02-22,2018-12-31,23600000.0,389400000.0,36900000.0,1.465110504097343,60600000.0,0.15562403697996918,1419300000.0,740400000.0,656600000.0,205500000.0,678900000.0,215100000.0,150200000.0,1438283320.0,1683083320.0,45.96473801837596,3.195133819951338,0.26097371943916015,0.5002701242571583,0.02613251710478934,45.96473801837596,0.031874662344678555,3.6935883923985617,15.23605211864407,1.9425760669908159,0.3898305084745763,1.5285913528591353,0.006396514422485272,0.2743606002959205,2.056447688564477,0.01662791516944973,86.1247497005988,0.15562403697996918,0.13574457681964563,-0.03823277128467096,0.3916737814803082,-0.2402378988864457,0.030612244897959183,0.08755760368663594,0.05730659025787966,0.9678747402402205,0.3640243580092116,0.06032293383299091,Aluminum,Basic Materials,KALU
2018Q3,2018,Q3,2018-10-25,2018-09-30,21700000.0,393100000.0,34900000.0,1.29,58800000.0,0.14958025947596032,1426000000.0,762500000.0,673000000.0,192500000.0,663500000.0,196200000.0,135600000.0,1824687300.0,2100587300.0,46.00856815301997,3.496103896103896,0.25960729312762976,0.48550819672131146,0.02236140420394281,46.00856815301997,0.028459016393442622,4.641789112185195,21.021743087557603,2.393032524590164,0.423963133640553,1.7038735983690112,0.005041959792233991,0.2756661991584853,2.351168831168831,0.015217391304347827,162.91850892857144,0.14958025947596032,0.05737704918032792,-0.04385892812092149,0.3752598386929542,-0.22074064277032746,-0.03764320785597381,0.04830917874396135,0.005763688760806916,0.01448629988317148,0.20732941844222788,0.020076022898046025,Aluminum,Basic Materials,KALU
2018Q2,2018,Q2,2018-07-27,2018-06-30,20700000.0,415400000.0,34700000.0,1.22,61100000.0,0.1470871449205585,1423800000.0,761000000.0,704800000.0,194100000.0,662800000.0,177200000.0,123100000.0,1737075350.0,1943075350.0,45.60982918789332,3.6311179804224625,0.25986795898300324,0.48620236530880423,0.022283959234957424,45.60982918789332,0.027201051248357425,4.181693187289359,20.979170893719807,2.2826220105124837,0.4492753623188406,1.9994356659142212,0.005353826476208991,0.2917544598960528,2.5687789799072642,0.014538558786346398,41.556826555023925,0.1470871449205585,-0.19205298013245034,0.25010681798408835,0.4187057903074633,-0.2061483853645091,0.004934210526315789,-0.19455252918287938,-0.0646900269541779,0.044467521370057286,0.15302781319633366,0.02219393143030274,Aluminum,Basic Materials,KALU
2018Q1,2018,Q1,2018-05-01,2018-03-31,25700000.0,388000000.0,37100000.0,1.51,60800000.0,0.15670103092783505,1405400000.0,753600000.0,682300000.0,184500000.0,651800000.0,176800000.0,111700000.0,1685736300.0,1920536300.0,45.10684144370623,3.6981029810298103,0.2631279351074427,0.4907112526539278,0.02685873354621932,45.10684144370623,0.03410297239915074,4.34468118556701,16.398213035019456,2.2369112261146498,0.38910505836575876,1.8506787330316743,0.0059321259202877695,0.2760779849153266,2.600542005420054,0.01828660879464921,263.396296875,0.15670103092783505,2.659708552631579,-0.12097780088603492,0.31764425880714264,-0.20401892905893398,-0.0717557251908397,2.6907894736842106,-0.0725,1.0913069222584015,0.08365229912779752,0.037164335144691564,Aluminum,Basic Materials,KALU
2017Q4,2017,Q4,2018-02-23,2017-12-31,-15200000.0,353100000.0,40000000.0,-0.9097982881426947,65500000.0,0.18549985839705466,1385200000.0,746300000.0,656600000.0,173100000.0,638900000.0,207900000.0,85500000.0,1785142950.0,2103642950.0,44.6698988447956,3.7931831311380706,0.26682067571469825,0.495243199785609,-0.01530482273088382,44.6698988447956,-0.020367144579927644,5.055629991503824,-29.360903782894734,2.391991089374246,-0.5657894736842105,1.3833573833573833,0.004817541362723921,0.25490903840600637,2.3991912189485847,-0.010973144672249495,-189.9088244680851,0.18549985839705466,-1.78430886908853,-2.9150754076234415,0.2892933813547014,-0.20092275646987331,-0.010574018126888218,-1.763819095477387,0.005025125628140704,-2.0264974147179213,0.10057561883673463,-0.22607058808224503,Aluminum,Basic Materials,KALU
2017Q3,2017,Q3,2017-10-27,2017-09-30,19900000.0,332800000.0,39800000.0,1.16,66200000.0,0.19891826923076922,1422700000.0,783600000.0,662600000.0,176700000.0,639100000.0,212200000.0,109000000.0,1736258760.0,2031758760.0,46.54865153855293,3.7498585172608943,0.25964714978561887,0.4714139867279224,0.019081140984870387,46.54865153855293,0.025395610005104645,5.217123677884615,21.8122959798995,2.215746248085758,0.4271356783919598,1.2563619227144203,0.004895583651367726,0.23392141702396851,2.370684776457272,0.013987488578055809,41.33949428571429,0.19891826923076922,3.296296296296296,-0.22457038185928355,0.12865953103567443,-0.11749691025493135,0.15734265734265734,3.234042553191489,2.491228070175439,0.3164780322542802,0.03292648507129461,-0.2511701891585748,Aluminum,Basic Materials,KALU
2017Q2,2017,Q2,2017-07-28,2017-06-30,4700000.0,356300000.0,11400000.0,0.27,57200000.0,0.16053887173730003,1386700000.0,768800000.0,615800000.0,156300000.0,617900000.0,199900000.0,97600000.0,1505105560.0,1817205560.0,45.21555019702406,3.939859245041587,0.26624359991346364,0.4802289281997919,0.006823565370214718,45.21555019702406,0.006113423517169615,4.224264833005894,80.05880638297872,1.9577335587929239,1.8297872340425532,1.4962481240620311,0.00571388494505329,0.2569409389197375,2.489443378119002,0.003389341602365328,34.129377777777776,0.16053887173730003,-0.8676470588235294,-0.7481007553288915,0.16169825596178286,-0.12028265136188553,-0.3108433734939759,-0.8694444444444445,-0.8084033613445378,-0.7987085112231094,0.08648763506065736,-0.2624205622518916,Aluminum,Basic Materials,KALU
2017Q1,2017,Q1,2017-04-21,2017-03-31,36000000.0,355300000.0,59500000.0,2.04,83000000.0,0.23360540388404166,1413100000.0,798600000.0,636200000.0,153900000.0,614500000.0,203500000.0,101900000.0,1389061500.0,1723561500.0,45.936151855047456,4.133853151397011,0.2610572500176916,0.4619333834209867,0.033664027660452234,45.936151855047456,0.045078888054094664,3.9095454545454547,9.646260416666667,1.739370773854245,0.25833333333333336,1.338083538083538,0.00669516792453034,0.2514330196022928,2.590643274853801,0.025475904040761447,-129.81883177570094,0.23360540388404166,0.4475673469387754,0.4892994937079786,0.06598742002925155,-0.06593714050426813,0.1527777777777778,0.46938775510204084,0.31346578366445915,1.3487292624589073,0.09297020871349056,-0.23937745782656802,Aluminum,Basic Materials,KALU
2016Q4,2016,Q4,2017-02-22,2016-12-31,24500000.0,331900000.0,45300000.0,1.4092608570606846,72000000.0,0.216932811087677,1446100000.0,804700000.0,655900000.0,165000000.0,641400000.0,201600000.0,75200000.0,1350640650.0,1664540650.0,46.28702904802991,3.975151515151515,0.255238226955259,0.4586802535106251,0.023748661549957244,46.28702904802991,0.030446128992170994,4.069420457969268,13.78204744897959,1.6784399776314156,0.32653061224489793,1.289186507936508,0.005923115078759106,0.2295138648779476,2.641212121212121,0.016942120185326048,34.63181153846154,0.216932811087677,0.718610801293518,4.481449525452978,0.14565056517496394,0.010752161579287297,0.22241086587436332,0.6442953020134228,0.5201342281879194,-0.07489509819104287,0.09904551048646865,-0.23491067370434981,Aluminum,Basic Materials,KALU
2016Q3,2016,Q3,2016-10-25,2016-09-30,14900000.0,320600000.0,29800000.0,0.82,58900000.0,0.18371802869619464,1433400000.0,814100000.0,657900000.0,159200000.0,619300000.0,223600000.0,58700000.0,1543068090.0,1838768090.0,45.63085028866095,4.132537688442211,0.25715083019394447,0.4527699299840314,0.015448451118988073,45.63085028866095,0.01830241985014126,4.813063287585777,25.89040419463087,1.8954281906399704,0.5436241610738255,1.1703935599284436,0.005249282291878643,0.22366401562718013,2.659547738693467,0.010394865355099763,79.53959226804123,0.18371802869619464,-0.42657342657342656,2.606161242490484,0.059289730712095964,-0.09890809205459994,-0.31828703703703703,-0.4269230769230769,-0.4853195164075993,-0.39013958382157,0.04190272032175286,-0.2271381507131008,Aluminum,Basic Materials,KALU
2016Q2,2016,Q2,2016-07-27,2016-06-30,26000000.0,334900000.0,57900000.0,1.43,86400000.0,0.25798745894296804,1421600000.0,808300000.0,640400000.0,153000000.0,613300000.0,217500000.0,51900000.0,1615717110.0,1788817110.0,45.229701751440885,4.18562091503268,0.259144625773776,0.45577137201534085,0.030674415349188914,45.229701751440885,0.03216627489793394,4.824476291430278,15.53574144230769,1.9989077199059753,0.31153846153846154,1.1425287356321838,0.0050132538362485995,0.23557962858750703,2.680392156862745,0.018289251547552055,46.96852063953489,0.25798745894296804,-0.006944444444444451,5.137615876746312,0.05005154017011734,-0.10642037876016879,0.20670391061452514,-0.011406844106463879,0.2924107142857143,0.4659780999191938,0.06786991853154425,-0.21276460788864685,Aluminum,Basic Materials,KALU
2016Q1,2016,Q1,2016-04-22,2016-03-31,26300000.0,343200000.0,44800000.0,1.44,71600000.0,0.20862470862470864,1236600000.0,787800000.0,447800000.0,160700000.0,448800000.0,210600000.0,34100000.0,1510222560.0,1634522560.0,44.09986565158979,2.7865588052271315,0.1576904415332363,0.24752475247524752,0.028952088892820457,44.09986565158979,0.033384107641533385,4.400415384615385,14.355727756653993,1.917012642802742,0.311787072243346,1.2896486229819564,0.005429663294130634,0.2775351770984959,1.419415059116366,0.021267992883713407,-328.309252173913,0.20862470862470864,0.9341473684210524,1.4689244993639259,0.1285308103188685,-0.09693921104643784,0.21150592216582065,0.9774436090225563,0.2727272727272727,-0.15871677216247465,0.09001754944358638,-0.22178859866483835,Aluminum,Basic Materials,KALU
2015Q4,2015,Q4,2016-02-22,2015-12-31,13300000.0,316600000.0,35200000.0,0.7445141065830722,59100000.0,0.1866708780795957,1250100000.0,774400000.0,501600000.0,169300000.0,475700000.0,219600000.0,15900000.0,1494502240.0,1620002240.0,43.34975369458128,2.962787950383934,0.1583873290136789,0.2556818181818182,0.0164282922029478,43.34975369458128,0.017174586776859502,4.720474542008844,28.09214736842105,1.9298840909090909,0.5338345864661654,1.1725865209471766,0.0047507456395649164,0.2532597392208623,1.3307737743650325,0.010639148868090554,59.30564444444445,0.1866708780795957,-0.3846990854685354,48.028474399164054,0.26353256120906166,-0.09945425069906236,-0.003372681281618887,-0.39819004524886875,-0.1308641975308642,0.5671612869888734,0.08114690328340685,-0.22453816583890135,Aluminum,Basic Materials,KALU
2015Q3,2015,Q3,2015-10-22,2015-09-30,22100000.0,336400000.0,40500000.0,1.21,59300000.0,0.1762782401902497,1263100000.0,772300000.0,564500000.0,169200000.0,490800000.0,217300000.0,9700000.0,1374120750.0,1510620750.0,45.103077731705895,3.33628841607565,0.17346211701369646,0.28369804480124305,0.026012452729730896,45.103077731705895,0.02861582286676162,4.084782253269917,15.544352375565612,1.7792577366308429,0.3167420814479638,1.2751955821445007,0.00509416657888326,0.2663288734066978,1.4692671394799055,0.017496635262449527,30.46830931263858,0.1762782401902497,0.09009009009008996,3.444804170891889,0.4127433246725167,-0.058832879457704775,-0.05573248407643312,0.09405940594059406,0.0945945945945946,-0.15337897676680973,0.12161314128259176,-0.14490314671573323,Aluminum,Basic Materials,KALU
2015Q2,2015,Q2,2015-07-23,2015-06-30,20200000.0,367200000.0,37000000.0,1.11,62800000.0,0.1710239651416122,1251300000.0,758800000.0,546500000.0,163500000.0,492500000.0,217300000.0,-5400000.0,1412858480.0,1583758480.0,44.61954604257321,3.3425076452599387,0.17997282825861105,0.2967843964153927,0.02358380423107458,44.61954604257321,0.02662098049551924,3.8476538126361657,17.485872277227724,1.861964259356879,0.3415841584158416,1.4008283479061205,0.004883716308232088,0.29345480700071924,1.399388379204893,0.016143211060497084,48.22042593856655,0.1710239651416122,1.0658753709198812,223.699165000588,0.44639885472849294,-0.06360333649061749,0.10369068541300527,1.0691307323750856,1.0806803314435238,0.08243981115908659,0.19702595594030017,-0.13187855569670237,Aluminum,Basic Materials,KALU
2015Q1,2015,Q1,2015-04-30,2015-03-31,-292200000.0,371700000.0,-458600000.0,-16.85,56900000.0,0.15308044121603442,1534900000.0,754300000.0,823200000.0,448900000.0,780600000.0,218000000.0,-18700000.0,1333580160.0,1512780160.0,43.490544280442805,1.8338159946535977,0.2606684474558603,0.5304255601219674,-0.2480130148471422,43.490544280442805,-0.3873790269123691,3.5877862792574655,-1.140982340862423,1.7679705157099297,-0.0242984257357974,1.4440366972477063,0.005324014418450857,0.24216561339500944,0.9120071285364224,-0.1903707081894586,-341.94363076923077,0.15308044121603442,-20.82352941176471,-39.327663745387454,0.6039232506811051,-0.01895132789356061,0.39119804400978,-19.73076923076923,-18.111940298507463,-13.116723090579962,0.11782768959155113,-0.11566597307056498,Aluminum,Basic Materials,KALU
2014Q4,2014,Q4,2015-02-20,2014-12-31,15600000.0,338000000.0,26800000.0,0.85,40900000.0,0.12100591715976332,1743600000.0,1015900000.0,825200000.0,426400000.0,727700000.0,214700000.0,280400000.0,1257239430.0000002,1477239430.0000002,57.718311459576164,1.9352720450281427,0.22809130534526267,0.3914755389309971,0.016613128058734054,57.718311459576164,0.015355842110443942,3.7196432840236695,20.14806778846154,1.2375621911605474,0.40384615384615385,1.383791336748952,0.0050109786963967555,0.19385180087175957,1.0128986866791745,0.008947006194081212,2095.3990500000004,0.12100591715976332,0.0,-0.26373477930926686,0.6221652154880921,0.28220216979662094,-0.1279317697228145,-0.018867924528301886,-0.17791411042944785,2.4473968895552085,0.15238865378183658,0.2603727063566247,Aluminum,Basic Materials,KALU
2014Q3,2014,Q3,2014-10-24,2014-09-30,15900000.0,338900000.0,32600000.0,0.85,46900000.0,0.13838890528179404,1816300000.0,1100700000.0,822900000.0,428500000.0,715600000.0,211300000.0,271100000.0,1349627540.0,1532727540.0,62.16185689275428,1.9204200700116687,0.21769531465066344,0.3592259471245571,0.013801374066655252,62.16185689275428,0.014445352957209048,3.98237692534671,21.220558805031448,1.226153847551558,0.39622641509433965,1.3819214387127308,0.00466795453803499,0.18658811870285746,1.0623103850641773,0.008754060452568409,58.93570043668122,0.13838890528179404,-0.3609022556390978,-0.2198766884135727,0.5176268285970663,0.5034110680598112,-0.2496,-0.3510204081632653,-0.2974137931034483,2.8773071255846427,0.12822837689538763,0.22753676240041423,Aluminum,Basic Materials,KALU
2014Q2,2014,Q2,2014-07-24,2014-06-30,24500000.0,344100000.0,46400000.0,1.33,62500000.0,0.18163324614937518,1772600000.0,1093700000.0,769100000.0,389000000.0,678900000.0,198100000.0,261400000.0,1300073670.0,1518973670.0,61.30261756627992,1.977120822622108,0.22176463951258038,0.35942214501234343,0.0196023658027693,61.30261756627992,0.02240102404681357,3.778185614646905,13.266057857142858,1.1886931242571088,0.2612244897959184,1.4215042907622413,0.004922797951903756,0.19412162924517656,1.1195372750642674,0.013821505133701907,44.07029389830508,0.18163324614937518,0.5647058823529413,0.3688974833249258,0.6235678552765427,0.4841766319826235,0.33547008547008544,0.5506329113924051,0.4454828660436137,4.793247762644097,0.08071157483389779,0.21112383377901767,Aluminum,Basic Materials,KALU
2014Q1,2014,Q1,2014-04-25,2014-03-31,15800000.0,335100000.0,32100000.0,0.85,46800000.0,0.1396598030438675,1766000000.0,1082300000.0,677000000.0,142800000.0,683700000.0,203100000.0,243200000.0,1279917820.0,1485317820.0,60.392835221248816,4.740896358543417,0.22140430351075877,0.3612676707012843,0.013657838271030454,60.392835221248816,0.014598540145985401,3.819510056699493,20.25186424050633,1.182590612584311,0.4050632911392405,1.4194977843426884,0.00500032103623653,0.18975084937712344,2.9782913165266107,0.008946772366930917,109.39468547008548,0.1396598030438675,-0.44202014652014654,3.522386262514721,0.37072474637390956,0.48953200573526756,-0.13172541743970315,-0.42124542124542125,-0.2283653846153846,0.4785146016958401,0.09839118597697485,0.23670221249477522,Aluminum,Basic Materials,KALU
2013Q4,2013,Q4,2014-02-18,2013-12-31,27300000.0,311300000.0,41600000.0,1.5233524914904302,53900000.0,0.17314487632508835,1770900000.0,1084200000.0,690800000.0,150600000.0,686700000.0,214400000.0,233800000.0,1258771040.0,1478071040.0,60.498856090619945,4.586985391766269,0.2195493816703371,0.3586054233536248,0.02171383011979431,60.498856090619945,0.025179856115107913,4.043594731769997,11.527207326007325,1.1610136875115291,0.2087912087912088,1.2005597014925373,0.004528226197514046,0.17578632333841548,2.8698539176626827,0.015415890225309165,-547.2917565217391,0.17314487632508835,0.1368302175301717,1.2741753163816385,0.03702708150874535,0.496312273719533,-0.02,0.07480314960629922,0.0,97.22509904581217,0.23842901516307116,0.25680039784833153,Aluminum,Basic Materials,KALU
2013Q3,2013,Q3,2013-10-23,2013-09-30,25400000.0,319900000.0,41600000.0,1.34,55000000.0,0.17192872772741483,1792000000.0,1095100000.0,752600000.0,151400000.0,696900000.0,207900000.0,212200000.0,1321545000.0,1483645000.0,59.041406081518225,4.9709379128137385,0.2157924107142857,0.35311843667245,0.01997014985739252,59.041406081518225,0.023194228837549083,4.131119099718662,13.007332677165355,1.2067802027212127,0.22440944881889763,1.274170274170274,0.004313133491481561,0.178515625,3.151254953764861,0.014174107142857143,63.84275362318841,0.17192872772741483,0.36734693877551033,2.2389841887552118,-0.0659354949390775,0.24188187944451603,-0.021352313167259787,0.3655913978494624,0.03740648379052369,3.716033093496971,0.24023586568633765,0.23201858828912278,Aluminum,Basic Materials,KALU
2013Q2,2013,Q2,2013-07-25,2013-06-30,18600000.0,328900000.0,40100000.0,0.98,56200000.0,0.17087260565521434,1739700000.0,1076800000.0,736300000.0,147100000.0,662900000.0,202900000.0,191800000.0,1173624040.0,1276724040.0,57.45384697470921,5.0054384772263765,0.22118756107374835,0.3573551263001486,0.01683594937703195,57.45384697470921,0.017273402674591383,3.5683309212526604,15.774516666666665,1.0899183135215453,0.3064516129032258,1.3440118284869393,0.004856751230146922,0.18905558429614303,3.149558123725357,0.01069149853423004,45.3136694980695,0.17087260565521434,-0.43352601156069365,-0.12762497964043598,-0.14942329605976504,0.15033966140571628,-0.14977307110438728,-0.44477611940298506,-0.198,186.73674100949736,0.17553485710088054,0.20574042957685157,Aluminum,Basic Materials,KALU
2013Q1,2013,Q1,2013-04-24,2013-03-31,33500000.0,337400000.0,50000000.0,1.73,66100000.0,0.1959098992294013,1764400000.0,1084800000.0,757500000.0,157200000.0,679600000.0,199300000.0,179000000.0,1217303370.0,1352003370.0,56.6682338191506,4.818702290076335,0.2169009294944457,0.3527839233038348,0.027364170384518053,56.6682338191506,0.03088126843657817,3.6078938055720213,9.084353507462687,1.1221454369469028,0.1761194029850746,1.3612644254892123,0.004846778662906355,0.19122647925640443,3.099236641221374,0.01898662434822036,-405.76779,0.1959098992294013,2.6808510638297873,-0.10343380076695613,-0.11511568976246186,0.15775426809303905,1.924778761061947,2.681318681318681,1.0920502092050208,2.9812202894008255,0.319092848170264,0.2783076518979099,Aluminum,Basic Materials,KALU
2012Q4,2012,Q4,2013-02-21,2012-12-31,9100000.0,314000000.0,23900000.0,0.47,22600000.0,0.07197452229299363,1752500000.0,1070800000.0,741700000.0,161600000.0,681700000.0,186000000.0,151200000.0,1181671950.0,1288571950.0,55.90185330200992,4.5897277227722775,0.21700427960057062,0.35515502428091145,0.009860486962703429,55.90185330200992,0.008498319013821441,3.763286464968153,32.46351510989011,1.103541230855435,0.5384615384615384,1.5666666666666667,0.004146666932391854,0.17917261055634806,3.004950495049505,0.0051925820256776035,43.284686813186816,0.07197452229299363,-0.6887417218543046,-0.6099738543632404,-0.08910874170166654,0.1877661490728285,-0.7135614702154626,-0.6883561643835616,-0.5747330960854092,-0.6053553073799567,0.38472399820694375,0.2418498702909882,Aluminum,Basic Materials,KALU
2012Q3,2012,Q3,2012-10-25,2012-09-30,29200000.0,335500000.0,56200000.0,1.51,78900000.0,0.23517138599105814,1694300000.0,1010300000.0,755700000.0,157400000.0,684000000.0,189000000.0,146900000.0,1117827440.0,1240627440.0,52.746162681424245,4.801143583227446,0.22333707135690256,0.3745422151836088,0.024930580432356523,52.746162681424245,0.028902306245669602,3.3318254545454544,9.570440410958904,1.1064311986538653,0.1678082191780822,1.3576719576719576,0.004383503056607735,0.19801688012748628,3.125158831003812,0.017234256034940682,48.18221724137931,0.23517138599105814,0.3853211009174311,0.23102224078521447,-0.04343090987096136,0.9795626946368103,0.29983525535420097,0.3904761904761905,0.41919191919191917,0.3244467042869918,0.38890152664038025,0.2756884806344944,Aluminum,Basic Materials,KALU
2012Q2,2012,Q2,2012-07-26,2012-06-30,21000000.0,345200000.0,39600000.0,1.09,60700000.0,0.17584009269988413,1661400000.0,983600000.0,722500000.0,162400000.0,677800000.0,196800000.0,122600000.0,992062080.0000001,1050862080.0000001,51.397815749595026,4.448891625615763,0.2266762970988323,0.3828792191947946,0.01787662805005456,51.397815749595026,0.02135014233428223,2.873876245654693,11.810262857142858,1.0086031720211468,0.23333333333333334,1.445630081300813,0.004939207030269718,0.20777657397375707,2.7653940886699506,0.012639942217407007,31.196920754716984,0.17584009269988413,-0.21014492753623176,-0.36711010958598383,-0.06257699559411087,1.0576605052943495,-0.1377840909090909,-0.20754716981132076,-0.14285714285714285,0.09387947058428342,0.5184548916960288,0.24437487498833665,Aluminum,Basic Materials,KALU
2012Q1,2012,Q1,2012-04-26,2012-03-31,26500000.0,365400000.0,46200000.0,1.38,70400000.0,0.1926655719759168,1390300000.0,937300000.0,482200000.0,163700000.0,453000000.0,198200000.0,106500000.0,900728340.0,977928340.0,49.178865627787395,2.9456322541233964,0.11112709487161045,0.16483516483516483,0.02619998185282642,49.178865627787395,0.028272698175610796,2.4650474548440067,8.49743716981132,0.9609819054731676,0.18490566037735848,1.4883955600403633,0.005440041999788749,0.2628209738905272,1.2669517409896152,0.019060634395454218,34.643397692307694,0.1926655719759168,4.367636734693877,0.6266278705491013,-0.022088846789107146,1.2113355965023305,0.8873994638069705,4.408163265306122,2.3970588235294117,6.1321188221616545,0.4054211935183321,0.2129500807501353,Aluminum,Basic Materials,KALU
2011Q4,2011,Q4,2012-02-29,2011-12-31,4900000.0,317600000.0,13600000.0,0.25709638491001624,37300000.0,0.11744332493702771,1320600000.0,872800000.0,434500000.0,149800000.0,447800000.0,205700000.0,84400000.0,874426920.0,977326920.0,45.79463770397188,2.9005340453938584,0.11562925942753294,0.17495417048579284,0.005961737170053542,45.79463770397188,0.005614115490375802,2.7532333753148617,44.613618367346945,1.0018640238313474,0.9795918367346939,1.3626640738940203,0.00548930950113018,0.24049674390428594,1.000667556742323,0.00371043465091625,7.564246712802768,0.11744332493702771,0.1178103691739836,-0.5677972117542122,-0.008139884262057197,1.4713291806527042,0.516260162601626,0.11363636363636363,1.4727272727272727,1.046272601428126,-0.00515917084105791,0.13263428261111518,Aluminum,Basic Materials,KALU
2011Q3,2011,Q3,2011-10-27,2011-09-30,4400000.0,322300000.0,5500000.0,0.23,24600000.0,0.07632640397145517,1381300000.0,962100000.0,408100000.0,153500000.0,419200000.0,194600000.0,86200000.0,841275720.0,968975720.0,50.63950734249171,2.6586319218241043,0.10953449648881489,0.15726016006652116,0.0042618089089416986,50.63950734249171,0.004573329175761355,2.610225628296618,47.79975681818182,0.8744160898035547,1.0681818181818181,1.5298047276464544,0.00558675341301898,0.23333092014768697,1.0071661237785017,0.0031854050532107436,-40.252426794258376,0.07632640397145517,-0.04166666666666659,-0.6760639223926765,0.023883352117474783,1.9282781898367136,-0.36597938144329895,-0.022222222222222223,-0.6428571428571429,1.2095323426167464,-0.08126707872005816,0.06515563782150409,Aluminum,Basic Materials,KALU
2011Q2,2011,Q2,2011-08-02,2011-06-30,4500000.0,338800000.0,15400000.0,0.24,38800000.0,0.11452184179456906,1419800000.0,960900000.0,439700000.0,164900000.0,458900000.0,178200000.0,86600000.0,1036906080.0,1134106080.0,50.61630847029077,2.6664645239539113,0.11057895478236371,0.16338848995733166,0.008156741258280326,50.61630847029077,0.004683109584764283,3.060525619834711,57.605893333333334,1.079098844832969,1.0444444444444445,1.6835016835016836,0.004532715248424428,0.23862515847302437,1.1079442086112796,0.0031694604873925905,-14.012244324324325,0.11452184179456906,-0.5932203389830508,8.554235145385588,3.022277019105197,2.2986515082101584,-0.06954436450839328,-0.6017699115044248,-0.24878048780487805,-0.7916320114445405,-0.134989816410026,0.0134386157458218,Aluminum,Basic Materials,KALU
2011Q1,2011,Q1,2011-04-28,2011-03-31,11300000.0,322600000.0,20500000.0,0.59,41700000.0,0.12926224426534408,1370800000.0,925400000.0,433100000.0,164400000.0,445400000.0,169600000.0,86700000.0,933287500.0,1033087500.0,48.83377308707124,2.6344282238442824,0.11358330901663262,0.16825156688999351,0.01210579097351672,48.83377308707124,0.012210935811540955,2.8930176689398635,20.64795353982301,1.0085233412578343,0.415929203539823,1.65625,0.005035961587399381,0.23533702947184126,1.0535279805352797,0.008243361540706156,97.21744791666667,0.12926224426534408,38.26833333333333,0.23721086191732615,3.0330536640783574,2.2539268948669395,0.1813031161473088,38.666666666666664,0.6532258064516129,-0.694496082705194,-0.14531405029724698,-0.0023068409176837147,Aluminum,Basic Materials,KALU
2010Q4,2010,Q4,2011-02-22,2010-12-31,-300000.0,265800000.0,12400000.0,-0.0158311345646438,35300000.0,0.1328066215199398,1342400000.0,912200000.0,471400000.0,142300000.0,430200000.0,167500000.0,80100000.0,949205500.0000001,968105500.0000001,48.13720316622691,3.3127196064652145,0.11509237187127533,0.169370752028064,-0.0005535541300048665,48.13720316622691,-0.000328875246656435,3.571126787057939,-791.0045833333334,1.0405673098004824,-15.666666666666666,1.3761194029850747,0.004951509446584538,0.1980035756853397,1.572733661278988,-0.0002234803337306317,-316.4018333333334,0.1328066215199398,-1.0545901191884268,0.9988893112424847,3.081483431659571,2.2209306158982653,0.02318840579710145,-1.0545454545454545,-0.06060606060606061,-1.0129971019507764,-0.22059209760703208,0.02278792302275932,Aluminum,Basic Materials,KALU
2010Q3,2010,Q3,2010-10-27,2010-09-30,5500000.0,263400000.0,13200000.0,0.29,34500000.0,0.13097949886104784,1325700000.0,907700000.0,455800000.0,138700000.0,418000000.0,153300000.0,85100000.0,810485390.0,820085390.0,47.922496172324585,3.286229271809661,0.11563702195066757,0.1688883992508538,0.01159762935510152,47.922496172324585,0.006059270684146745,3.077013629460896,36.840245,0.8929000661011347,0.8545454545454545,1.4931506849315068,0.00579899410648229,0.19868748585652862,1.6863734679163662,0.004148751602926755,43.81002108108108,0.13097949886104784,27.999999999999996,0.9440997453836082,3.0793298218738148,2.9025718133553142,0.3068181818181818,54.0,2.3,-0.7655218837442586,-0.24055527759639767,0.7985305628691383,Aluminum,Basic Materials,KALU
2010Q2,2010,Q2,2010-08-03,2010-06-30,100000.0,282400000.0,4000000.0,0.01,26400000.0,0.09348441926345609,1274800000.0,901400000.0,432600000.0,128100000.0,373400000.0,146700000.0,84300000.0,655852390.0,666952390.0,47.6502616693979,3.377049180327869,0.11413555067461563,0.16141557577102286,0.00031840035660839954,47.6502616693979,0.00011093854004881296,2.3224234773371104,1639.630975,0.727593066341247,47.0,1.7450579413769598,0.007166246661081772,0.2215249450894258,1.7587822014051522,7.844367743959836e-05,198.7431484848485,0.09348441926345609,-0.9772727272727273,-0.9988355633968677,3.5241652927073686,2.8815913903194765,-0.26869806094182824,-0.9886363636363636,-0.7297297297297297,-0.9969511893225663,-0.22419762411936955,0.9076308997592722,Aluminum,Basic Materials,KALU
2010Q1,2010,Q1,2010-04-29,2010-03-31,8800000.0,267500000.0,14800000.0,0.44,36100000.0,0.1349532710280374,1271400000.0,887500000.0,429400000.0,131100000.0,383900000.0,131400000.0,88900000.0,772171400.0,780671400.0,44.33066933066933,3.2753623188405796,0.11326097215667767,0.16225352112676056,0.008417514945871707,44.33066933066933,0.009915492957746479,2.886622056074766,21.9366875,0.8700522816901408,0.5568181818181818,1.76103500761035,0.006345741372964604,0.2103979864716061,1.7963386727688788,0.006921503854019191,89.78737209302325,0.1349532710280374,-0.6344896265560166,3.2198331788693233,2.783470882351479,2.48541297852694,-0.35304659498207885,-0.6348547717842323,-0.5634218289085545,-0.4857656962920121,-0.31846105195161795,0.9933356708474712,Aluminum,Basic Materials,KALU
2009Q4,2009,Q4,2010-02-24,2009-12-31,24100000.0,237000000.0,33900000.0,1.2037962037962038,55800000.0,0.23544303797468355,1085500000.0,901200000.0,300700000.0,123200000.0,184300000.0,125200000.0,85000000.0,833232400.0,810032400.0,45.014985014985015,2.4407467532467533,0.00654076462459696,0.00787838437638704,0.026147428495349095,45.014985014985015,0.026742121615623612,3.515748523206751,8.643489626556017,0.9245810031069684,0.2033195020746888,1.4472843450479234,0.00588071227187037,0.21833256563795486,0.9448051948051948,0.02220175034546292,2777.441333333333,0.23544303797468355,0.05596158227737182,1.15062764653688,5.31376555171736,2.5044203594409113,-0.12264150943396226,0.04782608695652174,-0.20422535211267606,1.0236926938607611,-0.29538105453011726,1.4292548562847995,Aluminum,Basic Materials,KALU
2009Q3,2009,Q3,2009-10-29,2009-09-30,23000000.0,252000000.0,42600000.0,1.14,63600000.0,0.2523809523809524,1035500000.0,826200000.0,337300000.0,136400000.0,209300000.0,125600000.0,65800000.0,726545520.0,699045520.0,41.34721249124212,2.472873900293255,0.006856591018831483,0.00859356088114258,0.027666047818383326,41.34721249124212,0.02783829581215202,2.883117142857143,7.897233913043477,0.8793821350762527,0.21739130434782608,1.5,0.006881881261892579,0.24336069531627233,0.8482404692082112,0.02221149203283438,39.920083516483515,0.2523809523809524,0.17525773195876282,2.3124276134235098,2.5694146008002945,2.8868655031380728,0.14594594594594595,0.17346938775510204,0.21714285714285714,0.6100014488564186,-0.2388285244287752,1.3909423077473977,Aluminum,Basic Materials,KALU
2009Q2,2009,Q2,2009-07-30,2009-06-30,19600000.0,232100000.0,35000000.0,0.97,55500000.0,0.23912106850495476,1035500000.0,807000000.0,322100000.0,146200000.0,228500000.0,128100000.0,47800000.0,701609579.9999999,694109579.9999999,41.30412529429829,2.2031463748290014,0.006856591018831483,0.008798017348203221,0.024214032278787517,41.30412529429829,0.024287484510532836,3.0228762602326578,8.949101785714285,0.8694046840148698,0.25,1.3786104605776737,0.006983941125775392,0.22414292612264605,0.6285909712722298,0.018928054080154515,113.16283548387095,0.23912106850495476,4.105263157894737,2.336638004572286,1.7486554777683323,2.8554547584370598,0.9006849315068494,4.157894736842105,3.861111111111111,32.96992936841027,1.6773881471033196,2.0597308699472943,Aluminum,Basic Materials,KALU
2009Q1,2009,Q1,2009-04-30,2009-03-31,3800000.0,265900000.0,7200000.0,0.19,29200000.0,0.10981572019556224,1069800000.0,790300000.0,334800000.0,185600000.0,279500000.0,135000000.0,33100000.0,450655040.0,454355040.0,40.54483890827006,1.8038793103448276,0.006543279117592073,0.008857395925597875,0.00497330664907105,40.54483890827006,0.00480830064532456,1.6948290334712297,29.648357894736844,0.5702328735923068,1.263157894736842,1.7533333333333334,0.010651162361348493,0.24855113105253318,0.4488146551724138,0.0035520658066928398,10.288927853881278,0.10981572019556224,1.0341964912280703,1.2434886748409604,1.9630955899410236,2.799506470457334,1.2054890921885997,1.0350877192982457,1.0448318804483188,-0.5955156816471716,2.231772541434384,2.041088180191985,Aluminum,Basic Materials,KALU
2008Q4,2008,Q4,2009-02-20,2008-12-31,-108300000.0,326500000.0,-160600000.0,-5.556125589985635,-142100000.0,-0.4352220520673813,1145400000.0,788100000.0,428700000.0,235000000.0,357300000.0,171500000.0,34100000.0,438959840.0,481759840.0,40.431972091114304,1.8242553191489361,0.037541470228741054,0.05456160385737851,-0.12990479288963697,40.431972091114304,-0.13741910925009518,1.3444405513016846,-1.013296029547553,0.5569849511483315,-0.0443213296398892,2.7323615160349854,0.010934941109874653,0.285053256504278,0.5446808510638298,-0.09455212152959665,39.19284285714286,-0.4352220520673813,-4.005518549536608,0.2247803405307876,2.9368756476243116,2.8584757085285397,-8.8,-3.9004524886877827,-3.4,0.6101905265891726,3.8741518874518692,2.025498561200579,Aluminum,Basic Materials,KALU
2008Q3,2008,Q3,2008-11-05,2008-09-30,-22100000.0,369200000.0,-36500000.0,-1.11,-14500000.0,-0.03927410617551463,1210300000.0,950600000.0,467900000.0,170600000.0,259700000.0,269200000.0,142400000.0,858785250.0,892385250.0,47.54188547136784,2.742672919109027,0.028670577542757994,0.036503261098253734,-0.022126612555923426,47.54188547136784,-0.023248474647590996,2.3260705579631638,-9.714765271493214,0.9034138964864297,-0.22624434389140272,1.425334323922734,0.005822177313827875,0.3050483351235231,0.7338804220398594,-0.018259935553168637,-35.78271875,-0.03927410617551463,-1.9910714285714288,-5.052053080977746e-05,3.525270418796995,3.924265517388324,-1.2357723577235773,-1.969298245614035,-1.9605263157894737,-8.39996427678348,4.416468697439456,2.8874611816199023,Aluminum,Basic Materials,KALU
2008Q2,2008,Q2,2008-08-07,2008-06-30,22800000.0,413500000.0,38000000.0,1.12,61500000.0,0.1487303506650544,1212800000.0,1001000000.0,470900000.0,154300000.0,211800000.0,238200000.0,169300000.0,1072848260.0,1045448260.0,49.945115257958285,3.0518470511989633,0.0,0.0,0.022598811110560457,49.945115257958285,0.02277722277722278,2.594554437726723,11.763687061403509,1.0717764835164836,0.16228070175438597,1.4777497900923593,0.0034487635744499413,0.3409465699208443,0.9727802981205443,0.018799472295514513,-67.05301625,0.1487303506650544,-0.4166666666666666,2.485675521145009,3.6159915461014016,4.303554410686004,-0.32044198895027626,-0.41687979539641945,-0.4419970631424376,-0.7494110584526711,5.25259776834566,2.972209502434737,Aluminum,Basic Materials,KALU
2008Q1,2008,Q1,2008-05-08,2008-03-31,39100000.0,399000000.0,68100000.0,1.92,90500000.0,0.22681704260651628,1199600000.0,980500000.0,476000000.0,159100000.0,219100000.0,216700000.0,151500000.0,1388217600.0,1340717600.0,48.94668530351438,2.9918290383406663,0.0,0.0,0.039644751486095656,48.94668530351438,0.03987761346251912,3.479242105263158,8.876071611253197,1.415826211116777,0.09462915601023018,1.4236271342870328,0.002665288208419199,0.33261087029009667,1.1156505342551855,0.032594198066022005,-79.32672,0.22681704260651628,0.5762885245901639,3.4079446004672094,3.7131556216006065,4.411104862383325,0.41849529780564265,0.6024590163934426,0.5837209302325581,17.738254335232302,4.6400021160173575,2.6400844540241084,Aluminum,Basic Materials,KALU
2007Q4,2007,Q4,2008-02-26,2007-12-31,24400000.0,360500000.0,43000000.0,1.2180511182108626,63800000.0,0.1769764216366158,1165200000.0,942800000.0,454600000.0,165400000.0,222400000.0,207600000.0,116100000.0,1592143360.0,1523443360.0,47.064696485623,2.7484885126964933,0.0,0.0,0.026815790953376505,47.064696485623,0.02588035638523547,4.416486435506242,16.312944262295083,1.6887392448027154,0.15163934426229508,1.4291907514450868,0.002323911334215532,0.3093889461036732,1.094316807738815,0.020940611053896326,74.05317953488372,0.1769764216366158,-0.0015974440894568234,1.3612367184439904,2.962964918318789,4.481773065085546,0.006309148264984227,-0.016129032258064516,-0.022727272727272728,1.1524113240423361,8.59809702735329,2.572922607445234,Aluminum,Basic Materials,KALU
2007Q3,2007,Q3,2007-11-14,2007-09-30,24800000.0,366700000.0,44000000.0,1.22,63400000.0,0.17289337332969731,805500000.0,533600000.0,425800000.0,153700000.0,271900000.0,193700000.0,95400000.0,1420844700.0,1369444700.0,26.64536103066014,2.770331815224463,0.06207324643078833,0.0937031484257871,0.04173602271614609,26.64536103066014,0.046476761619190406,3.874678756476684,14.32303125,2.6627524362818593,0.0,1.5658234383066598,0.0,0.45524518932340163,1.420299284320104,0.03078833022967101,56.60735856573705,0.17289337332969731,-0.2884973939759057,2.196234343794315,3.238989127352833,4.890840909898516,-0.10829817158931083,-0.28530259365994237,-0.2982456140350877,2.4120300751879697,4.182652711050103,2.2159516813391305,Aluminum,Basic Materials,KALU
2007Q2,2007,Q2,2007-08-14,2007-06-30,34700000.0,385100000.0,62700000.0,1.714681,71100000.0,0.18462736951441183,773500000.0,499900000.0,409000000.0,160800000.0,273600000.0,194000000.0,78000000.0,1458547440.0,1437647440.0,24.978763803527706,2.5435323383084576,0.06464124111182935,0.10002000400080016,0.06260315454363395,24.978763803527706,0.06941388277655532,3.7874511555440145,10.508266858789625,2.917678415683137,0.0,1.6185567010309279,0.0,0.49786683904330964,1.2101990049751243,0.04486102133160957,72.20531881188118,0.18462736951441183,1.0172717647058822,3.7729582913963062,3.015070814894471,5.352330907089381,0.29038112522686027,1.0292397660818713,0.9411764705882353,4.767006029414213,3.4523223093395092,2.122090489240519,Aluminum,Basic Materials,KALU
2007Q1,2007,Q1,2007-05-15,2007-03-31,17100000.0,392200000.0,32300000.0,0.85,55100000.0,0.1404895461499235,717600000.0,444900000.0,385400000.0,162300000.0,272700000.0,180800000.0,43300000.0,1560390000.0,1558590000.0,22.23944013996501,2.374614910659273,0.06967670011148272,0.11238480557428636,0.033922299245618376,22.23944013996501,0.03843560350640594,3.978556858745538,22.812719298245614,3.5072825354012136,0.0,1.864491150442478,0.0,0.5465440356744704,1.070856438693777,0.023829431438127092,1560.39,0.1404895461499235,0.4289285714285714,2.076457328725541,3.2703248364919024,5.414148823256443,0.16,0.4369747899159664,0.25680933852140075,2.0676013809047737,3.258461851928322,1.987055751331462,Aluminum,Basic Materials,KALU
