Quarters,Year,Quarter,FillingDate,Date,NetIncome,Revenue,OperatingIncome,EPSDiluted,GrossProfit,GrossProfitRatio,TotalAssets,CommonStockEquity,CurrentAssets,CurrentLiability,TotalLiability,Inventory,RetainedEarnings,MarketCap,EnterpriseValue,bookValuePerShare,currentRatio,debtToAssets,debtToEquity,roic,shareholdersEquityPerShare,roe,priceToSalesRatio,peRatio,pbRatio,payoutRatio,inventoryTurnover,dividendYield,assetTurnover,quickRatio,returnOnAssets,priceToFreeCashFlowsRatio,grossProfitMargin,epsdilutedGrowth,fiveYNetIncomeGrowthPerShare,fiveYRevenueGrowthPerShare,fiveYShareholdersEquityGrowthPerShare,grossProfitGrowth,netIncomeGrowth,operatingIncomeGrowth,threeYNetIncomeGrowthPerShare,threeYRevenueGrowthPerShare,threeYShareholdersEquityGrowthPerShare,Industry,Sector,Symbol
2023Q1,2023,Q1,2023-05-15,2023-03-31,-4257139.0,239895.0,-3464983.0,-1.07,119756.0,0.4992017341,25061579.0,18554385.0,19780179.0,3910349.0,6507194.0,380292.0,-157199718.0,25951367.46,10378771.46,4.675887622763444,5.058417803628269,0.1206836568438086,0.1630085287116765,-0.1752138321771586,4.675887622763444,-0.22944112672017963,108.17802563621585,-1.5239910806295025,1.3986649226045489,-0.00018651023609987834,0.3159125093349321,3.0595690235739124e-05,0.009572222085448008,4.828183366753198,-0.1698671500307303,-7.46930047858568,0.4992017340919986,-2.566666666666667,0.30612381316077814,-0.8328003109976851,0.020481498282576654,-0.4298283619396767,0.8087170762714968,0.21758705826193733,-0.1526673515781674,-0.0025250864373032333,1.1973487105272889,Medical Instruments & Supplies,Healthcare,POAI
2022Q4,2022,Q4,2023-03-21,2022-12-31,-22255719.0,363473.0,-4428586.0,-0.3,210035.0,0.5778558517,25734644.0,21765892.0,23360013.0,3882670.0,3968752.0,430493.0,-153777916.0,448207640.17999995,426316436.17999995,0.2981711262805096,6.01648169944909,0.007006858148105721,0.008284475545500271,-0.5627060451108507,0.2981711262805096,-1.0225043384392425,1233.1249918976098,-5.034746801260386,20.592201788927373,0.0,0.35642391397769535,0.0,0.014123879079112188,5.7699261075497015,-0.8648154992934816,-135.87859541761642,0.5778558517413949,0.7058823529411764,0.8790356977282322,-0.9742731926155259,-0.8739133365186421,-0.3958887009744705,-4.580365320961562,-0.07210242016641534,0.8905390869304947,-0.9302672831614165,-0.8708078160897609,Medical Instruments & Supplies,Healthcare,POAI
2022Q3,2022,Q3,2022-11-10,2022-09-30,-3988219.0,455827.0,-4130749.0,-1.02,347676.0,0.76273674,33166209.0,29592878.0,26857321.0,3468078.0,3573331.0,493722.0,-145861805.0,28218189.6,3049697.6000000015,7.550758025950751,7.744151371451276,0.006791430398331025,0.007611493549224919,-0.1350791515602776,7.550758025950751,-0.13476955502604376,61.905480807411585,-1.768846545287508,0.9535466472710089,0.0,0.21905242221331034,0.0,0.013743717287676744,7.415763428619541,-0.12024946836703586,-9.895265327248513,0.7627367400351449,0.799212598425197,0.36069295436650844,-0.5247585708837451,1.0624095913980693,0.4638003334512201,0.771949733573806,-2.075289130043181,0.20119285675499354,-0.2998404783036609,0.14703435897739892,Medical Instruments & Supplies,Healthcare,POAI
2022Q2,2022,Q2,2022-08-11,2022-06-30,-17488333.0,371591.0,3841524.0,-5.08,237516.0,0.6391866326,36495767.0,33535397.0,29823518.0,2825177.0,2960370.0,474616.0,-141802321.0,28247564.999999996,533310.9999999963,9.735007438694273,10.556336116285811,0.014664659602852024,0.015959196785414527,0.18682383083486592,9.735007438694273,-0.5214887719981368,76.01789332895575,-0.4038058544516507,0.8423208766545986,0.0,0.2824915299947747,0.0,0.010181756147226608,10.118250644118936,-0.47918798363656806,-8.019675023273257,0.6391866326148911,-4.02970297029703,-0.23095539173921595,-0.37718487537650985,0.8766637196608855,0.15790859232175503,-4.255909028342539,2.125205620046959,-11.259872477289809,0.1161740503750096,0.2930771787324037,Medical Instruments & Supplies,Healthcare,POAI
2022Q1,2022,Q1,2022-05-12,2022-03-31,-3327366.0,314568.0,-3414064.0,-1.01,205125.0,0.6520847639,40058768.0,37180494.0,26244309.0,2681250.0,2878274.0,455680.0,-131410997.0,64320876.451754004,39908066.451754004,11.295040273361861,9.788087272727273,0.017543000823190567,0.01890106677980126,-0.08734146738670812,11.295040273361861,-0.08949224827405466,204.4736796233374,-4.83271726432815,1.7299629330302604,0.0,0.24017512289325843,0.0,0.007852662867714754,9.465930815850816,-0.08306211514043567,-20.265315890366516,0.6520847638666362,-7.416666666666667,0.5140466816972826,-0.6480656112034092,0.8295016014660959,-0.39716812286749603,0.5710229030780846,0.5944410721094965,0.5171328992706157,-0.4110110563611842,252.8219255921646,Medical Instruments & Supplies,Healthcare,POAI
2021Q4,2021,Q4,2022-03-31,2021-12-31,-7756512.0,476493.0,-8418170.0,-0.12,340269.0,0.7141112251,43771271.0,40265684.0,29458273.0,3240508.0,3505587.0,387684.0,-128040282.0,1245336245.886312,1218012956.886312,0.6156238254191736,9.090634246235467,0.020089112788157327,0.02183809916155901,-0.18851646894726723,0.6156238254191736,-0.1926333102897246,2613.5457307585043,-40.13841034108862,30.927979415084867,0.0,0.35137895812053116,0.0,0.010885975872165101,8.812448850612311,-0.17720554653302162,-320.19514182648413,0.7141112251386694,-0.4999999999999999,0.8955995694030128,-0.9663265352693474,-0.5700506589035975,0.6720999714984914,-0.42634934756548204,-0.5323717460966995,0.9458647976898009,-0.9632139039643777,17.111707745773458,Medical Instruments & Supplies,Healthcare,POAI
2021Q3,2021,Q3,2021-11-10,2021-09-30,-5438017.0,313663.0,-5493556.0,-0.08,203498.0,0.6487791036877159,51190110.0,47784906.0,43039908.0,2985833.0,3405204.0,397976.0,-120283770.0,1739807899.2,1699062209.2,0.7305855434869956,14.414707051600006,0.02003951544546398,0.0214675529549017,-0.11023145339336851,0.7305855434869956,-0.1138019817387524,5546.742520475797,-79.98356290537525,36.409151860631475,0.0,0.27681317466379884,0.0,0.006127414064943404,14.082069559817981,-0.10623178969531419,-566.8419180920731,0.6487791036877159,-0.6,0.9738495307411682,-0.9881712861261002,20.066866254103516,-0.018482612260647277,-1.1127275312634521,-1.1143479765239912,0.9560468151744212,-0.9807370448644832,-0.6800943784289012,Medical Instruments & Supplies,Healthcare,POAI
2021Q2,2021,Q2,2021-08-11,2021-06-30,-2573932.0,350207.0,-2598227.0,-0.05,207330.0,0.5920212902654716,56912313.0,53088086.0,45637179.0,3222365.0,3824227.0,317826.0,-114845753.0,1351442215.981762,1307756250.981762,1.0292026472457454,14.162634897039908,0.020998426122656445,0.02251105831918672,-0.04683327642211474,1.0292026472457454,-0.04848417401976029,3858.981162517488,-131.2624241803748,25.456600864867536,0.0,0.44954471943767976,0.0,0.006153448727343062,13.988965868236528,-0.04522627642984744,-552.6146007640687,0.5920212902654716,0.5454545454545454,0.9947490888940502,-0.9785784983399936,-0.6467166117717447,0.13568764070793551,0.3381018347201246,0.31221458935942276,0.9750259277108856,-0.9775096322937334,-0.6363420382523143,Medical Instruments & Supplies,Healthcare,POAI
2021Q1,2021,Q1,2021-05-12,2021-03-31,-3888713.0,280317.0,-3777671.0,-0.11,182559.0,0.651259110221642,39653844.0,35545087.0,28202080.0,3260903.0,4108757.0,292824.0,-112271821.0,883621896.5133001,857610299.5133001,0.9734832786957082,8.64854919020897,0.0324762966233488,0.03623032347620924,-0.0990976111749449,0.9734832786957082,-0.10940226422852756,3152.22371997881,-56.806834067807266,24.859185082689486,0.0,0.333845586427342,0.0,0.00706910028697344,8.452976062152109,-0.09806648253319401,-237.83888954743364,0.651259110221642,-143.11074530583147,0.9964578670800938,-0.9942655107328181,-0.9721635355742563,-0.08592529541357902,-338.03410085600876,0.6988439079179302,0.9311186804935903,-0.9787677940065681,-0.7875437232579767,Medical Instruments & Supplies,Healthcare,POAI
2020Q4,2020,Q4,2021-03-15,2020-12-31,-11469.976,293788.0,-12543897.0,-0.0007633018604307282,199720.0,0.6798099309706319,11548828.0,2642681.0,1514235.0,9336921.0,10417755.0,289535.0,0.0,219992190.96,223745783.96,0.17586465079133007,0.16217712455744243,0.3837553905902833,1.6770563681352384,-1.4727716983178987,0.17586465079133007,-0.004340280192728521,748.8127185589609,-4794.957525630393,83.24583669387263,0.0,0.32489336349664116,0.0,0.025438771795718147,0.10016256965224403,-0.0009931722941929693,-90.0764165674426,0.6798099309706319,0.9983406481294984,0.9999755851986847,-0.9922784436430555,-0.9969047698992514,-0.34636116393008043,0.9981815988836548,-1.236641422818031,0.9996971533315135,-0.8989834602375576,-0.9256326817448709,Medical Instruments & Supplies,Healthcare,POAI
2020Q3,2020,Q3,2020-11-16,2020-09-30,-6307726.0,480757.0,-5608363.0,-0.46,305551.0,0.635562248703607,25160979.0,12236766.0,3457767.0,11607327.0,12924212.0,205908.0,-96913132.0,244636139.94678897,249713014.94678897,0.8143300608000817,0.2978952001610707,0.22860302852285677,0.4700487040448432,-0.28342310091397527,0.8143300608000817,-0.5154732876317157,508.856116388922,-9.695892780805197,19.991894912985096,0.0,0.8508945742758902,0.0,0.01910724538977597,0.2569564034854881,-0.2506947762247248,-73.0503760961653,0.635562248703607,-0.2777777777777779,0.9940802807969255,-0.994128788613383,-0.9977949418143629,2.13311731591522,-0.7632260275542591,-0.48825119247430954,0.7362856425064592,-0.8692714855748468,-0.7775743677408613,Medical Instruments & Supplies,Healthcare,POAI
2020Q2,2020,Q2,2020-08-13,2020-06-30,-3577378.0,182784.0,-3768425.0,-0.36,97523.0,0.5335423231792717,27496401.0,11691158.0,4328643.0,14651778.0,15805243.0,235368.0,-90605406.0,322691375.761848,325237824.761848,1.1883489907454163,0.2954346564628539,0.16047107401437738,0.3774114591557141,-0.21373028159248536,1.1883489907454163,-0.30599004820566106,1765.4246310500262,-22.550830228301848,27.601318514543042,0.0,0.3622455049114578,0.0,0.006647560893514755,0.2502475126227001,-0.13010349972710974,-85.83434187927384,0.5335423231792717,0.6129032258064516,0.9959957289746488,-0.9989636728917027,1.0025245697260987,-0.5178954549499224,0.21017274789995932,-0.0956787790258165,0.9118317199736962,-0.8927281483873232,-0.7709163088706718,Medical Instruments & Supplies,Healthcare,POAI
2020Q1,2020,Q1,2020-06-08,2020-03-31,-4529317.0,294943.0,-3439352.0,-0.93,202286.0,0.6858477739766666,25048996.0,10355390.0,3744173.0,12374425.0,14693606.0,155683.0,-87028028.0,153289332.0,156165265.0,2.127967946262562,0.30257349331383077,0.23682290499786898,0.5728587720983951,-0.20328391382022462,2.127967946262562,-0.43738738956234385,519.725275731243,-8.460951838875486,14.802854552073846,0.0,0.5951645330575592,0.0,0.011774643582521232,0.2687817817797595,-0.18081830505302487,-51.003091341814034,0.6858477739766666,0.6661039588247871,0.9488861370752553,-0.9950318567470526,1.0047588701793975,-0.06292242054208802,0.665836000039545,-0.18859179247147878,0.5525415757303416,-0.776791231320236,-0.655324755703848,Medical Instruments & Supplies,Healthcare,POAI
2019Q4,2019,Q4,2020-04-01,2019-12-31,-13554174.0,347477.0,-2893636.0,-2.785298072797395,215869.0,0.6212468738938117,22375510.0,11231318.0,798264.0,10873928.0,11144192.0,190156.0,-82498711.0,254022326.466328,259397040.466328,2.307965677611538,0.07341082265764497,0.21433254482244204,0.42700242304598623,-0.17268363416231308,2.307965677611538,-1.2068195380096975,731.0478865258075,-4.685315506247891,22.617321178719006,0.0,0.6921054292265298,0.0,0.015529344359078295,0.04118897973207106,-0.6057593324129819,-90.6257753678416,0.6212468738938117,-1.1261817349598433,0.9853987802041401,-0.9946594891715305,1.0051881067262793,-0.3138302606484425,-2.381347991474143,0.1599890848709344,-1.452037803804332,-0.6699531240536626,0.6118744619517242,Medical Instruments & Supplies,Healthcare,POAI
2019Q3,2019,Q3,2019-11-15,2019-09-30,-4008512.0,522696.0,-3444760.0,-1.31,314600.0,0.6018794863553576,31881811.0,20713663.0,1062626.0,10782168.0,11168148.0,210350.0,-68944537.0,317807509.0,323066002.0,6.582852524733769,0.09855401993365341,0.14021725428332787,0.2158179362095444,-0.13213119451277877,6.582852524733769,-0.19352019003109203,608.015957650336,-19.820790669954338,15.342892708064237,0.0,0.9892845257903494,0.0,0.01639480266663647,0.06684351421717784,-0.12573037334673365,-167.07813583478477,0.6018794863553576,-7.55,0.9863609602346928,-0.9950072198373489,1.0204961361147464,0.8752868664349879,-3.735991438150466,0.3244103525195856,0.5993187731992065,-0.5902676141201518,188.82044600438013,Medical Instruments & Supplies,Healthcare,POAI
2019Q2,2019,Q2,2019-08-19,2019-06-30,1465104.0,286151.0,-5098894.0,0.2,167761.0,0.5862673902939357,32251502.0,22291588.0,1094002.0,9455816.0,9959914.0,320876.0,-64936025.0,467828046.0,472572765.0,7.528558696115453,0.1156962022103645,0.11809530607287685,0.17086046090570128,-0.18811036608167148,7.528558696115453,0.06572452352878584,1634.899217545981,79.82847053861022,20.986752760727498,0.0,0.36895872548897396,0.0,0.008872486000807032,0.06542037197001295,0.045427465672761534,-233.67135529752352,0.5862673902939357,1.0952380952380953,1.0033839579841883,-0.9963953516697178,1.0277261088049736,-0.075819175425839,1.4448898087686568,-1.1816222210907654,1.0520682590881156,-0.695078980241888,1.5842478463853937,Medical Instruments & Supplies,Healthcare,POAI
2019Q1,2019,Q1,2019-05-15,2019-03-31,-3293184.0,255241.0,-2337203.0,-2.1,181524.0,0.7111866823903683,5086961.0,70005.0,3654259.0,4761831.0,5016956.0,289023.0,-66401129.0,242265254.0,244219600.0,0.04449986047111816,0.7674062771232326,0.6052879115841462,43.9836583101207,-0.7421857360925298,0.04449986047111816,-47.04212556245982,949.1627677371582,-18.39141496497007,3460.685008213699,0.0,0.2550558260069268,0.0,0.050175537024954586,0.6509370030141767,-0.647377481368542,-118.07156270119029,0.7111866823903683,0.0413672720139655,0.9847262443654827,-0.972739890658209,1.0003168855676214,-0.11496175092514492,0.04439471460540611,0.17336558471966193,0.9303765349376298,-0.8788073115092612,-0.9987275397430405,Medical Instruments & Supplies,Healthcare,POAI
2018Q4,2018,Q4,2019-04-01,2018-12-31,-3446176.0,311547.0,-2827372.0,-2.19061997227221,205103.0,0.6583372653243331,3708999.0,53472.0,1451527.0,3655527.0,3655527.0,241066.0,-63107945.0,194756098.51945302,196228860.51945302,0.03399037981732205,0.3970773571088382,0.44079655993436506,30.5751421304608,-1.6746004764313374,0.03399037981732205,-64.44823459006582,625.1258992044636,-14.128420785782055,3642.2071087569757,0.0,0.4415554246554885,0.0,0.08399759611690379,0.24402227093384893,-0.9291391019517665,-157.83872549682428,0.6583372653243331,-0.15295788014326855,0.9880033112556253,-0.9714041974417217,1.0001245997305181,-0.16936790267450713,-0.3746932927089529,-0.5192079020656253,0.9299313231723859,-0.9217849829967304,-0.999401766948201,Medical Instruments & Supplies,Healthcare,POAI
2018Q3,2018,Q3,2018-11-14,2018-09-30,-2506869.0,329930.0,-1861083.0,-1.9,246924.0,0.7484132997908647,5415699.0,3026567.0,3109540.0,2389132.0,2389132.0,278155.0,-61405345.0,265052000.0,265846789.0,2.2837533766958935,1.3015354530431973,0.1855125257145938,0.33195366235077567,-0.46166434356416264,2.2837533766958935,-0.8282879579404652,803.3582881217228,-26.432573860062096,87.57513050264541,0.0,0.2984163505958908,0.0,0.06092103715512993,1.0158321097369254,-0.46288927800455676,-259.59505240342753,0.7484132997908647,0.050000000000000044,0.9965303064947192,-0.9831675213364061,1.0137764228042323,-0.010784565091981283,-0.056230908271221576,-0.31720600579516484,0.9733237348684088,-0.9543133824505442,-0.9938160098470248,Medical Instruments & Supplies,Healthcare,POAI
2018Q2,2018,Q2,2018-08-14,2018-06-30,-2373410.0,358586.0,-1412902.0,-2.0,249616.0,0.6961119508290898,4001034.0,3361778.0,2007244.0,639256.0,639256.0,244660.0,-58898476.0,268453874.0,267449605.0,2.830139184357608,3.1399689639205577,0.0,0.0,-0.4202841472577904,2.830139184357608,-0.7059984329720761,748.645719576336,-28.27723338993263,79.8547298483124,0.0,0.44539360745524403,0.0,0.08962333236858272,2.3263105860562905,-0.5931991580176524,-177.3249739581441,0.6961119508290898,-0.3333333333333333,0.9890079466338685,-0.9870588650452368,1.0052419126247871,-0.1516873406966865,-0.34851155269650036,0.19722480741718001,0.9779969091287116,-0.9831614650380177,1.0060124456377022,Medical Instruments & Supplies,Healthcare,POAI
2018Q1,2018,Q1,2018-05-15,2018-03-31,-1760022.0,411593.0,-1760022.0,-1.5,294250.0,0.7149052583498747,5999437.0,5215833.0,3122940.0,783604.0,783604.0,272556.0,-56525066.0,250430620.0,248197817.0,4.582040566764559,3.9853548476015948,0.0,0.0,-0.3374383343945253,4.582040566764559,-0.3374383343945253,608.442369039318,-35.572086598917515,48.01354261150616,0.0,0.4305280382747032,0.0,0.06860527079457622,3.3717017779388567,-0.29336452737148505,-143.0103772636734,0.7149052583498747,0.4048619212415534,0.995769549356958,-0.983722475222134,1.0092618052596338,0.839326903242341,0.3865490714525465,0.3865490714525465,0.9150896339665758,-0.9703611992858899,1.010247022870933,Medical Instruments & Supplies,Healthcare,POAI
2017Q4,2017,Q4,2018-04-02,2017-12-31,-2869051.0,220313.0,-2869051.0,-2.5204235009281213,159977.0,0.7261350896224916,3624254.0,2691914.0,2371182.0,932340.0,932340.0,265045.0,-54765045.0,229940842.0,229174653.0,2.3648109803825106,2.5432588969689167,0.0,0.0,-1.0658033651892296,2.3648109803825106,-1.0658033651892296,1043.700743941574,-20.036315318201037,85.4190891685247,0.0,0.22764436227810372,0.0,0.06078850985609728,1.6852221292661476,-0.7916252558457547,-173.30991942030252,0.7261350896224916,-0.5752646880800757,0.9915609182260894,-0.9875743408025618,1.0041165084728971,0.2919186943284691,-1.8919115608888262,-3.891911560888826,0.9867873180701476,-0.985524502756615,1.0053158900380175,Medical Instruments & Supplies,Healthcare,POAI
2017Q3,2017,Q3,2017-11-14,2017-09-30,-992095.0,152535.0,992095.0,-1.6,123829.0,0.8118071262333235,3499337.0,2281897.0,3302854.0,1217440.0,1217440.0,238889.0,-51895993.0,181248653.32068798,180482949.32068798,3.661134072224825,2.712950124852149,0.0,0.0,0.43476765165123576,3.661134072224825,-0.43476765165123576,1188.2430479607171,-45.673210055662004,79.42893711709512,0.0,0.12016459527228127,0.0,0.04358968570332037,1.349070180049941,-0.28350941906995525,-168.19800213688495,0.8118071262333235,0.6097560975609756,0.9976377859380018,-0.9799056425759782,1.0069613614676614,0.46004103192944396,0.609974957443379,1.390025042556621,0.9829581693711288,-0.992644280661479,1.0113991771799096,Medical Instruments & Supplies,Healthcare,POAI
2017Q2,2017,Q2,2017-08-14,2017-06-30,-2543670.0,106822.0,-2543670.0,-4.1,84812.0,0.79395630113647,4531994.0,3199423.0,4328760.0,1255257.0,1332571.0,242204.0,-50903968.0,181329792.0,180169943.0,5.187401097333195,3.4485049675086454,0.0,0.0,-0.7950402306915966,5.187401097333195,-0.7950402306915966,1697.4948231637677,-17.821670263831393,56.67577935146431,0.0,0.09087380885534509,0.0,0.02357064020826153,0.9598456730374736,-0.5612694985915692,-195.53122486170568,0.79395630113647,-0.9523809523809521,0.9943730509371347,-0.9797798748933231,1.006664588645058,-0.3861942188834368,-0.8956483116182397,-0.8956483116182397,0.9717950970284761,-0.9935399530809069,1.0191041144852746,Medical Instruments & Supplies,Healthcare,POAI
2017Q1,2017,Q1,2017-05-15,2017-03-31,-1341847.0,175166.0,-1341847.0,-2.1,138174.0,0.7888174645764588,5466248.0,3982716.0,5258367.0,1296610.0,1483532.0,249186.0,-48360298.0,270940320.0,268853912.0,6.173834592060716,4.0554731183624995,0.0,0.0,-0.33691757082352847,6.173834592060716,-0.33691757082352847,1546.7631846362879,-50.478989035262586,68.0290334535528,0.0,0.14845135762041206,0.0,0.032045015154819174,1.6619600342431418,-0.24547861714287386,-228.97010056621312,0.7888174645764588,-0.8487354866179384,0.9949205839607614,-0.9791025586227143,1.003641790734347,0.29045333134094176,-0.8311930586867402,-0.8311930586867402,0.9848232457260552,-0.9543781354825771,1.0439641620983442,Medical Instruments & Supplies,Healthcare,POAI
2016Q4,2016,Q4,2017-03-15,2016-12-31,-732772.0,139564.0,-732772.0,-1.1359115542492901,107074.0,0.7672035768536298,2807546.0,923682.0,2608183.0,1574215.0,1883864.0,272208.0,-47018451.0,361253760.0,359489670.0,1.4318520034227464,1.6568149839761406,0.0,0.0,-0.7933163144891857,1.4318520034227464,-0.7933163144891857,2588.4451577770774,-123.24903244119588,391.1018727224304,0.0,0.11935725621583496,0.0,0.04971031641155657,1.3259548409842365,-0.2610008883202626,-524.9408003719957,0.7672035768536298,0.6450276392970968,0.9993332904549131,-0.994907027174158,1.0009226942651412,-0.009711072472346566,0.30581957250569114,0.3058175996362224,0.9937793056166957,-0.9687609235480017,1.005248790237916,Medical Instruments & Supplies,Healthcare,POAI
2016Q3,2016,Q3,2016-11-14,2016-09-30,-1055593.0,134605.0,-1055590.0,-3.2,108124.0,0.803268823594963,1917065.0,11514.0,1708820.0,1473175.0,1905551.0,289249.0,-46285679.0,273910725.0,273276247.0,0.03467936496462488,1.1599572352232423,0.0,0.0,-91.67882577731457,0.03467936496462488,-91.6790863296856,2034.9223654396196,-64.8712915394475,23789.36294945284,0.0,0.0915508783090002,0.0,0.07021410332982972,0.8528402939229894,-0.5506297386890898,-294.5881627301951,0.803268823594963,0.6799999999999999,0.9929424399081166,-0.9709499059291422,1.0000203470114062,1.2222130878000659,0.5878652127587719,0.5878663840476699,0.9941682086689817,-0.9725884584940546,1.0002091984183625,Medical Instruments & Supplies,Healthcare,POAI
2016Q2,2016,Q2,2016-08-12,2016-06-30,-2561281.0,85422.0,-2561281.0,-10.0,48656.0,0.5695956545152303,2894677.0,785179.0,2677078.0,1554394.0,2109498.0,292160.0,-45230087.0,206182800.0,205599756.0,2.913249480558029,1.7222647539812943,0.0,0.0,-3.2620345169700156,2.913249480558029,-3.2620345169700156,2413.6967057666643,-20.12496871682568,262.5933704289086,0.0,0.125842004381161,0.0,0.029510028234583686,0.9408734207671928,-0.8848244553710137,-171.60378025892527,0.5695956545152303,0.6666666666666666,0.9703415391423297,-0.838592272248858,1.001443871142323,3.4144438395935404,-0.17685971450613383,-0.17685971450613383,0.9477202470518835,-0.9864131428184407,1.0053958474253477,Medical Instruments & Supplies,Healthcare,POAI
2016Q1,2016,Q1,2016-05-23,2016-03-31,-2176369.0,96905.0,-2176369.0,-30.0,11022.0,0.11374026108043961,4051051.0,2531378.0,3818840.0,1519673.0,1519673.0,256531.0,-42668806.0,62612160.0,61076368.0,34.97151304155614,2.5129353485914403,0.0,0.0,-0.8597566226774508,34.97151304155614,-0.8597566226774508,646.1189825086425,-7.192273001499286,24.734417380572953,0.0,0.33478604924940847,0.0,0.02392095285890007,1.5736411714888663,-0.5372356457620504,-38.9695853532691,0.11374026108043961,0.04042675980532084,0.9281439793134842,0.0,1.0178456330265846,-0.8597727764277808,0.03828403459822908,0.0398767403695142,0.9177334591929479,-0.9397317279631624,1.0706888860336623,Medical Instruments & Supplies,Healthcare,POAI
2015Q4,2015,Q4,2016-03-16,2015-12-31,-2263006.0,183276.0,-2266760.0,-31.263898099027408,78601.0,0.42886684563172484,5632419.0,4112711.0,5397834.0,1519708.0,1519708.0,231740.0,-40492437.0,1064044800.0,1059188568.0,56.81795700707339,3.5518889155021887,0.0,0.0,-0.5511595636065846,56.81795700707339,-0.550246783690855,5805.696326851306,-117.5477219238482,258.72102367513787,0.0,0.45169155087598173,0.0,0.03253948259176031,3.220694370234282,-0.401782253770538,-368.594187611392,0.42886684563172484,0.5533728842996085,0.9100390949186812,0.0,1.0296084043233726,0.190581499265363,-1.0270529791240073,-1.1292168499283297,0.8953197379203356,-0.8374424742411299,1.09890498791345,Medical Instruments & Supplies,Healthcare,POAI
2015Q3,2015,Q3,2015-11-13,2015-09-30,-1116402.0,85792.0,-1064598.0,-70.0,66019.0,0.7695239649384558,8416378.0,5814274.0,8197406.0,2602104.0,2602104.0,236890.0,-38229431.0,253006080.0,245272983.0,369.3009400406504,3.1502991425400366,0.0,0.0,-0.1831007620211913,369.3009400406504,-0.19201055884191218,2949.063782170832,-56.65658069405107,43.51464688454655,0.0,0.08346912068892735,0.0,0.010193458516240596,2.977318738989679,-0.13264637115870984,-56.9986023287312,0.7695239649384558,0.2222222222222222,0.6757466412508426,0.0,1.13024397627034,-0.5611780971245497,0.05814851091724056,-0.0687533128804793,0.8947670079860368,-0.5525786211073387,1.702196992312779,Medical Instruments & Supplies,Healthcare,POAI
2015Q2,2015,Q2,2015-08-10,2015-06-30,-1185327.0,234012.0,-996112.0,-90.0,150446.0,0.6428986547698409,745455.0,-6144223.0,520217.0,6889678.0,6889678.0,257668.0,-37113029.0,202321500.0,203210471.0,-470.7134758293113,0.0755067217945454,1.2516838709244689,-0.15186200110249903,0.19115016669068569,-470.7134758293113,0.19291731436179968,864.5774575662787,-42.672085424528426,-32.92873647326928,0.0,0.32431656239812473,0.0,0.3139183451717408,0.00870258377822592,-1.5900718353220515,-966.4270360640077,0.6428986547698409,-4.142857142857143,-0.33387461324087675,0.0,0.8396989538733979,1.7202473511011465,-4.249571513983923,-12.801726407382262,0.876102686974106,1.0930170046378962,0.3952440485659431,Medical Instruments & Supplies,Healthcare,POAI
2015Q1,2015,Q1,2015-05-18,2015-03-31,-225795.0,151274.0,-72173.0,-17.5,55306.0,0.3656014913336066,724917.0,-5544762.0,474165.0,6066223.0,6269679.0,301389.0,-35897301.0,213900000.0,214803789.0,-447.15822580645164,0.0781647822706155,1.2515115523570284,-0.16362145029849792,0.0155628439338267,-447.15822580645164,0.04072221675159367,1413.990507291405,-236.82986780043842,-38.57694883928291,0.0,0.31841905311739976,0.0,0.20867768310027218,0.01541090724821689,-0.31147703806090904,-16541.644111050962,0.3656014913336066,0.9082606817119149,0.9848075127752415,25.559363239247308,0.8872896611992288,0.23885043567860584,0.9045424913693171,0.9664723472237127,0.9555340299661167,-0.06111963345375782,0.7362325376155916,Medical Instruments & Supplies,Healthcare,POAI
2014Q4,2014,Q4,2015-04-30,2014-12-31,-2365398.0,165792.0,-2152641.0,-190.75790322580644,44643.0,0.2692711349160394,900977.0,-5516227.0,631315.0,6203321.0,6417204.0,367367.0,-35641105.0,403000000.0,403921040.0,-444.8570161290323,0.10177048713100612,1.0404527529559577,-0.1699393444105908,0.470131822661949,-444.8570161290323,0.42880722638861674,2430.7566106929166,-42.5932549194681,-73.05718201952168,0.0,0.3297764905394333,0.0,0.18401357637320376,0.011918293443141182,-2.6253700149948336,-1770.1836071334446,0.2692711349160394,-1.0762245892563258,0.6825679945789945,0.0,0.8809045016428463,-0.8299495672842516,-1.1210127858065801,-1.18923182065035,0.8880369563936289,-0.6852511258870543,0.7133313941602544,Medical Instruments & Supplies,Healthcare,POAI
2014Q3,2014,Q3,2014-11-12,2014-09-30,-1115221.0,397254.0,-983286.0,-91.877297,262528.0,0.6608567818071058,1236865.0,-3834833.0,947218.0,4842380.0,5071698.0,315620.0,-33245305.0,492525000.0,493450633.0,-321.1752931323283,0.19561000995378305,0.9456787927542618,-0.30501380373017545,0.36894125522108273,-321.1752931323283,0.2908134461135596,1239.823891011796,-110.40973044804572,-128.43453678426152,0.0,0.4268614156263862,0.0,0.32117813989400623,0.09967164906512913,-0.9016513524111363,-400.3106415455026,0.6608567818071058,0.510000000639984,0.9333027744883419,0.0,0.9222534672156578,0.19369975628387473,0.3575745670680214,0.4287143536908669,0.7926663544871306,1.3839952823731765,0.8115606396083451,Medical Instruments & Supplies,Healthcare,POAI
2014Q2,2014,Q2,2014-08-08,2014-06-30,-1735954.0,318293.0,-1721181.0,-187.504688,219928.0,0.6909608442535651,972772.0,-3223642.0,699977.0,3905940.0,4196414.0,360662.0,-32099683.0,667800000.0,667840973.0,-271.5331873315364,0.17920833397338412,0.08339467007685254,-0.025165325430057058,0.5477076026294837,-271.5331873315364,0.5385070674721325,2098.066875488936,-96.1719031725495,-207.15699820265402,0.0,0.27273458251770355,0.0,0.32720205762501386,0.048590352130345064,-1.7845435518292057,-3414.337353709602,0.6909608442535651,-0.36808279876536265,0.890476100746092,-0.05958330043349009,0.0,4.6194394051664665,-0.0735692733363719,-0.06883213337821004,0.5436514190461151,12.653650629176818,0.8654221219337926,Medical Instruments & Supplies,Healthcare,POAI
2014Q1,2014,Q1,2014-05-15,2014-03-31,-1616993.0,70220.0,-1610338.0,-137.0565350059332,39137.0,0.557348333808032,997487.0,-1656779.0,708804.0,2347920.0,2654266.0,391567.0,-30333327.0,818486250.0,818355512.0,-140.42880149177827,0.3018859245630175,0.0,0.0,0.9719691039058317,-140.42880149177827,0.9759859341529559,11656.027485046996,-126.54449493597066,-494.0225884079892,0.0,0.07938105100787349,0.0,0.07039690742836749,0.0828784626392722,-1.621066740719428,-445.0602377537049,0.557348333808032,0.24942499764428908,0.9247559262954466,0.0,0.0,0.4431047197640118,0.24942499764428905,-1.7485842640636897,0.6724535035454822,0.0,0.9283405080355696,Medical Instruments & Supplies,Healthcare,POAI
2013Q4,2013,Q4,2014-03-27,2013-12-31,-2154339.0,81707.0,2151178.0,-182.6020511951178,27120.0,0.3319177059493067,593426.0,-3218454.0,381961.0,3469065.0,3811880.0,122175.0,-28697415.0,1194547500.0,1194725547.0,-272.79657569079507,0.11010488416907725,0.4718364210533411,-0.08699829172640032,-0.7320781608287895,-272.79657569079507,0.669370759998434,14619.891808535376,-138.62111533978637,-371.1556853072935,0.0,0.4467935338653571,0.0,0.1376869230535905,0.05742123598145322,-3.630341441055835,-1886.372860050754,0.3319177059493067,0.675382246941055,0.87513987535867,0.0,0.5133748815417315,-0.6678668528179881,0.45801469872346573,1.5921748001609834,0.47456821464853916,0.0,0.8578429824557219,Medical Instruments & Supplies,Healthcare,POAI
2013Q3,2013,Q3,2013-11-14,2013-09-30,-3974903.0,107835.0,-3632674.0,-562.514063,81654.0,0.7572124078453193,636647.0,-1208648.0,547082.0,1385174.0,1845295.0,101067.0,-26543076.0,869451750.0,869123388.0,-165.77259635166644,0.39495543520164256,0.0,0.0,3.0055682051349937,-165.77259635166644,3.2887184689007882,8062.797329253025,-54.68383442312932,-719.3589448706323,0.0,0.2590459793998041,0.0,0.16937957769376122,0.2971128536920271,-6.243496003279683,-691.8943598925694,0.7572124078453193,-1.9999999946668001,0.3275631439079241,0.0,0.0,-0.022353659558673866,-2.3813565738153266,-2.2488746866428233,-1.4929777095978616,0.0,0.9415358051806678,Medical Instruments & Supplies,Healthcare,POAI
2013Q2,2013,Q2,2013-08-14,2013-06-30,-1175535.0,150856.0,-1118133.0,-187.504688,83521.0,0.5536471867211116,443576.0,-3491571.0,382578.0,3385738.0,3935147.0,108036.0,-22568172.0,363768750.0,365207809.0,-539.9058295964126,0.1129969300636966,3.5532242501848614,-0.45140854933209146,0.5837455088788721,-539.9058295964126,0.33667795957750823,2411.364148592035,-77.36238180913371,-104.18483542222111,0.0,0.6232644673997556,0.0,0.34009053690912044,0.07057752253718391,-2.6501321081393043,-293.0969260853696,0.5536471867211116,0.49999999866670003,0.8638469810803663,-0.18176724669761368,0.0,-0.03021260290514729,0.4406276394523025,0.44794324070119657,-1.6700529326462454,0.0,0.8161355607215727,Medical Instruments & Supplies,Healthcare,POAI
2013Q1,2013,Q1,2013-05-15,2013-03-31,-2101525.0,127727.0,-2025395.0,-375.009375,86123.0,0.6742740375958098,810820.0,-2844665.0,667022.0,3007826.0,3655485.0,141447.0,-21392636.0,280312500.0,280915527.0,-494.72434782608696,0.22176216310384975,1.2035729261735033,-0.3430565637781602,1.0838036926686017,-494.72434782608696,0.7387601000469299,2194.622123748307,-33.3463199343334,-98.53972260354031,0.0,0.29413137076077966,0.0,0.15752818134727806,0.15611474865899821,-2.591851459016798,-298.11440148465624,0.6742740375958098,-0.25563611847085527,0.7993499518630204,0.0,0.0,0.8521075268817204,-0.22373784429045596,-0.31091660830719564,0.695068029375527,47.36040398550725,0.8753001831602125,Medical Instruments & Supplies,Healthcare,POAI
2012Q4,2012,Q4,2013-03-22,2012-12-31,-1717300.0,89562.0,-1545022.0,-298.6608695652174,46500.0,0.5191934079185369,369577.0,-3303203.0,225468.0,3414301.0,3672780.0,145209.0,-19291111.0,258750000.0,259907348.0,-574.4700869565218,0.06603635707572356,3.16709914307438,-0.3543490969219875,0.7244386969479293,-574.4700869565218,0.519889331657788,2889.060092449923,-37.668141850579396,-78.3330603659539,0.0,0.2965518666198376,0.0,0.24233650903600604,0.015479010198573588,-4.64666361813641,-641.3338753172588,0.5191934079185369,0.6017954623598177,0.7957808625076492,0.0,-0.024762035256669274,3.5344743009756363,0.3986440514155309,0.45801785393561134,0.503011318725573,0.0,0.8462049629053846,Medical Instruments & Supplies,Healthcare,POAI
2012Q3,2012,Q3,2012-11-15,2012-09-30,-2855713.0,51615.0,-2850688.0,-750.01875,-18347.0,-0.35545868449094253,443798.0,-2228858.0,299378.0,2495569.0,2672656.0,134416.0,-17573810.0,127140000.0,128283246.0,-525.9221330816423,0.11996382388144748,2.8061911049621675,-0.5587534064529908,2.8985842054101982,-525.9221330816423,1.2812449245308584,2463.2374309793663,-11.13032016872844,-57.04266489834704,0.0,0.5204886323056779,0.0,0.11630291258635686,0.05688281910858806,-6.434713540845159,-930.7194518462125,-0.35545868449094253,0.0,0.16887627745867506,0.0,0.0,-1.7891182795698926,-0.33708513303133525,-0.3539559932764999,0.5188231080023908,0.0,0.8726906358117763,Medical Instruments & Supplies,Healthcare,POAI
2012Q2,2012,Q2,2012-08-14,2012-06-30,-2135775.0,24960.0,-2105451.0,-750.01875,23250.0,0.9314903846153846,375135.0,-2268120.0,230404.0,2447489.0,2643255.0,96792.0,-14718098.0,71028750.0,72288849.0,-778.3527796842827,0.09413893177865151,3.453108880802911,-0.5711258663562775,2.164458466719713,-778.3527796842827,0.9416499127030316,2845.703125,-8.314165818028584,-31.316134066980585,0.0,0.017666749318125466,0.0,0.0665360470230717,0.027515956149343265,-5.693350393858211,-180.34192699870005,0.9314903846153846,-1.0,0.4510149430877474,-0.6995500289613822,0.0,1.6333673122663948,-1.993935800226251,-2.1972031603771436,0.4510149430877474,-0.6995500289613822,0.0,Medical Instruments & Supplies,Healthcare,POAI
2012Q1,2012,Q1,2012-05-15,2012-03-31,-713367.0,22635.0,-658529.0,-375.009375,8829.0,0.3900596421471173,340721.0,-2953168.0,195680.0,2581877.0,3293889.0,91937.0,-12582323.0,32662500.0,34413749.0,-1695.2743972445464,0.07578982267551862,5.205555278365583,-0.6005896041132777,,-1695.2743972445464,0.24155991125462553,1443.0086149768058,-11.446597613850935,-11.060156415076962,0.0,0.15016804986023038,0.0,0.06643265310914208,0.016058859504151438,-2.09369836317691,-130.52000207793037,0.3900596421471173,0.7798927840162859,0.7751787196868823,0.0,0.0,-0.7142718446601942,0.759642864122191,0.7416166434713893,0.7751787196868823,0.0,0.0,Medical Instruments & Supplies,Healthcare,POAI
2011Q4,2011,Q4,2012-04-16,2011-12-31,-2967946.0,73999.0,-2548651.0,-1703.7577497129737,30900.0,0.41757321044878987,446220.0,-2703264.0,301032.0,2353268.0,3149484.0,97605.0,-11868956.0,182910000.0,184472727.0,-1551.816303099885,0.12792083179646346,3.7777598494016407,-0.6235839340885685,,-1551.816303099885,1.0979120056346698,2471.7901593264774,-15.407119940861456,-67.66264782130048,0.0,0.4415654935710261,0.0,0.16583523822329793,0.07363334732805614,-6.651306530411008,-307.0283662586048,0.41757321044878987,-3.543240418224141,-0.16500008403783772,0.0,-1.768190144649733,2.394485334505108,-3.5373528161757735,-3.136836193589542,-0.16500008403783772,0.0,-1.768190144649733,Medical Instruments & Supplies,Healthcare,POAI
2011Q3,2011,Q3,2011-11-14,2011-09-30,-654114.0,20264.0,-616087.0,-375.009375,9103.0,0.4492202921437031,274195.0,-2474783.0,127654.0,1955852.0,2748978.0,0.0,-8901010.0,190575000.0,191886852.0,-1704.3960055096418,0.0652677196434086,5.067853170189099,-0.5614956947740468,,-1704.3960055096418,0.26431165884039126,9404.609159099882,-72.83707427145727,-77.00675170307862,0.0,0.0,0.0,0.07390360874560076,0.049597311043984925,-2.3855796057550283,-504.0266592613163,0.4492202921437031,0.0,0.4443530941344723,0.0,0.0,15.431407942238268,-0.6885328845131213,-0.19308842325419265,0.4443530941344723,0.0,0.0,Medical Instruments & Supplies,Healthcare,POAI
2011Q2,2011,Q2,2011-08-15,2011-06-30,-387386.0,2374.0,-516380.0,-375.009375,554.0,0.2333614153327717,250565.0,-2439358.0,103416.0,1919165.0,2689923.0,0.0,-8246896.0,40803750.0,42072547.0,-2017.6658395368072,0.053885934768506095,5.2937760660906354,-0.5437639739636413,,-2017.6658395368072,0.15880653844167195,17187.763268744733,-26.33274692425643,-16.727249546806988,0.0,0.0,0.0,0.00947458743240277,0.03044553230180834,-1.546049927164608,-92.65619535944121,0.2333614153327717,0.10377854725560795,0.759999474469768,-0.9311234244153787,0.0,0.0,0.18860656887982188,-0.21710518562515763,0.759999474469768,-0.9311234244153787,0.0,Medical Instruments & Supplies,Healthcare,POAI
2011Q1,2011,Q1,2011-05-16,2011-03-31,-477433.0,0.0,-424269.0,-418.43383,0.0,0.0,484873.0,-2235981.0,337117.0,1780106.0,2720854.0,0.0,-7859510.0,41076000.0,42013471.0,-1959.6678352322524,0.1893802953307275,2.6166439459404836,-0.5674198483797492,,-1959.6678352322524,0.21352283404912653,0.0,-21.508777147788276,-18.370460214107364,0.0,0.0,0.0,0.0,0.1860950977076646,-0.984655775842334,-111.80032933683538,0.0,-0.2040304745176267,0.7702797174782126,0.0,0.0,0.0,-0.2040304744419702,-1.6348690215748536,0.7702797174782126,0.0,0.0,Medical Instruments & Supplies,Healthcare,POAI
2010Q4,2010,Q4,2011-03-31,2010-12-31,-396529.0,0.0,668278.0,-347.5276073619632,0.0,0.0,165872.0,-2189557.0,17509.0,1333694.0,2355429.0,0.0,-7382077.0,47066250.0,48129923.0,-1918.9807186678352,0.01312819882221859,6.469181055271535,-0.4900790433864019,,-1918.9807186678352,0.18110010381095354,0.0,-29.673901530531186,-21.495786590620842,0.0,0.0,0.0,0.0,0.007035346938653094,-2.390572248480756,-989.8056823200353,0.0,-0.5891623592140898,0.762366632315913,0.0,-2.4231522781258223,0.0,-1.507931187148188,2.412500501989994,0.762366632315913,0.0,-2.4231522781258223,Medical Instruments & Supplies,Healthcare,POAI
2010Q3,2010,Q3,2010-11-12,2010-09-30,-158110.0,0.0,-473117.0,-218.68603,0.0,0.0,179899.0,-2050034.0,30928.0,1576617.0,2229933.0,0.0,-6985548.0,46091250.0,46653112.0,-2835.455048409405,0.019616685599609798,3.2367939788436844,-0.2840421183258424,,-2835.455048409405,0.0771255501128274,0.0,-72.87845487318955,-22.483163693870445,0.0,0.0,0.0,0.0,0.012960661974341264,-0.8788820393665334,-196.4414335701591,0.0,-2.212241664078617,0.7302676018709587,0.0,0.0,0.0,-2.3953957823304557,0.1413531323785896,0.7302676018709587,0.0,0.0,Medical Instruments & Supplies,Healthcare,POAI
2010Q2,2010,Q2,2010-08-13,2010-06-30,-46566.0,0.0,-551003.0,-68.078947,0.0,0.0,204315.0,-2008521.0,54737.0,1373900.0,2212836.0,0.0,-6827438.0,55147500.0,55538903.0,-2936.434210526316,0.03984059975252929,1.9589212735237256,-0.1992695122430883,,-2936.434210526316,0.023184223615287068,0.0,-296.07170467723233,-27.456770429584754,0.0,0.0,0.0,0.0,0.0064298711696630035,-0.22791278173408708,-226.7391661869912,0.0,0.9431999034403448,0.9490073708820841,-1.0,0.0,-1.0,0.9380362579573761,0.35158877536850974,0.9490073708820841,-1.0,0.0,Medical Instruments & Supplies,Healthcare,POAI
2010Q1,2010,Q1,2010-05-17,2010-03-31,-751504.0,288.0,-849774.0,-1198.570973,148.0,0.5138888888888888,263154.0,-2487511.0,112969.0,1647443.0,2750665.0,0.0,-6780872.0,82293750.0,82645129.0,-3967.3221690590112,0.06857232693331423,1.4895878459001193,-0.15758362475583024,,-3967.3221690590112,0.3021108248365535,285742.1875,-27.376351290212693,-33.08276827720561,0.0,0.0,0.0,0.001094416197359721,0.024651535743573524,-2.855757465210485,-278.69922581431734,0.5138888888888888,-0.9944902998248364,0.341984221181969,0.0,0.0,-0.6711111111111111,-0.9944902996364022,-1.3429567154590798,0.341984221181969,0.0,0.0,Medical Instruments & Supplies,Healthcare,POAI
2009Q4,2009,Q4,2010-03-31,2009-12-31,-376790.0,0.0,-362693.0,-600.9409888357256,450.0,0.0,290295.0,-2342031.0,139503.0,1444371.0,2632326.0,0.0,-6029368.0,82293750.0,82466846.0,-3735.2966507177034,0.09658391092039373,0.6535696446717993,-0.08101002932924457,,-3735.2966507177034,0.1608817304296997,0.0,-54.60186708776772,-35.13777144709015,0.0,0.0,0.0,0.0,0.022410447177352633,-1.297955527997382,-253.6267058692999,0.0,0.5708758228767105,0.589086944659037,0.0,-5.663167125648087,0.0,0.5125709074209427,0.5545816830923214,0.589086944659037,0.0,-5.663167125648087,Medical Instruments & Supplies,Healthcare,POAI
2009Q3,2009,Q3,2009-09-30,2009-09-30,-773015.0,0.0,-814275.0,-1400.389493,0.0,0.0,409535.0,-2280343.0,258136.0,1535077.0,2689878.0,0.0,-5652578.0,72450000.0,72674244.0,-4131.05615942029,0.16815833993995088,0.2315333243800896,-0.04158190237170461,,-4131.05615942029,0.3389906693861406,0.0,-23.430981287555866,-31.771536124170794,0.0,0.0,0.0,0.0,0.054677387518671704,-1.887543189226806,-260.0287844147827,0.0,-0.0489225350402321,-0.7272727272727274,0.0,0.0,-1.0,-0.04892253457102886,-0.05396170000711896,-0.7272727272727274,0.0,0.0,Medical Instruments & Supplies,Healthcare,POAI
2009Q2,2009,Q2,2009-06-30,2009-06-30,-736961.0,15737.0,-772585.0,-1335.074275,8287.0,0.5265933786617526,,,,,,,,72450000.0,,,0.0,0.0,0.0,0.0,,0.0,4603.799961873292,-24.577284279629453,0.0,0.0,0.0,0.0,0.0,0.0,0.0,-195.57928722215323,0.5265933786617526,0.26704387263239154,0.0,0.0,0.0,0.0,0.26704387228185195,-0.5636302183579338,0.0,0.0,0.0,Medical Instruments & Supplies,Healthcare,POAI
2009Q1,2009,Q1,2009-03-31,2009-03-31,-1005464.0,0.0,-494097.0,-1821.492754,0.0,0.0,,,,,,,,72450000.0,,,0.0,0.0,0.0,0.0,,0.0,0.0,-18.014071115425317,0.0,0.0,0.0,0.0,0.0,0.0,0.0,-215.33276267922105,0.0,-0.24550524383047143,0.0,0.0,0.0,0.0,-0.2455052435728142,0.322287694118228,0.0,0.0,0.0,Medical Instruments & Supplies,Healthcare,POAI
2008Q4,2008,Q4,2008-12-31,2008-12-31,-807274.0,0.0,-729066.0,-1462.4528985507247,0.0,0.0,788979.0,-309445.0,635145.0,1000018.0,1098424.0,0.0,-3143792.0,72450000.0,72282188.0,-560.588768115942,0.6351335675957833,0.12472575315692813,-0.31800804666418914,,-560.588768115942,2.60878023558306,0.0,-22.436620032355805,-234.12884357478714,0.0,0.0,0.0,0.0,0.4638296510662808,-1.023188196390525,-235.38394060982148,0.0,-0.8038231637658366,0.0,0.0,0.0,0.0,-0.8038231646686851,-0.6442588086179327,0.0,0.0,0.0,Medical Instruments & Supplies,Healthcare,POAI
2008Q3,2008,Q3,2008-09-30,2008-09-30,-447535.0,0.0,-443401.0,-810.751812,0.0,0.0,,,,,,,,72450000.0,,,0.0,0.0,0.0,0.0,,0.0,0.0,-40.47169495123286,0.0,,0.0,,0.0,0.0,0.0,0.0,0.0,0.0,0.0,0.0,0.0,0.0,0.0,0.0,0.0,0.0,0.0,Medical Instruments & Supplies,Healthcare,POAI
