Year,Date,FillingDate,NetIncome,Revenue,OperatingIncome,EPSDiluted,GrossProfit,GrossProfitRatio,TotalAssets,CommonStockEquity,CurrentAssets,CurrentLiability,TotalLiability,Inventory,RetainedEarnings,EnterpriseValue,bookValuePerShare,currentRatio,debtToAssets,debtToEquity,roic,shareholdersEquityPerShare,roe,priceToSalesRatio,peRatio,pbRatio,payoutRatio,inventoryTurnover,dividendYield,assetTurnover,quickRatio,returnOnAssets,priceToFreeCashFlowsRatio,grossProfitMargin,epsdilutedGrowth,fiveYNetIncomeGrowthPerShare,fiveYRevenueGrowthPerShare,fiveYShareholdersEquityGrowthPerShare,grossProfitGrowth,netIncomeGrowth,operatingIncomeGrowth,threeYNetIncomeGrowthPerShare,threeYRevenueGrowthPerShare,threeYShareholdersEquityGrowthPerShare,Industry,Sector,Price,MarketCap,AvgVolume,Symbol
2021,2021-08-31,2021-08-31,28147100.0,28456287.0,30366128.0,1.07,28456287.0,1.0,670759635.0,421244739.0,9777922.0,4401193.0,4401193.0,0.0,58375488.0,422462214.05999994,16.01343902601189,2.2216526291848595,0.0,0.0,0.07208666409006476,16.01343902601189,0.06681887604535756,14.846264309184116,15.009345831719786,1.0029076186515884,0.6315544407772026,0.0,0.0420774128238498,0.042423970547959405,2.2216526291848595,0.04196302003175847,13.29324822545161,1.0,1.488372093023256,-0.42143959863952685,0.01961583017441969,-0.01291794177441245,1.469350759771544,1.508446269605104,0.9670179011088931,20.399999946779594,16.604222789334813,0.17139336418800066,Asset Management,Financial Services,11.24,296982134,56414,BYM
2020,2020-08-31,2020-08-31,11220930.0,11523793.0,15437647.0,0.43,11523793.0,1.0,672184547.0,411138394.0,6770042.0,1998273.0,261046153.0,0.0,48343357.0,370616059.34,15.755334872876553,3.3879464917956654,0.00048404861648805505,0.0007913880210370233,0.037518849411973976,15.755334872876553,0.02729234283091547,32.13270919913261,32.99999994118134,0.9006473118149116,1.3555037773161405,0.0,0.041075872113096004,0.01714379339934454,3.3879464917956654,0.016693228147061225,30.82424157722861,1.0,-0.7393939393939394,-0.15369944083500747,-0.587860070678136,0.03612013204988358,-0.7375048025707498,-0.7425126025274814,-0.6890159359307415,4.583333296521232,5.117261027394564,0.07703371727608338,Asset Management,Financial Services,11.24,296982134,56414,BYM
2019,2019-08-31,2019-08-31,43578560.0,43900967.0,49641280.0,1.65,43900967.0,1.0,673368608.0,415127477.0,7986945.0,1752907.0,1752907.0,0.0,52332440.0,374644780.12,15.717828896233907,4.556399740545277,0.0,0.0,0.11958081011341969,15.717828896233907,0.10497633236645523,8.536841776628748,8.5999998421242,0.9027964417782925,0.38334412610237695,0.0,0.044574899202287764,0.06519604044268128,4.556399740545277,0.06471724324873784,37.76330450822237,1.0,31.999999999999996,2.247432432018312,0.5512964682684254,0.03365362164022306,0.0,29.696325265009328,0.0,-0.10782739986585343,0.566727187830481,-0.031139602646858743,Asset Management,Financial Services,11.24,296982134,56414,BYM
2018,2018-08-31,2018-08-31,1419667.0,1744729.0,0.0,0.05,0.0,0.0,641979071.0,388148877.0,0.0,0.0,253830194.0,0.0,2104597.0,371831637.4,13.670419788584224,0.0,0.0,0.0,0.0,13.670419788584224,0.003657532158723726,213.34928656542075,262.2,0.9590049320173609,12.648223139651764,0.0,0.04823883729844304,0.0027177350147603177,0.0,0.0022113914053126507,50.57527267806359,0.0,1.4166666666666665,-0.9015929584120279,-0.9426516222466746,-0.10099040922897377,0.0,1.4278708732421534,0.0,-0.9015929584120279,-0.9426516222466746,-0.10099040922897377,Asset Management,Financial Services,11.24,296982134,56414,BYM
2017,2017-08-31,2017-08-31,-3317980.0,-2965645.0,0.0,-0.12,0.0,0.0,651341361.0,404474225.0,0.0,0.0,246867136.0,0.0,2295741.0,409815460.71999997,14.628450920481146,0.0,0.0,0.0,0.0,14.628450920481146,-0.00820319267562723,-138.35894779044693,-123.66666517579972,1.0144614819893654,-6.255411726411853,0.0,0.0505828447586858,-0.004553134773211493,0.0,-0.005094072323160819,21.004129315364015,0.0,-1.0648852072541661,-1.2361769026583704,-1.100100510164319,-0.037987283564041054,-1.0,-1.0679409528540593,-1.0,-1.2361769026583704,-1.100100510164319,-0.037987283564041054,Asset Management,Financial Services,11.24,296982134,56414,BYM
2016,2016-08-31,2016-08-31,48836230.0,28015530.0,21546410.0,1.84942,21916490.0,0.7822978897775626,668532420.0,428389100.0,0.0,0.0,240143320.0,0.0,0.0,410187448.5,16.223006884349815,0.0,0.0,0.0,0.05029635441237884,16.223006884349815,0.11399970260681236,14.65678138161227,8.408050713578833,0.9585152808509835,0.45311564795235015,0.0,0.05389068922010395,0.0419060155676519,0.0,0.07304990534340877,17.241969284064666,0.7822978897775626,2.639945678915153,2.639915002467045,-0.00984901499247182,0.06687570723717509,-0.031376580397349474,2.639915002467045,-0.0314644450018385,2.639915002467045,-0.00984901499247182,0.06687570723717509,Asset Management,Financial Services,11.24,296982134,56414,BYM
2015,2015-08-31,2015-08-31,13416860.0,28294200.0,22246380.0,0.50809,22626430.0,0.799684387613009,644103720.0,401536090.0,0.0,240515620.0,242567630.0,0.0,0.0,360629520.9,15.20608893266637,0.0,0.0001845354968606609,0.00029601324254564516,0.05538679406291395,15.20608893266637,0.033413833361778264,12.757869489153252,26.904485170151585,0.8989819841598796,1.6886648589908517,0.0,0.06276518016647623,0.043928018301151874,0.034255737735453526,0.02083027870107628,24.875661623637594,0.799684387613009,0.0,0.0,0.0,0.0,0.0,0.0,0.0,0.0,0.0,0.0,Asset Management,Financial Services,11.24,296982134,56414,BYM
2011,2011-02-28,2011-02-28,0.0,0.0,0.0,0.0,0.0,0.0,,,,,,,,,,0.0,0.0,0.0,0.0,,0.0,0.0,0.0,0.0,0.0,0.0,,0.0,0.0,0.0,0.0,0.0,0.0,0.0,0.0,0.0,0.0,0.0,0.0,0.0,0.0,0.0,Asset Management,Financial Services,11.24,296982134,56414,BYM
TTM,,,,,,,,,,,,,,,,296974790.0,16.01343902601189,2.2216526291848595,0.0,0.0,0.07208666409006476,16.01343902601189,0.06763015463457259,10.436433045534015,10.5046729233207,0.7019104379603895,0.6315544407772026,0.0,0.04733096085409252,0.042423970547959405,2.2216526291848595,0.04196302003175847,9.34471407576697,1.0,,,,,,,,,,,Asset Management,Financial Services,11.24,296982134,56414,BYM
