Quarters,Year,Quarter,FillingDate,Date,NetIncome,Revenue,OperatingIncome,EPSDiluted,GrossProfit,GrossProfitRatio,TotalAssets,CommonStockEquity,CurrentAssets,CurrentLiability,TotalLiability,Inventory,RetainedEarnings,MarketCap,EnterpriseValue,bookValuePerShare,currentRatio,debtToAssets,debtToEquity,roic,shareholdersEquityPerShare,roe,priceToSalesRatio,peRatio,pbRatio,payoutRatio,inventoryTurnover,dividendYield,assetTurnover,quickRatio,returnOnAssets,priceToFreeCashFlowsRatio,grossProfitMargin,epsdilutedGrowth,fiveYNetIncomeGrowthPerShare,fiveYRevenueGrowthPerShare,fiveYShareholdersEquityGrowthPerShare,grossProfitGrowth,netIncomeGrowth,operatingIncomeGrowth,threeYNetIncomeGrowthPerShare,threeYRevenueGrowthPerShare,threeYShareholdersEquityGrowthPerShare,Industry,Sector,Symbol
2023Q1,2023,Q1,2023-05-09,2023-03-31,-16226000.0,0.0,-21612000.0,-0.0518,0.0,0.0,427873000.0,382327000.0,362789000.0,16257000.0,45546000.0,502000.0,-161512000.0,924596203.9000001,888589203.9000001,1.2198456420679666,22.31586393553546,0.027970916603758594,0.03130304686825675,-0.053670062048063676,1.2198456420679666,-0.04244011016747444,0.0,-14.245596633489463,2.418338762106783,0.0,0.0,0.0,0.0,21.893645814110844,-0.03792246764811054,-43.27215818317968,0.0,-0.7559322033898306,0.9614326126654438,-1.0,-0.8663049176293509,0.0,-0.7650386163385184,-0.04189365087017307,-4.012362200436376,0.0,0.0,Auto Parts,Consumer Cyclical,SES
2022Q4,2022,Q4,2023-03-16,2022-12-31,-9193000.0,0.0,-20743000.0,-0.0295,0.0,0.0,442323000.0,392148000.0,396641000.0,20628000.0,50175000.0,383000.0,-144677000.0,981973701.4499999,887414701.4499999,1.2579422424205289,19.228281946868336,0.027274186510762497,0.03076389526403297,-0.051720273169740746,1.2579422424205289,-0.023442679804563583,0.0,-26.704386529152615,2.5040895311209033,0.0,0.0,0.0,0.0,19.02588714368819,-0.02078345462478777,-77.30858931270666,0.0,0.6222791293213829,0.8403135732556211,-1.0,-0.8732808182267554,0.0,0.6221226570207169,0.04537714574991946,0.9978842444610889,0.0,1.0763404125034972,Auto Parts,Consumer Cyclical,SES
2022Q3,2022,Q3,2022-11-14,2022-09-30,-24328000.0,0.0,-21729000.0,-0.0781,0.0,0.0,442246000.0,393713000.0,402239000.0,16935000.0,48533000.0,0.0,-136639000.0,1521001601.28,1138219601.28,1.2631935682270894,23.75193386477709,0.026867399592082234,0.030179343836754184,-0.052308542944516555,1.2631935682270894,-0.06179120323687559,0.0,-15.630154567576454,3.8632242300355846,0.0,0.0,0.0,0.0,23.42155299675229,-0.05501010749673259,-148.30358826833074,0.0,-3.6033333333333335,0.9301082854983576,-1.0,-0.8708525978752901,0.0,-3.6986134220743208,-0.14009129545096805,0.9145994670979932,0.0,1.2975105567578575,Auto Parts,Consumer Cyclical,SES
2022Q2,2022,Q2,2022-08-12,2022-06-30,9015000.0,0.0,-19059000.0,0.03,0.0,0.0,453601000.0,411803000.0,415867000.0,15112000.0,41798000.0,0.0,-112311000.0,1219305502.29,826162502.29,1.327301309606559,27.518991529910004,0.025273312889521848,0.027838553871632796,-0.04299203184992735,1.327301309606559,0.021891535515768463,0.0,33.81324188269551,2.9608951423131935,0.0,0.0,0.0,0.0,27.130426151402858,0.01987429480975571,-58.84111100714217,0.0,1.25,1.0020104863308257,-1.0,-0.8728389654432877,0.0,1.33348130063256,0.007188623222378497,1.0007477023397846,0.0,1.0459890099262836,Auto Parts,Consumer Cyclical,SES
2022Q1,2022,Q1,2022-05-13,2022-03-31,-27033000.0,0.0,-19197000.0,-0.12,0.0,0.0,474413000.0,392406000.0,441029000.0,27680000.0,82007000.0,0.0,-121326000.0,1983581868.8500001,1569307868.8500001,1.790334120193831,15.933128612716763,0.024877058596623616,0.030075992721823826,-0.04616431007072341,1.790334120193831,-0.0688903839390835,0.0,-18.34407824557023,5.05492237338369,0.0,0.0,0.0,0.0,15.665209537572254,-0.05698199669907865,-113.5161879850063,0.0,-2.1999999999999997,0.9385574891244043,-1.0,-0.929219348736523,0.0,-1.0737189321877876,-0.48216491661519456,0.9077649381866352,0.0,0.8493413870766239,Auto Parts,Consumer Cyclical,SES
2021Q4,2021,Q4,2022-03-31,2021-12-31,-13036000.0,0.0,-12952000.0,-0.0375,0.0,0.0,193353000.0,-88322000.0,169970000.0,10985000.0,281675000.0,0.0,-94293000.0,3461316897.7499995,3301972577.7499995,-0.25389293322759876,15.472917614929449,0.005961531499381959,-0.013050881999954711,0.14861858914377063,-0.25389293322759876,0.14759629537374608,0.0,-66.37996505350567,-39.18974771574466,0.0,0.0,0.0,0.0,15.330632680928538,-0.0674207278914731,-201.2393545203488,0.0,-0.6304347826086956,0.982546516213111,-1.0,-1.0094601202517681,0.0,-0.6305190744215134,-0.6073467361628195,0.945767510443055,0.0,-1.1230826842907544,Auto Parts,Consumer Cyclical,SES
2021Q3,2021,Q3,2021-11-15,2021-09-30,-7995000.0,0.0,-8058000.0,-0.023,0.0,0.0,197734000.0,-79877000.0,182184000.0,6998000.0,277611000.0,0.0,-81257000.0,3443923345.5,3413830345.5,-0.22961669603746412,26.03372392112032,0.0,0.0,0.10091797106519744,-0.22961669603746412,0.1000913905129136,0.0,-107.68991074108818,-43.115331641148266,0.0,0.0,0.0,0.0,25.8975421549014,-0.040433107103482455,-959.5774158539983,0.0,-0.20418848167539272,0.988115433470622,0.0,-1.0079866676882596,0.0,-0.20606426308643838,-0.2289156626506024,0.9304110480693458,0.0,-1.0714732548494925,Auto Parts,Consumer Cyclical,SES
2021Q2,2021,Q2,2021-08-23,2021-06-30,-6629000.0,0.0,-6557000.0,-0.0191,0.0,0.0,,,,,,,,3537848527.65,,,0.0,0.0,0.0,0.0,,0.0,0.0,-133.4231606445165,0.0,0.0,0.0,0.0,0.0,0.0,0.0,-239.4482929035533,0.0,-0.8543689320388348,0.9977268625350043,-1.0,0.0,0.0,-0.8449763428889507,-0.47713448974994366,0.9959774115011069,-1.0,0.0,Auto Parts,Consumer Cyclical,SES
2021Q1,2021,Q1,2021-06-14,2021-03-31,-3593000.0,0.0,-4439000.0,-0.0103,0.0,0.0,,,,,,,,3447402055.9500003,,,0.0,0.0,0.0,0.0,,0.0,0.0,-239.8693331443084,0.0,0.0,0.0,0.0,0.0,0.0,0.0,-1012.7503102085782,0.0,0.08035714285714284,0.9951546000732026,-1.0,0.0,0.0,0.0657826313052522,-0.16173776498298875,0.9923055466081044,-1.0,0.0,Auto Parts,Consumer Cyclical,SES
2020Q4,2020,Q4,2021-03-31,2020-12-31,-3846000.0,0.0,-3821000.0,-0.0112,0.0,0.0,24589000.0,-62069000.0,15103000.0,3876000.0,86658000.0,0.0,-63038000.0,3686951547.75,3685352547.75,-0.18097383200145148,3.896542827657379,0.03416161698320387,-0.013533325814818992,0.06251885836699689,-0.18097383200145148,0.06196329890927838,0.0,-239.66143706123245,-59.40085304660942,0.0,0.0,0.0,0.0,3.8003095975232197,-0.15641140347309773,-1316.7684099107144,0.0,-0.1546391752577319,0.995343303670227,-1.0,-1.004557859472629,0.0,-0.14498362607919024,-0.17029096477794795,0.9392773998558224,-1.0,-1.0182304521942638,Auto Parts,Consumer Cyclical,SES
2020Q3,2020,Q3,2020-09-30,2020-09-30,-3359000.0,0.0,-3265000.0,-0.0097,0.0,0.0,,,,,,,,3739613733.75,,,0.0,0.0,0.0,0.0,,0.0,0.0,-278.3279051615064,0.0,,0.0,,0.0,0.0,0.0,0.0,0.0,0.0,0.9960063008997724,-1.0,0.0,0.0,0.0,0.0,0.9913538879726429,-1.0,0.0,Auto Parts,Consumer Cyclical,SES
2019Q4,2019,Q4,2020-01-13,2019-12-31,-21604000.0,0.0,-21090000.0,-13.94,0.0,0.0,2402000.0,-25541000.0,1610000.0,3029000.0,27943000.0,0.0,-293062000.0,16662500.0,34991500.0,-16.47806451612903,0.5315285572796302,7.788093255620317,-0.732430210250186,3.123193727723182,-16.47806451612903,0.8458556830194589,0.0,-0.19281730235141642,-0.6523824439137075,0.0,0.0,0.0,0.0,0.2433146252888742,-8.994171523730225,-18.170665212649947,0.0,-14.318681318681318,0.39385848979983606,-1.0,-1.3531013824884792,0.0,-15.944313725490195,-34.92844974446337,-5.491701281484755,-1.0,-1.613977198409191,Auto Parts,Consumer Cyclical,SES
2019Q3,2019,Q3,2020-01-13,2019-09-30,-1275000.0,0.0,-587000.0,-0.91,0.0,0.0,2063000.0,-5923000.0,1257000.0,2051000.0,7986000.0,0.0,-271715000.0,14996250.0,20573250.0,-4.245878136200717,0.6128717698683569,2.8885118759088706,-1.0060780010130002,-22.330379520229144,-4.245878136200717,0.21526253587708932,0.0,-2.9404411764705882,-2.531867296977883,0.0,0.0,0.0,0.0,0.1862506094588006,-0.6180319922443044,-30.66717791411043,0.0,0.976582604220278,0.7746679316888045,-1.0,-1.062214666777234,0.0,0.8103525211958947,0.9028306571759642,0.5273723373809233,0.0,-1.1476827177808944,Auto Parts,Consumer Cyclical,SES
2019Q2,2019,Q2,2020-01-13,2019-06-30,-6723000.0,0.0,-6041000.0,-38.86,0.0,0.0,2656000.0,-4993000.0,1838000.0,1804000.0,7649000.0,0.0,-270784000.0,1859750.0,6823750.0,-28.86127167630058,1.0188470066518847,2.1969126506024095,-1.1686360905267374,-7.55556553944243,-28.86127167630058,1.346485079110755,0.0,-0.06915625464822253,-0.3724714600440617,0.0,0.0,0.0,0.0,0.4911308203991131,-2.53125,-1.2227153188691648,0.0,-27.999999999999996,-9.305152293785218,-1.0,-1.4017319867030849,0.0,-2.64587852494577,-4.136904761904762,-3.6356748951643527,-1.0,-1.9412788844069253,Auto Parts,Consumer Cyclical,SES
2019Q1,2019,Q1,2019-05-13,2019-03-31,-1844000.0,0.0,-1176000.0,-1.34,0.0,0.0,9010000.0,1335000.0,2788000.0,7497000.0,7675000.0,0.0,-264404000.0,14824250.0,18148250.0,0.9680928208846991,0.37188208616780044,0.0,0.0,-1.0757467073442966,0.9680928208846991,-1.3812734082397005,0.0,-2.0097952819956615,11.104307116104868,0.0,0.0,0.0,0.0,0.31919434440442845,-0.20466148723640398,-14.309121621621621,0.0,-0.9420289855072467,0.6875698901411696,-1.0,-0.9887168668894558,0.0,-0.9369747899159664,0.38202837624802943,0.3726825859033185,-1.0,-0.9744843752635041,Auto Parts,Consumer Cyclical,SES
2018Q4,2018,Q4,2019-02-13,2018-12-31,-952000.0,0.0,-1903000.0,-0.69,0.0,0.0,10481000.0,2842000.0,4255000.0,7258000.0,7639000.0,0.0,-262894000.0,14810812.5,16985812.5,2.062783523861368,0.5862496555524938,0.0,0.0,-0.4004133970344333,2.062783523861368,-0.33497536945812806,0.0,-3.889394038865546,5.21140482054891,0.0,0.0,0.0,0.0,0.47230642050151556,-0.0908310275737048,-7.427689317953861,0.0,-1.0909090909090906,0.552182972768891,-1.0,-0.972678363922366,0.0,-1.0923076923076922,-0.1267021906453523,0.7130579922736069,-1.0,-0.9480484149546026,Auto Parts,Consumer Cyclical,SES
2018Q3,2018,Q3,2018-11-14,2018-09-30,-455000.0,0.0,-1689000.0,-0.33,0.0,0.0,12570000.0,4426000.0,6243000.0,1567000.0,8144000.0,0.0,-261235000.0,14810167.5,14956167.5,3.212624030079336,3.984045947670708,0.43707239459029434,1.2413014008133756,-0.06277897409421236,3.212624030079336,-0.10280162675101671,0.0,-8.13745467032967,3.346174310890194,0.0,0.0,0.0,0.0,3.4128908742820676,-0.03619729514717582,-9.0416163003663,0.0,0.930379746835443,0.9230500478542605,0.0,-0.9583158874209889,-1.0,0.9298921417565486,0.7502587609049238,0.8634022615862101,-1.0,-0.9239115361297,Auto Parts,Consumer Cyclical,SES
2018Q2,2018,Q2,2018-11-14,2018-06-30,-6490000.0,360000.0,-6763000.0,-4.74,310000.0,0.8611111111,14300000.0,5400000.0,8100000.0,1700000.0,9000000.0,0.0,-260100000.0,14727500.0,13027500.0,3.9416058394160585,4.764705882352941,0.3776223776223776,1.0,-0.6139066521203984,3.9416058394160585,-1.201851851851852,40.90972222222222,-0.5673151001540833,2.727314814814815,0.0,0.0,0.0,0.025174825174825177,4.352941176470588,-0.45384615384615384,-11.973577235772353,0.8611111111111112,-2.537313432835821,0.18337906763041273,0.36918939684978885,-0.9507299270072993,-0.48333333333333334,-2.5290918977705275,-4.631140716069941,-0.5327013839183528,-0.9262190411628384,-0.9143129165344336,Auto Parts,Consumer Cyclical,SES
2018Q1,2018,Q1,2018-05-14,2018-03-31,-1839000.0,810000.0,-1201000.0,-1.34,600000.0,0.7407407407,19900000.0,12500000.0,10000000.0,1500000.0,7400000.0,0.0,-255800000.0,14727500.0,11427500.0,9.124087591240876,6.666666666666667,0.2663316582914573,0.424,-0.08163213335304553,9.124087591240876,-0.14712,18.182098765432098,-2.0021071234366503,1.1782,0.0,0.0,0.0,0.0407035175879397,6.0,-0.09241206030150753,-9.818333333333337,0.7407407407407407,-6.4444444444444455,0.7597280271972802,0.9313868613138687,-0.892528775968557,29.0,-6.2687747035573125,-6.63849765258216,0.6227162786679913,-0.7592805005213764,-0.7902931481045443,Auto Parts,Consumer Cyclical,SES
2017Q4,2017,Q4,2018-02-12,2017-12-31,-253000.0,80000.0,213000.0,-0.18,20000.0,0.25,21200000.0,13600000.0,11500000.0,1700000.0,7500000.0,0.0,-254400000.0,14727500.0,9627500.0,9.927007299270073,6.764705882352941,0.24528301886792453,0.38235294117647056,0.1433218085106383,9.927007299270073,-0.01860294117647059,184.09375,-14.55286561264822,1.0829044117647058,0.0,0.0,0.0,0.0037735849056603774,6.294117647058823,-0.011933962264150944,-6.574776785714286,0.25,0.8392857142857143,0.9601398783130144,4.664233576642336,-0.8886798025399772,-0.8888888888888888,0.834640522875817,1.1306748466257668,0.9919689651542971,-0.9828429528181203,-0.7872784150156413,Auto Parts,Consumer Cyclical,SES
2017Q3,2017,Q3,2017-10-25,2017-09-30,-1530000.0,270000.0,-1630000.0,-1.12,180000.0,0.6666666667,15600000.0,13400000.0,5700000.0,3400000.0,2200000.0,0.0,-254700000.0,14727500.0,9627500.0,9.781021897810218,1.6764705882352942,0.0,0.0,-0.11779236727753636,9.781021897810218,-0.11417910447761194,54.5462962962963,-2.4064542483660127,1.0990671641791045,0.0,0.0,0.0,0.01730769230769231,1.5294117647058822,-0.09807692307692308,-12.806521739130435,0.6666666666666666,0.9224913494809688,0.7639777259387464,1.308654848800834,-0.9047453924441285,0.0,0.9227272727272727,0.9206812652068127,0.7246672391584371,-0.9466338401789275,-0.8566791135796447,Auto Parts,Consumer Cyclical,SES
2017Q2,2017,Q2,2017-10-25,2017-06-30,-19800000.0,120000.0,-20550000.0,-14.45,0.0,0.0,15300000.0,14300000.0,5700000.0,1800000.0,1000000.0,0.0,-250500000.0,14727500.0,9727500.0,10.437956204379562,3.1666666666666665,0.0,0.0,-1.419144446575868,10.437956204379562,-1.3846153846153846,122.72916666666667,-0.18595328282828283,1.0298951048951048,0.0,0.0,0.0,0.00784313725490196,2.888888888888889,-1.2941176470588236,-7.438131313131315,0.0,-6.18905472636816,-1.7528675703858188,-0.7497393117831074,-0.8967816444560736,0.0,-6.252747252747253,-6.527472527472527,-2.8324988157150788,-0.9770977030737293,-0.8547097671185263,Auto Parts,Consumer Cyclical,SES
2017Q1,2017,Q1,2017-05-12,2017-03-31,-2730000.0,20000.0,-2730000.0,-2.01,0.0,0.0,35200000.0,34400000.0,7700000.0,2000000.0,800000.0,0.0,-233200000.0,14620000.0,7620000.0,25.294117647058822,3.85,0.0,0.0,-0.07878329809725158,25.294117647058822,-0.07936046511627907,731.0,-1.3388278388278387,0.42500000000000004,0.0,0.0,0.0,0.0005681818181818182,3.5,-0.07755681818181819,-7.346733668341708,0.0,0.0651162790697675,0.6709940200146449,-0.8838235294117647,-0.7635224504002784,-1.0,0.06506849315068493,-3.014705882352941,0.5309923034634415,-0.9979688007799805,-0.7051967640202934,Auto Parts,Consumer Cyclical,SES
2016Q4,2016,Q4,2017-02-14,2016-12-31,-2920000.0,10000.0,-680000.0,-2.15,10000.0,1.0,37400000.0,36500000.0,10200000.0,2000000.0,900000.0,0.0,-230500000.0,14620000.0,5320000.0,26.83823529411765,5.1,0.0,0.0,-0.017953795379537955,26.83823529411765,-0.08,1462.0,-1.2517123287671232,0.4005479452054794,0.0,0.0,0.0,0.00026737967914438503,4.65,-0.07807486631016043,-8.302101078932424,1.0,-0.11398963730569947,0.6466299019607844,-0.9677287581699346,-0.7628388603763653,0.0,-0.11026615969581749,0.7710437710437711,-0.3914833593839351,-0.9987558475166716,-0.6445266848461239,Auto Parts,Consumer Cyclical,SES
2016Q3,2016,Q3,2016-11-14,2016-09-30,-2630000.0,0.0,-2970000.0,-1.93,0.0,0.0,52100000.0,39100000.0,24300000.0,14600000.0,12900000.0,0.0,-229900000.0,14620000.0,3620000.0,28.75,1.6643835616438356,0.0,0.0,-0.0753858032138204,28.75,-0.06726342710997442,0.0,-1.3897338403041826,0.3739130434782609,0.0,0.0,0.0,0.0,0.7534246575342466,-0.05047984644913628,-5.251436781609195,0.0,0.7696897374701671,0.6559187864334923,-1.0,-0.757862473347548,-1.0,0.7693184808350144,0.7405886977028562,0.5494268547616741,0.0,-0.6269659239842726,Auto Parts,Consumer Cyclical,SES
2016Q2,2016,Q2,2016-09-29,2016-06-30,-11401000.0,300000.0,-11449000.0,-8.38,300000.0,1.0,55200000.0,41700000.0,17400000.0,15000000.0,13400000.0,0.0,-226900000.0,14620000.0,820000.0,30.66176470588235,1.16,0.0,0.0,-0.2779944051863305,30.66176470588235,-0.2734052757793765,48.733333333333334,-0.32058591351635823,0.3505995203836931,0.0,0.0,0.0,0.005434782608695652,0.92,-0.20653985507246378,-7.24838869608329,1.0,-2.934272300469484,-0.443420827633379,-0.9325980392156863,-0.7578506787330317,5.0,-2.9327354260089686,-2.94657014822475,-0.4451083672194281,0.1493808049535604,-0.6167279411764707,Auto Parts,Consumer Cyclical,SES
2016Q1,2016,Q1,2016-05-13,2016-03-31,-2899000.0,50000.0,-2901000.0,-2.13,50000.0,1.0,65700000.0,51600000.0,20000000.0,15600000.0,14100000.0,100000.0,-215300000.0,14620000.0,4920000.0,37.94117647058823,1.2820512820512822,0.0593607305936073,0.0755813953488372,-0.05373457926011117,37.94117647058823,-0.05618217054263566,292.4,-1.2607795791652292,0.2833333333333334,0.0,0.0,0.0,0.00076103500761035,1.0705128205128205,-0.0441248097412481,-8.996923076923077,1.0,0.11618257261410798,0.5240806663440934,-0.9910731065589174,-0.6993191437158806,4.0,0.11480916030534351,0.23355350066050198,0.6184501745903841,-0.8799019607843138,-0.5530967194570136,Auto Parts,Consumer Cyclical,SES
2015Q4,2015,Q4,2016-02-12,2015-12-31,-3275000.0,50000.0,-3785000.0,-2.41,10000.0,0.2,69100000.0,54000000.0,23200000.0,16600000.0,15200000.0,1100000.0,-212400000.0,14620000.0,3120000.0,39.705882352941174,1.3975903614457832,0.056439942112879886,0.07222222222222222,-0.06839971417062579,39.705882352941174,-0.060648148148148145,292.4,-1.116030534351145,0.2707407407407408,0.0,0.03636363636363636,0.0,0.000723589001447178,1.108433734939759,-0.04739507959479016,-4.768427919112852,0.2,0.004132231404958589,0.4648692810457516,-0.9902982026143791,-0.6939506025533946,-0.8571428571428571,-0.0033700980392156864,0.16000887705281847,0.4802301761826226,2.5661764705882355,-0.5547432845970759,Auto Parts,Consumer Cyclical,SES
2015Q3,2015,Q3,2015-11-13,2015-09-30,-3264000.0,250000.0,-4506000.0,-2.42,70000.0,0.28,72100000.0,57000000.0,25400000.0,16300000.0,15100000.0,1500000.0,-208400000.0,14512500.0,-687500.0,42.22222222222222,1.5582822085889572,0.04299583911234397,0.054385964912280704,-0.07671427453721331,42.22222222222222,-0.05726315789473684,58.05,-1.1115579044117647,0.2546052631578947,0.0,0.12,0.0,0.0034674063800277394,1.3251533742331287,-0.045270457697642166,-7.723523150612028,0.28,0.21682847896440127,0.49296051017905324,-0.9131229995427527,-0.6844750355074839,1.411764705882353,0.187655550024888,-0.22379141770776753,0.4890263459335624,1.169312169312169,-0.5888097123251518,Auto Parts,Consumer Cyclical,SES
2015Q2,2015,Q2,2015-09-21,2015-06-30,-4018000.0,4630000.0,-3682000.0,-3.09,-170000.0,-0.0367170626,73800000.0,59800000.0,25600000.0,15000000.0,13900000.0,600000.0,-203900000.0,13975000.0,-1725000.0,46.0,1.7066666666666668,0.044715447154471545,0.05518394648829431,-0.06074031679298424,46.0,-0.06719063545150501,3.0183585313174945,-0.8695246391239423,0.23369565217391305,0.0,8.0,0.0,0.06273712737127371,1.5266666666666666,-0.05444444444444444,-5.391589506172842,-0.0367170626349892,0.1320224719101124,0.35501476820341593,0.5091264667535854,-0.6701720841300192,0.8411214953271028,0.009368836291913214,0.04462895692786715,0.4112820512820513,9.175824175824175,-0.5451174289245982,Auto Parts,Consumer Cyclical,SES
2015Q1,2015,Q1,2015-05-13,2015-03-31,-4056000.0,2800000.0,-3854000.0,-3.56,-1070000.0,-0.3821428571,63200000.0,49600000.0,15100000.0,14800000.0,13600000.0,500000.0,-200000000.0,12255000.0,7155000.0,43.50877192982456,1.0202702702702702,0.05221518987341772,0.06653225806451613,-0.07424563270036383,43.50877192982456,-0.0817741935483871,4.376785714285714,-0.755362426035503,0.2470766129032258,0.0,7.74,0.0,0.04430379746835443,0.831081081081081,-0.06417721518987342,-5.673611111111109,-0.3821428571428571,0.8451500652457591,0.4840639882769569,-0.2969063881076737,-0.6964504283965729,0.2246376811594203,0.8452735179674983,0.8489575168521711,0.41685957632670884,18.403508771929822,-0.5932315997093325,Auto Parts,Consumer Cyclical,SES
2014Q4,2014,Q4,2015-02-13,2014-12-31,-26214000.0,3880000.0,-25516000.0,-22.99,-1380000.0,-0.3556701031,66500000.0,53200000.0,18100000.0,14500000.0,13300000.0,600000.0,-196100000.0,12255000.0,5055000.0,46.666666666666664,1.2482758620689656,0.04962406015037594,0.06203007518796992,-0.4528890887054729,46.666666666666664,-0.49274436090225565,3.158505154639175,-0.11687457084000916,0.23035714285714287,0.0,8.766666666666667,0.0,0.05834586466165414,0.993103448275862,-0.3941954887218045,-2.1911317718576795,-0.3556701030927835,-4.662561576354681,-0.5458993036553377,-0.021980237951199855,-0.6852517985611511,0.12101910828025478,-4.669117647058823,-4.726211849192101,-2.7845504385964905,13.937621832358674,-0.587621178225205,Auto Parts,Consumer Cyclical,SES
2014Q3,2014,Q3,2014-11-14,2014-09-30,-4624000.0,4210000.0,-4456000.0,-4.06,-1570000.0,-0.3729216152,85700000.0,77800000.0,16400000.0,8600000.0,7900000.0,400000.0,-170500000.0,12255000.0,-2145000.0,68.24561403508773,1.9069767441860466,0.0,0.0,-0.05807892481847292,68.24561403508773,-0.05943444730077121,2.9109263657957243,-0.6625756920415224,0.1575192802056555,0.0,14.45,0.0,0.04912485414235706,1.755813953488372,-0.05395565927654609,-6.808333333333334,-0.37292161520190026,-0.07692307692307682,0.36885782922035376,0.20423340961098396,-0.5731091699223037,-0.4672897196261682,-0.07559897650616422,-0.01020176830650646,0.2782993519835624,0.16698245614035093,-0.42522350652751273,Auto Parts,Consumer Cyclical,SES
2014Q2,2014,Q2,2014-09-12,2014-06-30,-4299000.0,4360000.0,-4411000.0,-3.77,-1070000.0,-0.245412844,91700000.0,81900000.0,21800000.0,10400000.0,9800000.0,900000.0,-166000000.0,12255000.0,-3845000.0,71.84210526315789,2.0961538461538463,0.0,0.0,-0.054996937346106,71.84210526315789,-0.05249084249084249,2.8107798165137616,-0.712665736217725,0.14963369963369963,0.0,6.033333333333333,0.0,0.047546346782988004,1.9326923076923077,-0.04688113413304253,-4.947517157852242,-0.24541284403669725,0.11915887850467294,0.5688583119383825,1.4516419253261357,-0.5647691522829692,-0.8771929824561403,-0.0044392523364485985,-0.0891358024691358,0.35069084831936725,0.168615984405458,-0.4326315789473685,Auto Parts,Consumer Cyclical,SES
2014Q1,2014,Q1,2014-05-14,2014-03-31,-4280000.0,7240000.0,-4050000.0,-4.28,-570000.0,-0.0787292818,95400000.0,85800000.0,25300000.0,10600000.0,9700000.0,1000000.0,-161500000.0,10750000.0,-7650000.0,85.8,2.3867924528301887,0.0,0.0,-0.04833205072439522,85.8,-0.049883449883449886,1.4848066298342542,-0.6279205607476636,0.1252913752913753,0.0,7.81,0.0,0.07589098532494759,2.1132075471698113,-0.044863731656184486,-3.7326388888888884,-0.0787292817679558,-1.7792207792207793,0.046629046629046635,15.454545454545453,-0.5057603686635944,-1.303191489361702,-1.7738172391445237,-2.075170842824601,0.04441833137485304,0.7579552715654954,-0.3200417101147029,Auto Parts,Consumer Cyclical,SES
2013Q4,2013,Q4,2014-02-06,2013-12-31,-1543000.0,5910000.0,-1317000.0,-1.54,1880000.0,0.3181049069,88800000.0,75500000.0,17700000.0,14200000.0,13300000.0,500000.0,-157300000.0,10750000.0,2850000.0,75.5,1.2464788732394365,0.0,0.0,-0.018954677735285887,75.5,-0.02043708609271523,1.8189509306260576,-1.7417368762151653,0.1423841059602649,0.0,8.06,0.0,0.06655405405405405,0.8802816901408451,-0.017376126126126126,-5.063589260480452,0.31810490693739424,0.641025641025641,0.8788727234666109,8.234375,-0.5824115044247787,19.8,0.6368557307601789,0.6780738205817648,0.6571111111111111,0.5595833333333334,-0.41805273833671397,Auto Parts,Consumer Cyclical,SES
2013Q3,2013,Q3,2013-11-13,2013-09-30,-4249000.0,0.0,-4091000.0,-4.29,-100000.0,0.0,88700000.0,76300000.0,17600000.0,13300000.0,12400000.0,0.0,-155900000.0,10642500.0,-57500.0,77.07070707070707,1.3233082706766917,0.0,0.0,-0.05450237039638295,77.07070707070707,-0.05568807339449541,0.0,-0.626176747469993,0.13948230668414155,0.0,0.0,0.0,0.0,1.1353383458646618,-0.047903043968432917,-3.65470467032967,0.0,0.26034482758620686,-1.0119552066627275,-1.0,-0.599146807884672,-4.0,0.26014278251784784,0.2716752714972405,0.09992864628626226,-1.0,-0.4240537131392589,Auto Parts,Consumer Cyclical,SES
2013Q2,2013,Q2,2013-09-25,2013-06-30,-5743000.0,190000.0,-5617000.0,-5.8,-20000.0,-0.1052631579,88400000.0,79200000.0,18500000.0,10100000.0,9200000.0,0.0,-151700000.0,10642500.0,-2857500.0,80.0,1.8316831683168318,0.0,0.0,-0.07158232367612859,80.0,-0.07251262626262626,56.01315789473684,-0.4632813860351732,0.134375,0.0,0.0,0.0,0.002149321266968326,1.5742574257425743,-0.06496606334841629,-4.062022900763361,-0.10526315789473684,-0.03756708407871198,-1.0068860074222201,-0.6161616161616161,-0.6916943521594684,-2.0,-0.04894977168949772,-0.0588124410933082,-0.21056137333265892,-0.9186783085088169,-0.42638623326959846,Auto Parts,Consumer Cyclical,SES
2013Q1,2013,Q1,2013-05-13,2013-03-31,-5475000.0,300000.0,-5305000.0,-5.59,20000.0,0.0666666667,91600000.0,83200000.0,21000000.0,9300000.0,8500000.0,0.0,-146100000.0,10535000.0,-5565000.0,84.89795918367346,2.2580645161290325,0.0,0.0,-0.06464760283119657,84.89795918367346,-0.06580528846153846,35.11666666666667,-0.4810502283105023,0.12662259615384616,0.0,0.0,0.0,0.0032751091703056767,2.0,-0.0597707423580786,-2.713108421323718,0.06666666666666667,-0.20734341252699784,0.9772962886170433,2.7500000000000004,-0.30782029950083195,1.1666666666666667,-0.21829105473965288,-0.25532418362517745,0.18985865808040156,-0.9123695279638573,-0.40768865685809214,Auto Parts,Consumer Cyclical,SES
2012Q4,2012,Q4,2013-02-12,2012-12-31,-4494000.0,10000.0,-4226000.0,-4.63,-120000.0,-12.0,97000000.0,86500000.0,25900000.0,10200000.0,10600000.0,0.0,-140700000.0,10427500.0,-9272500.0,89.17525773195877,2.5392156862745097,0.012371134020618556,0.013872832369942197,-0.0501278664639554,89.17525773195877,-0.05195375722543353,1042.75,-0.5800789942145081,0.12054913294797688,0.0,0.0,0.0,0.00010309278350515464,2.2941176470588234,-0.04632989690721649,-2.681280534841862,-12.0,0.021141649048625904,0.44696294232376704,0.0,-0.27621919451855825,-1.0,-0.15824742268041236,0.17621832358674464,0.688531528501144,-0.9970375636923806,-0.3985481717718609,Auto Parts,Consumer Cyclical,SES
2012Q3,2012,Q3,2012-11-13,2012-09-30,-3880000.0,70000.0,-5130000.0,-4.73,-60000.0,-0.8571428571,96700000.0,84200000.0,25300000.0,12200000.0,12400000.0,0.0,-136300000.0,8815000.0,-10285000.0,102.6829268292683,2.0737704918032787,0.012409513960703205,0.014251781472684086,-0.05156473440964954,102.6829268292683,-0.04608076009501188,125.92857142857143,-0.5679768041237113,0.10469121140142518,0.0,0.0,0.0,0.0007238883143743537,1.8688524590163935,-0.04012409513960703,-3.3390151515151514,-0.8571428571428571,0.09904761904761897,0.4178265866428298,0.0,1.5400513478819,0.625,0.0761904761904762,0.10627177700348432,0.2637384880072868,-0.9721633085896076,-0.3576964543623751,Auto Parts,Consumer Cyclical,SES
2012Q2,2012,Q2,2012-09-27,2012-06-30,-4200000.0,280000.0,-5740000.0,-5.25,-160000.0,-0.5714285714,92800000.0,80900000.0,20400000.0,10500000.0,12000000.0,0.0,-131800000.0,8600000.0,-4600000.0,101.125,1.9428571428571428,0.02586206896551724,0.029666254635352288,-0.05799834964045738,101.125,-0.0519159456118665,30.714285714285715,-0.5119047619047619,0.10630407911001236,0.0,0.0,0.0,0.003017241379310345,1.7428571428571429,-0.04525862068965517,-3.4262948207171315,-0.5714285714285714,0.13934426229508193,-1.0062319386343357,-0.30000000000000004,-0.6102823920265781,-0.06666666666666667,0.12863070539419086,0.025466893039049237,0.3997713414634146,-0.7756410256410255,-0.38736873990306947,Auto Parts,Consumer Cyclical,SES
2012Q1,2012,Q1,2012-05-14,2012-03-31,-4820000.0,100000.0,-5890000.0,-6.1,-150000.0,-1.5,96000000.0,84500000.0,23100000.0,10000000.0,11500000.0,900000.0,-126900000.0,8492500.0,-6507500.0,106.9620253164557,2.31,0.025,0.028402366863905324,-0.061064495660497084,106.9620253164557,-0.05704142011834319,84.925,-0.44048236514522826,0.10050295857988166,0.0,0.2777777777777778,0.0,0.0010416666666666667,1.99,-0.050208333333333334,-2.6875,-1.5,-0.0032894736842104563,0.9752053058000038,0.5506329113924053,-0.1279302428442048,0.7857142857142857,-0.004166666666666667,-0.09683426443202979,-0.3590583210836374,-0.7123130034522439,-0.38385930117249023,Auto Parts,Consumer Cyclical,SES
2011Q4,2011,Q4,2012-02-14,2011-12-31,-4800000.0,180000.0,-5370000.0,-6.08,-700000.0,-3.8888888889,102000000.0,89400000.0,28500000.0,9800000.0,12600000.0,1100000.0,-121500000.0,8492500.0,-9907500.0,113.16455696202532,2.9081632653061225,0.03529411764705882,0.040268456375838924,-0.05413306451612903,113.16455696202532,-0.053691275167785234,47.18055555555556,-0.4423177083333333,0.0949944071588367,0.0,0.8,0.0,0.0017647058823529412,2.561224489795918,-0.047058823529411764,-2.7662866449511396,-3.888888888888889,-0.08185053380782917,0.27471775573041396,0.0,-0.08151278422858473,0.0,-0.08108108108108109,-0.14012738853503184,0.523030979137905,-0.6439873417721519,-0.37408983981180693,Auto Parts,Consumer Cyclical,SES
2011Q3,2011,Q3,2011-11-10,2011-09-30,-4440000.0,2500000.0,-4710000.0,-5.62,-700000.0,-0.28,105700000.0,93800000.0,32200000.0,9100000.0,11900000.0,1000000.0,-116500000.0,8492500.0,-13207500.0,118.73417721518987,3.5384615384615383,0.03405865657521287,0.03837953091684435,-0.046574048916069435,118.73417721518987,-0.04733475479744136,3.397,-0.47818130630630634,0.09053837953091684,0.0,3.2,0.0,0.023651844843897825,3.2967032967032965,-0.042005676442762534,-2.713258785942492,-0.28,0.03270223752151455,0.3085028828948241,0.0,1.9371085942704864,-1.0,0.007155635062611807,0.016290726817042606,-1.0156553012940306,17.2570593962999,-0.3824505345950596,Auto Parts,Consumer Cyclical,SES
2011Q2,2011,Q2,2011-09-28,2011-06-30,-4472000.0,2520000.0,-4788000.0,-5.81,-350000.0,-0.1388888889,110000000.0,97500000.0,36300000.0,8500000.0,12500000.0,200000.0,-111900000.0,8277500.0,-16822500.0,126.62337662337663,4.270588235294118,0.042727272727272725,0.048205128205128206,-0.04495925686401317,126.62337662337663,-0.04586666666666667,3.2847222222222223,-0.46274038461538464,0.0848974358974359,0.0,14.35,0.0,0.02290909090909091,4.094117647058823,-0.04065454545454546,-3.0886194029850746,-0.1388888888888889,-0.2968749999999998,-1.006894058026654,5.545454545454546,-0.5120162229796781,-1.4666666666666666,-0.3137485311398355,-0.2747603833865815,-1.006894058026654,5.545454545454546,-0.5120162229796781,Auto Parts,Consumer Cyclical,SES
2011Q1,2011,Q1,2011-05-13,2011-03-31,-3404000.0,3130000.0,-3756000.0,-4.48,750000.0,0.2396166134,107500000.0,95900000.0,34900000.0,7600000.0,11600000.0,1200000.0,-107300000.0,8170000.0,-14230000.0,126.1842105263158,4.592105263157895,0.04279069767441861,0.047966631908237745,-0.03533837479270315,126.1842105263158,-0.03549530761209593,2.610223642172524,-0.6000293772032903,0.08519290928050052,0.0,1.9833333333333334,0.0,0.02911627906976744,4.2105263157894735,-0.03166511627906977,-2.2631578947368425,0.23961661341853036,0.00444444444444435,0.9817981819570698,49.45065789473684,0.028789736404238646,1.34375,0.004678362573099415,-0.006970509383378016,0.9817981819570698,49.45065789473684,0.028789736404238646,Auto Parts,Consumer Cyclical,SES
2010Q4,2010,Q4,2011-02-14,2010-12-31,-3420000.0,2880000.0,-3730000.0,-4.5,320000.0,0.1111111111,111900000.0,98600000.0,39200000.0,8100000.0,13200000.0,1000000.0,-103800000.0,8170000.0,-17930000.0,129.73684210526315,4.839506172839506,0.05183199285075961,0.058823529411764705,-0.034036115646911926,129.73684210526315,-0.03468559837728195,2.8368055555555554,-0.5972222222222222,0.08286004056795132,0.0,2.56,0.0,0.025737265415549597,4.54320987654321,-0.030563002680965148,-2.3409742120343844,0.1111111111111111,0.05660377358490558,0.4628378378378379,0.0,0.05299427742403476,0.03225806451612903,0.056291390728476824,0.04014410705095214,0.4628378378378379,0.0,0.05299427742403476,Auto Parts,Consumer Cyclical,SES
2010Q3,2010,Q3,2010-11-12,2010-09-30,-3624000.0,1620000.0,-3886000.0,-4.77,310000.0,0.1913580247,115400000.0,101700000.0,42800000.0,8600000.0,13700000.0,1100000.0,-100200000.0,8170000.0,-21530000.0,133.81578947368422,4.976744186046512,0.049393414211438474,0.05604719764011799,-0.03478126342930812,133.81578947368422,-0.03563421828908554,5.04320987654321,-0.5636037527593819,0.08033431661750245,0.0,1.190909090909091,0.0,0.014038128249566724,4.651162790697675,-0.031403812824956676,-2.1387434554973823,0.19135802469135801,0.004175365344467738,0.4133094516395701,0.0,2.3101800554016623,0.34782608695652173,-0.008347245409015025,-0.013034410844629822,0.4133094516395701,0.0,2.3101800554016623,Auto Parts,Consumer Cyclical,SES
2010Q2,2010,Q2,2010-09-23,2010-06-30,-3594000.0,1770000.0,-3836000.0,-4.79,230000.0,0.1299435028,120600000.0,104600000.0,48100000.0,9800000.0,16000000.0,1000000.0,-96400000.0,8062500.0,-25537500.0,139.46666666666667,4.908163265306122,0.05555555555555555,0.06405353728489484,-0.03311996771264252,139.46666666666667,-0.03435946462715105,4.555084745762712,-0.560830550918197,0.0770793499043977,0.0,1.54,0.0,0.014676616915422885,4.622448979591836,-0.029800995024875623,-2.2904829545454546,0.12994350282485875,0.3057971014492754,-1.0056882761782355,3.7199999999999998,-0.4625204872646733,2.9166666666666665,0.3051044083526682,0.2971784536460242,-1.0056882761782355,3.7199999999999998,-0.4625204872646733,Auto Parts,Consumer Cyclical,SES
2010Q1,2010,Q1,2010-05-17,2010-03-31,-5172000.0,2620000.0,-5458000.0,-6.9,-120000.0,-0.0458015267,124200000.0,107500000.0,50700000.0,10500000.0,16700000.0,900000.0,-92800000.0,8062500.0,-28737500.0,143.33333333333334,4.828571428571428,0.05394524959742351,0.062325581395348835,-0.0462032112869699,143.33333333333334,-0.04811162790697674,3.0772900763358777,-0.38971867749419953,0.075,0.0,3.0444444444444443,0.0,0.02109500805152979,4.685714285714286,-0.041642512077294684,-2.1329365079365084,-0.04580152671755725,0.5359784801613987,0.9719756168359942,41.79333333333334,0.168607875762618,0.0,0.5363929723915382,0.34744141559062647,0.9719756168359942,41.79333333333334,0.168607875762618,Auto Parts,Consumer Cyclical,SES
2009Q4,2009,Q4,2010-02-16,2009-12-31,-11156000.0,2610000.0,-8364000.0,-14.87,0.0,0.0,129300000.0,111200000.0,55000000.0,9800000.0,18100000.0,900000.0,-88300000.0,8062500.0,-32737500.0,148.26666666666668,5.612244897959184,0.060324825986078884,0.07014388489208633,-0.06926744068652196,148.26666666666668,-0.10032374100719424,3.089080459770115,-0.1806763176765866,0.07250449640287769,0.0,2.9,0.0,0.020185614849187936,5.438775510204081,-0.0862799690641918,-1.892605633802817,0.0,-1.312597200622084,-0.7755795795795793,0.0,0.20338948443083216,-1.0,-1.3145228215767635,-0.7571428571428571,-0.7755795795795793,0.0,0.20338948443083216,Auto Parts,Consumer Cyclical,SES
2009Q3,2009,Q3,2009-11-16,2009-09-30,-4820000.0,2300000.0,-4760000.0,-6.43,560000.0,0.2434782609,140300000.0,119900000.0,58600000.0,9900000.0,20400000.0,700000.0,-79300000.0,8062500.0,-36837500.0,159.86666666666667,5.91919191919192,0.05559515324305061,0.06505421184320268,-0.035932967893500395,159.86666666666667,-0.04020016680567139,3.505434782608696,-0.4181794605809129,0.06724353628023352,0.0,2.4857142857142858,0.0,0.01639344262295082,5.747474747474747,-0.03435495367070563,-1.3997395833333333,0.24347826086956523,0.2651428571428572,0.20928446771378706,0.0,2.95459649122807,1.5384615384615385,0.2652439024390244,0.3071324599708879,0.20928446771378706,0.0,2.95459649122807,Auto Parts,Consumer Cyclical,SES
2009Q2,2009,Q2,2009-09-21,2009-06-30,-6560000.0,1170000.0,-6870000.0,-8.75,-1040000.0,-0.8888888889,146100000.0,123800000.0,93200000.0,11100000.0,22300000.0,800000.0,-74700000.0,8062500.0,-71137500.0,165.06666666666666,8.396396396396396,0.061601642710472276,0.07269789983844911,-0.050350362875835684,165.06666666666666,-0.05298869143780291,6.891025641025641,-0.30725990853658536,0.06512520193861067,0.0,2.7625,0.0,0.008008213552361396,8.26126126126126,-0.04490075290896646,-1.9809582309582305,-0.8888888888888888,-0.9487750556792872,-1.010382607604125,2.12,-0.3638626799557032,-0.7931034482758621,-0.9483219483219483,-0.7784105617395807,-1.010382607604125,2.12,-0.3638626799557032,Auto Parts,Consumer Cyclical,SES
2009Q1,2009,Q1,2009-05-11,2009-03-31,-3367000.0,330000.0,-3863000.0,-4.49,-580000.0,-1.7575757576,151500000.0,130200000.0,101500000.0,10100000.0,21400000.0,700000.0,-68000000.0,8062500.0,-79337500.0,173.6,10.049504950495049,0.0594059405940594,0.06912442396313365,-0.025883403779412232,173.6,-0.02586021505376344,24.431818181818183,-0.5986412236412236,0.061923963133640555,0.0,1.3,0.0,0.0021782178217821784,9.782178217821782,-0.022224422442244225,-1.6387195121951224,-1.7575757575757576,0.6475667189952904,0.9817559748427673,4.390000000000001,0.4153743760399335,0.7622950819672131,0.6475821645384132,0.6244409877503403,0.9817559748427673,4.390000000000001,0.4153743760399335,Auto Parts,Consumer Cyclical,SES
2008Q4,2008,Q4,2009-02-09,2008-12-31,-9554000.0,480000.0,-10286000.0,-12.74,-2440000.0,-5.0833333333,157900000.0,135600000.0,108600000.0,10000000.0,22300000.0,600000.0,-64400000.0,8062500.0,-39237500.0,180.8,10.86,0.06396453451551615,0.07448377581120944,-0.06684686415261956,180.8,-0.07045722713864307,16.796875,-0.2109718442537157,0.05945796460176991,0.0,4.866666666666666,0.0,0.0030398986700443317,10.54,-0.06050664977834072,-0.7122349823321554,-5.083333333333333,-1.0354874651810586,-0.5206066066066065,0.0,0.4674425727411946,-0.8914728682170543,-1.0354837511606314,0.9641115104148494,-0.5206066066066065,0.0,0.4674425727411946,Auto Parts,Consumer Cyclical,SES
2008Q3,2008,Q3,2008-11-10,2008-09-30,269250000.0,130000.0,-286610000.0,359.0,-1290000.0,-9.9230769231,169900000.0,144200000.0,119700000.0,13000000.0,25700000.0,500000.0,-54600000.0,8062500.0,-50637500.0,192.26666666666668,9.207692307692307,0.0594467333725721,0.07004160887656033,56.57555981912183,192.26666666666668,1.8671983356449375,62.01923076923077,0.007486072423398328,0.05591192787794729,0.0,2.84,0.0,0.0007651559741024132,8.953846153846154,1.5847557386698057,-0.7606132075471698,-9.923076923076923,-0.5738518333867502,45.17015706806283,0.0,3.756070175438597,0.32460732984293195,-0.4489492685402733,0.4410576240512352,45.17015706806283,0.0,3.756070175438597,Auto Parts,Consumer Cyclical,SES
2008Q2,2008,Q2,2008-09-15,2008-06-30,488612000.0,290000.0,-512772000.0,842.43,-1910000.0,-6.5862068966,177700000.0,150500000.0,130700000.0,13100000.0,27200000.0,500000.0,-46100000.0,6235000.0,-108265000.0,259.48275862068965,9.977099236641221,0.06302757456387169,0.07441860465116279,126.48596037711559,259.48275862068965,3.246591362126246,21.5,0.003190159062814667,0.04142857142857143,0.0,4.4,0.0,0.0016319639842431065,9.778625954198473,2.7496454698930783,-0.5561998215878678,-6.586206896551724,4.423538017637258,0.0,0.0,0.0,-10.9375,5.052349160273689,-5.860167764560921,0.0,0.0,0.0,Auto Parts,Consumer Cyclical,SES
2008Q1,2008,Q1,2008-05-15,2008-03-31,-120575000.0,40000.0,105505000.0,-246.07,-160000.0,-4.0,86400000.0,60100000.0,42800000.0,12000000.0,26200000.0,700000.0,-34200000.0,5267500.0,-20732500.0,122.65306122448979,3.566666666666667,0.1261574074074074,0.18136439267886856,23.482667334280915,122.65306122448979,-2.0062396006655576,131.6875,-0.010921625544267052,0.08764559068219635,0.0,0.2857142857142857,0.0,0.000462962962962963,3.2583333333333333,-1.3955439814814814,-0.5663978494623657,-4.0,-28.36396181384248,0.0,0.0,0.0,0.0,-26.15653153153153,25.593240093240095,0.0,0.0,0.0,Auto Parts,Consumer Cyclical,SES
2007Q4,2007,Q4,2008-04-02,2007-12-31,-4440000.0,0.0,-4290000.0,-8.38,0.0,0.0,91200000.0,65300000.0,50100000.0,10800000.0,25900000.0,0.0,-26800000.0,5697500.0,-29802500.0,123.20754716981132,4.638888888888889,0.12609649122807018,0.17611026033690658,-0.0563671875,123.20754716981132,-0.06799387442572741,0.0,-0.32080518018018017,0.08725114854517611,0.0,0.0,0.0,0.0,4.453703703703703,-0.04868421052631579,-0.5375,0.0,-0.030750307503075027,0.0,0.0,0.0,0.0,-0.16230366492146597,-0.15013404825737264,0.0,0.0,0.0,Auto Parts,Consumer Cyclical,SES
2007Q3,2007,Q3,2007-11-13,2007-09-30,-3820000.0,0.0,-3730000.0,-8.13,0.0,0.0,42100000.0,19000000.0,5800000.0,11500000.0,23200000.0,0.0,-22500000.0,5052500.0,13952500.0,40.42553191489362,0.5043478260869565,0.2660332541567696,0.5894736842105263,-0.12481691720102317,40.42553191489362,-0.20105263157894737,0.0,-0.3306609947643979,0.26592105263157895,0.0,0.0,0.0,0.0,0.28695652173913044,-0.09073634204275534,-0.466528162511542,0.0,0.0,0.0,0.0,0.0,0.0,0.0,0.0,0.0,0.0,0.0,Auto Parts,Consumer Cyclical,SES
