Year,Date,FillingDate,NetIncome,Revenue,OperatingIncome,EPSDiluted,GrossProfit,GrossProfitRatio,TotalAssets,CommonStockEquity,CurrentAssets,CurrentLiability,TotalLiability,Inventory,RetainedEarnings,EnterpriseValue,bookValuePerShare,currentRatio,debtToAssets,debtToEquity,roic,shareholdersEquityPerShare,roe,priceToSalesRatio,peRatio,pbRatio,payoutRatio,inventoryTurnover,dividendYield,assetTurnover,quickRatio,returnOnAssets,priceToFreeCashFlowsRatio,grossProfitMargin,epsdilutedGrowth,fiveYNetIncomeGrowthPerShare,fiveYRevenueGrowthPerShare,fiveYShareholdersEquityGrowthPerShare,grossProfitGrowth,netIncomeGrowth,operatingIncomeGrowth,threeYNetIncomeGrowthPerShare,threeYRevenueGrowthPerShare,threeYShareholdersEquityGrowthPerShare,Industry,Sector,Price,MarketCap,AvgVolume,Symbol
2022,2022-12-31,2023-02-17,-60725000.0,209380000.0,-1011000.0,-0.69,127943000.0,0.6110564524,1872606000.0,1263488000.0,26198000.0,105898000.0,608820000.0,0.0,-453008000.0,2099476400.0,14.458369570192703,0.24738899695933822,0.29496808191365403,0.43716996125012664,-0.0010952945700146333,14.458369570192703,-0.048061398287914094,7.429106886999714,-25.615585014409223,1.2311208337554453,-0.9775710168793742,0.0,0.03816313452647961,0.11181209501625008,0.2335738163138114,-0.03242807082749922,21.24689459234268,0.6110564523832267,-25.4367816091954,-3.714124883185845,-0.43379966870772524,0.014357412554490906,0.25144763097147776,-26.489814395654143,-1.0888429752066116,-1.1454041018677807,-0.3780507843992979,-0.17803782986574176,REIT—Office,Real Estate,16.49,1446530767,670162,ELME
2021,2021-12-31,2022-02-18,-2209000.0,169151000.0,-484000.0,-0.0261,102236000.0,0.6044067135,1875994000.0,1316755000.0,283153000.0,57317000.0,558932000.0,620000.0,-362494000.0,2448808400.0,15.574789458743377,4.940122476752098,0.26489743570608437,0.3774020223959658,-1.1093123166997475e-05,15.574789458743377,-0.0016776089705374197,12.920186105905374,-989.3446808510639,1.6597335115492253,-41.07197827071073,107.9274193548387,0.04151432667063958,0.09016606662921096,4.338451070363068,-0.0011775090965109695,24.512791062856117,0.6044067135281495,0.9313157894736842,-1.0157995642580966,-0.5391115033986107,0.06943984915618721,-0.43581168705748613,0.9293865677844196,-1.0130009670140754,-1.0804954731973053,-0.5310669982849986,0.1513475229653188,REIT—Office,Real Estate,16.49,1446530767,670162,ELME
2020,2020-12-31,2020-12-31,-31283000.0,294118000.0,37228000.0,-0.38,181209000.0,0.6161098607,2409818000.0,1320787000.0,137600000.0,133349000.0,1088709000.0,603000.0,-298860000.0,2760857240.0,16.03909020255501,1.031878754246376,0.40972803755304343,0.7475618703091415,0.032178566678337496,16.03909020255501,-0.023685121067969325,6.056029348764781,-56.93786529424927,1.348580232846023,-3.167215420515935,187.24543946932008,0.055625819551682845,0.122049880945366,0.49461938222258883,-0.012981478269313285,15.76397447584321,0.6161098606681672,-1.08,-1.2886071994830053,-0.20534356256884112,0.3085602361034272,-0.06400309917355372,-1.0815617259809673,0.1901915022858787,-2.4837797579223477,-0.15597507514570164,0.12525620254808192,REIT—Office,Real Estate,16.49,1446530767,670162,ELME
2019,2019-12-31,2019-12-31,383550000.0,309180000.0,31279000.0,4.75,193600000.0,0.6261724562,2628328000.0,1411726000.0,238523000.0,161875000.0,1216266000.0,65176000.0,-183405000.0,3428756260.0,17.59006691005146,1.4735011583011584,0.4184394033012622,0.7790435254433226,0.18602511652165138,17.59006691005146,0.27168869879849206,7.574549647454557,6.105851284056837,1.658890790422504,0.25123451961934556,1.7733521541671782,0.04114651797618314,0.11763371999232973,0.4830764478764479,0.14592927518939797,17.954944032139352,0.6261724561743968,13.843749999999998,1.8593484407612277,-0.10850189727211014,0.433617657456653,-0.1226321036889332,13.964884900507219,-0.598740250410509,1.8898230483808651,-0.11257315606363927,0.20781847823774338,REIT—Office,Real Estate,16.49,1446530767,670162,ELME
2018,2018-12-31,2018-12-31,25630000.0,336890000.0,77952000.0,0.32,220660000.0,0.6549912434325744,2417104000.0,1068127000.0,213823000.0,283325000.0,1348626000.0,0.0,-469085000.0,3053253000.0,13.527444275582573,0.7546916085767228,0.5143299584957867,1.163896240802826,0.033726240808266805,13.527444275582573,0.023995273970230133,5.390721006856838,70.85758876316815,1.7002472552421202,3.7088958252048383,0.0,0.05234295845997974,0.1393775360927788,0.28192711550339716,0.010603598355718249,12.323351586833052,0.6549912434325744,0.28,-0.4213164134335446,0.08001401923835837,0.19298828130837253,0.053631797085394506,0.30313199105145416,0.17124183006535948,-0.7533998773107676,-0.05072544942112468,0.10364587090559917,REIT—Office,Real Estate,16.49,1446530767,670162,ELME
2017,2017-12-31,2017-12-31,19668000.0,325078000.0,66555000.0,0.25,209428000.0,0.6442392287389488,2359426000.0,1094971000.0,286694000.0,265442000.0,1264090000.0,0.0,-399213000.0,3536290400.0,14.253722988804999,1.080062687894154,0.4897373344194732,1.0552781763169983,0.029701034620421694,14.253722988804999,0.017962119544718536,7.354045490620712,121.54964409192598,2.1832892377971653,4.660667073418751,0.0,0.03834373278702458,0.13777842576965754,0.2999261608939053,0.008335925771776696,18.30139788403534,0.6442392287389488,-0.8484848484848485,-0.28467278952852,-0.08092402934374503,0.19202577220509925,0.05637802583593526,-0.8351921836113928,-0.6119287238632786,-0.84681582099203,-0.02072373494442988,0.16170046798229518,REIT—Office,Real Estate,16.49,1446530767,670162,ELME
2016,2016-12-31,2016-12-31,119339000.0,313264000.0,171502000.0,1.65,198251000.0,0.6328559936666837,2253619000.0,1050946000.0,185409000.0,201131000.0,1201557000.0,0.0,-326047000.0,3459327470.0,14.563502071698792,0.9218320398148471,0.4932617270266181,1.0577365535431886,0.07971569758793218,14.563502071698792,0.11355388383418367,7.5304167411512335,19.767288732099313,2.2446524084015733,0.7176865903015779,0.0,0.03630677934785033,0.13900486284505056,0.375993755313701,0.0529543813750239,20.17436325696351,0.6328559936666837,0.2595419847328243,0.04036096375921694,-0.010690192385103794,0.11860276504443283,-0.06572194705862948,0.3298306217963004,0.15767872933584443,1.9482717606158073,0.09886495252179403,0.28435844586753123,REIT—Office,Real Estate,16.49,1446530767,670162,ELME
2015,2015-12-31,2015-12-31,89740000.0,306427000.0,148143000.0,1.31,212197000.0,0.6924879335045541,2191168000.0,835649000.0,209885000.0,183545000.0,1354156000.0,0.0,-357781000.0,3087277620.0,12.25705149830588,1.1435070418698412,0.5778803816046967,1.5152689705845397,0.07048112120471083,12.25705149830588,0.10738958581892637,6.020584413253402,20.55794094049476,2.207708762889682,0.6854245598395364,0.0,0.03334110949260469,0.13984641980897858,0.47244544934484733,0.040955326109180124,17.18475730054492,0.6924879335045541,-0.21556886227544902,1.1854758603408007,-0.0627020916800162,-0.11133945477116788,0.045315717396230505,-0.19615904836123577,1.3136498516320474,2.6776214768375546,-0.023825906984189203,0.025045967899132545,REIT—Office,Real Estate,16.49,1446530767,670162,ELME
2014,2014-12-31,2014-12-31,111639000.0,288637000.0,64030000.0,1.67,202998000.0,0.7032986069007092,2113707000.0,819555000.0,206953000.0,116846000.0,1291478000.0,0.0,-365518000.0,3047455700.0,12.269705816303615,1.7711603306916797,0.5751662836902182,1.4834062387515177,0.03145992115120808,12.269705816303615,0.13621904570163076,6.400945478230442,16.549321473678553,2.2543327781539984,0.719076666756241,0.0,0.04345052260299141,0.13655487728431615,0.6467658285264365,0.05281668651331523,22.893764637365088,0.7032986069007092,2.036363636363636,1.3338026560498235,-0.19899248285350438,-0.06331035321765323,0.09114071016222143,1.9893161248861992,-0.017809206792348636,0.05144901154709311,-0.015208133858533389,-0.05758060219110412,REIT—Office,Real Estate,16.49,1446530767,670162,ELME
2013,2013-12-31,2013-12-31,37346000.0,263024000.0,65191000.0,0.55,186042000.0,0.7073194841535373,1975493000.0,754959000.0,377293000.0,66804000.0,1216047000.0,0.0,-396880000.0,2566339800.0,11.33912586362271,5.647760613136938,0.5777666638150578,1.5118357420734105,0.03437740101553894,11.33912586362271,0.049467586981544694,5.913182067035708,41.64592727467466,2.0601235298870533,2.1449151180849353,0.0,0.05150359851368423,0.13314347355318393,2.6809622178312678,0.018904648105561497,13.72516987592439,0.7073194841535373,0.5714285714285716,-0.1607305684473035,-0.312393894090712,-0.11049139009105671,-0.1586682826236388,0.5752488611439177,-0.19339033172071615,-0.06868169789967597,-0.17616527671887136,-0.1778908839717235,REIT—Office,Real Estate,16.49,1446530767,670162,ELME
2012,2012-12-31,2012-12-31,23708000.0,304983000.0,80821000.0,0.35,221128000.0,0.7250502487023867,2124376000.0,792057000.0,217309000.0,69137000.0,1328233000.0,0.0,-354122000.0,2961985850.0,11.957562765138363,3.143165020177329,0.5880126681905652,1.5771087181856862,0.0395945164085935,11.957562765138363,0.02993218922375536,5.679496398159897,73.06182934030706,2.186900500847792,4.1224059389235705,0.0,0.056423524789151476,0.14356356878443363,1.105052287487163,0.011159982978531107,13.212129775825115,0.7250502487023867,-0.7784810126582278,-0.7344535008338734,-0.17315457797717282,0.12833302663328985,0.14970234226739804,-0.7739598032111666,-0.029876365382307046,-0.5002264158272705,-0.14652577728415742,-0.08713987029972026,REIT—Office,Real Estate,16.49,1446530767,670162,ELME
2011,2011-12-31,2011-12-31,104884000.0,289527000.0,83310000.0,1.58,192335000.0,0.6643076466098153,2120758000.0,859044000.0,206618000.0,64884000.0,1257926000.0,0.0,-280096000.0,2976022700.0,13.019368918796035,3.184421429011775,0.6050572483989215,1.4937302396617635,,13.019368918796035,0.12209386247968672,6.232951330963951,17.205748255215287,2.100716261332365,1.0968784561992295,0.0,0.06375069772782195,0.1365205270945577,1.0263393132359286,0.049455902087838406,-9.14735100009124,0.6643076466098153,1.6333333333333335,0.7959050435792774,-0.1274680306966142,0.286791410885618,-0.0337595137022431,1.8024368086357079,-0.08104172871372316,1.3783998542717089,-0.23624910507525387,0.02131688880910152,REIT—Office,Real Estate,16.49,1446530767,670162,ELME
2010,2010-12-31,2010-12-31,37426000.0,297977000.0,90657000.0,0.6,199055000.0,0.6680213573530843,2167881000.0,857080000.0,263540000.0,63727000.0,1307023000.0,0.0,-269935000.0,3080709600.0,13.792726102349533,4.1354527908108025,0.5691078061941591,1.4394898959257012,0.04335916986394929,13.792726102349533,0.043666868903719604,6.462641747517426,51.45403195639395,2.2468364680076536,2.915406401966547,0.0,0.056660407185141176,0.13745081026126435,2.101824972146814,0.017263862730472753,-27.22941376092305,0.6680213573530843,-0.15492957746478872,-0.6736451930403183,0.06148766064839125,0.5257390631197131,-0.016312834805985492,-0.08145784758866119,-0.039731802389628,-0.5531501737657784,-0.138859616838217,0.3015017101946986,REIT—Office,Real Estate,16.49,1446530767,670162,ELME
2009,2009-12-31,2009-12-31,40745000.0,306929000.0,94408000.0,0.71,202356000.0,0.6592925399685269,2045225000.0,745255000.0,178713000.0,63860000.0,1296162000.0,0.0,-198412000.0,2778589700.0,13.099008682813654,2.7985123708111495,0.5976667603808872,1.6401942959121374,0.04798085807306093,13.099008682813654,0.054672561740612274,5.106815256948676,38.46925266903915,2.1032125916632562,2.4597128482022335,0.0,0.06393970970436505,0.1500710190810302,0.9666144691512684,0.019922013470400568,21.4487219135718,0.6592925399685269,0.059701492537313314,-0.3454880347914819,0.3031094349847202,0.4903155921568219,0.0778580902209983,0.2406747662982248,0.06089516681837081,-0.19089020744367613,0.07272699434757034,0.2946627420493643,REIT—Office,Real Estate,16.49,1446530767,670162,ELME
2008,2008-12-31,2008-12-31,32841000.0,282312000.0,88989000.0,0.67,187739000.0,0.6650053841140299,2111391000.0,626393000.0,191537000.0,79591000.0,1481203000.0,0.0,-128139000.0,2769917400.0,12.74762912613456,2.4065158120893066,1.3177909728704915,4.441895104191778,,12.74762912613456,0.05242874680911185,4.925775029045878,42.343576626777505,2.2200206579575443,2.605401784354922,0.0,0.0615300357671558,0.1337090098423267,0.7200939804751794,0.015554200998299225,31.749706614306263,0.6650053841140299,-0.5,-0.4133710178742056,0.3817605563809987,0.3260633453921223,0.0,-0.46928782663499297,-0.020667569084486116,-0.6378514535699663,0.27178974366461867,0.4101313674744082,REIT—Office,Real Estate,16.49,1446530767,670162,ELME
TTM,,,,,,,,,,,,,,,,1996247767.0,14.216009309860922,0.30308177029488503,0.30014086260962947,0.44683187014002196,0.004179299546348859,14.216009309860922,-0.039827262342912007,6.654234501000529,-28.495169945980045,1.1599598481243063,-1.1763140254721818,-3.658722884204094,0.04244996967859309,0.11718874241980723,0.2847806823216659,-0.027343410966798366,17.891758302514564,0.6143938174207052,,,,,,,,,,,REIT—Office,Real Estate,16.49,1446530767,670162,ELME
