Quarters,Year,Quarter,FillingDate,Date,NetIncome,Revenue,OperatingIncome,EPSDiluted,GrossProfit,GrossProfitRatio,TotalAssets,CommonStockEquity,CurrentAssets,CurrentLiability,TotalLiability,Inventory,RetainedEarnings,MarketCap,EnterpriseValue,bookValuePerShare,currentRatio,debtToAssets,debtToEquity,roic,shareholdersEquityPerShare,roe,priceToSalesRatio,peRatio,pbRatio,payoutRatio,inventoryTurnover,dividendYield,assetTurnover,quickRatio,returnOnAssets,priceToFreeCashFlowsRatio,grossProfitMargin,epsdilutedGrowth,fiveYNetIncomeGrowthPerShare,fiveYRevenueGrowthPerShare,fiveYShareholdersEquityGrowthPerShare,grossProfitGrowth,netIncomeGrowth,operatingIncomeGrowth,threeYNetIncomeGrowthPerShare,threeYRevenueGrowthPerShare,threeYShareholdersEquityGrowthPerShare,Industry,Sector,Symbol
2023Q4,2023,Q4,2023-06-20,2023-04-30,-600700000.0,2234800000.0,378800000.0,-5.7,792400000.0,0.3545731162,14991400000.0,7290800000.0,2858700000.0,1986700000.0,7700600000.0,1009800000.0,0.0,16552016000.0,20210416000.0,69.17267552182163,1.4389188100870791,0.2877783262403778,0.5917320458660229,0.0288940621217137,69.17267552182163,-0.08239150710484446,7.406486486486487,-6.888636590644248,2.2702606024030283,-0.18045613450973863,1.4284016636957813,0.006549051185064104,0.1490721346905559,0.8764282478481905,-0.040069639926891415,55.41351188483428,0.35457311616252013,-3.9230769230769234,-4.482699172087583,0.3521949675156759,-0.004192579072760777,0.04842550939401958,-3.8810551558752997,0.19156967599874175,-3.8710272756772803,0.15542357077290922,-0.037262692806936164,Packaged Foods,Consumer Defensive,SJM
2023Q3,2023,Q3,2023-02-28,2023-01-31,208500000.0,2216300000.0,317900000.0,1.95,755800000.0,0.3410188151,16017500000.0,8335000000.0,2027800000.0,1740700000.0,7682500000.0,1241500000.0,3076200000.0,16273200000.000002,20482300000.0,78.26291079812206,1.1649336473832366,0.2714343686592789,0.5216196760647871,0.018841962666629554,78.26291079812206,0.02501499700059988,7.3425077832423415,19.51223021582734,1.952393521295741,0.5194244604316547,1.176399516713653,0.006655113929651205,0.13836741064460745,0.3665766645602344,0.013017012642422351,36.75897899254575,0.3410188151423544,0.08938547486033514,-0.7324672200168412,0.24208129739575118,0.1392156360250464,0.0780202538867494,0.09105180533751962,0.08350374914792093,0.1909450298375096,0.20284817968297544,0.09198715252446829,Packaged Foods,Consumer Defensive,SJM
2023Q2,2023,Q2,2022-11-21,2022-10-31,191100000.0,2205100000.0,293400000.0,1.79,701100000.0,0.3179447644,16219300000.0,8217300000.0,2250900000.0,2059700000.0,8002000000.0,1358400000.0,2976000000.0,16045290000.0,20632590000.0,77.15774647887324,1.092829052774676,0.28450056414271885,0.5615469801516313,0.0171501332730193,77.15774647887324,0.023255813953488372,7.276445512675162,20.990698587127156,1.9526231243839218,0.5672422815279958,1.1071849234393405,0.006755876646667027,0.13595531249807327,0.3090741370102442,0.011782259407002768,155.93090379008746,0.3179447644097773,0.7378640776699029,0.047482014388489244,0.22276287516462187,0.2457001549109617,0.26895927601809955,0.7404371584699454,0.6327212020033389,-0.030600458813487007,0.20669080029946435,0.0875074269316067,Packaged Foods,Consumer Defensive,SJM
2023Q1,2023,Q1,2022-08-23,2022-07-31,109800000.0,1873000000.0,179700000.0,1.03,552500000.0,0.2949813134,16276700000.0,8144300000.0,2287700000.0,2177200000.0,8132400000.0,1312800000.0,2893400000.0,14249515000.000002,18904915000.0,76.6161806208843,1.0507532610692634,0.2953301344867203,0.5902287489409771,0.010708290215740537,76.6161806208843,0.013481821642130078,7.6078563801388155,32.44425091074682,1.7496304163648195,0.9571948998178507,1.005865326020719,0.007375689628734731,0.11507246554891348,0.3475105640271909,0.006745839144298291,-111.93648860958368,0.294981313400961,-0.44919786096256686,-0.07541746915906712,0.1434979664949456,0.2544809504566378,-0.17129143542822858,-0.45670460168233545,-0.40496688741721854,-0.24367925481228522,0.12124212183721303,0.08307649465940296,Packaged Foods,Consumer Defensive,SJM
2022Q4,2022,Q4,2022-06-16,2022-04-30,202100000.0,2033800000.0,302000000.0,1.87,666700000.0,0.3278100108,16055000000.0,8140100000.0,2010100000.0,1952800000.0,7914900000.0,1089300000.0,2893000000.0,14719975000.0,19040675000.0,75.72186046511628,1.0293424825891029,0.27970102771722205,0.5516639844719352,0.018401701366395868,75.72186046511628,0.024827704819351114,7.237670862425017,18.208776595744684,1.808328521762632,0.5294408708560119,1.2550261635912972,0.007269034084636692,0.12667704764870757,0.3556943875460877,0.012587978822796636,66.69676030811056,0.3278100108171895,1.921875,0.9552102514492754,0.21775047858426097,0.2691785226304036,-0.0240081979212414,1.8995695839311335,1.0254862508383635,1.9895944055944057,0.13090701464599103,0.080180106001345,Packaged Foods,Consumer Defensive,SJM
2022Q3,2022,Q3,2022-03-01,2022-01-31,69700000.0,2057100000.0,149100000.0,0.64,683100000.0,0.3320694181,15966400000.0,8266900000.0,1988200000.0,1664600000.0,7699500000.0,1042100000.0,3169500000.0,15238872000.000002,19358272000.0,76.2629151291513,1.1944010573110657,0.2758104519490931,0.5326906095392469,0.007483464220465079,76.2629151291513,0.00843121363509901,7.407939332069419,54.65879483500718,1.8433599051639673,1.5351506456241033,1.3184915075328663,0.00702151707816694,0.12883931255636838,0.509131322840322,0.00436541737649063,47.26697270471465,0.3320694181128774,-0.6631578947368421,-0.443784537648794,0.1760619311887074,0.2261553579561011,-0.03991567111735769,-0.6616504854368932,-0.5218088518280949,-0.39726408384347434,0.07340099470878894,0.08191878698731136,Packaged Foods,Consumer Defensive,SJM
2022Q2,2022,Q2,2021-11-23,2021-10-31,206000000.0,2050000000.0,311800000.0,1.9,711500000.0,0.3470731707317073,16240800000.0,8286400000.0,2008800000.0,1890500000.0,7954400000.0,1100200000.0,2992800000.0,13363322000.0,17971822000.0,76.65494912118409,1.0625760380851628,0.29332298901531945,0.5748938018922571,0.018122885435762754,76.65494912118409,0.02486001158524812,6.518693658536585,16.217623786407767,1.6126812608611703,0.5189320388349514,1.2165969823668423,0.00799950790679144,0.12622530909807397,0.43078550647976727,0.012684104231318655,126.1881208687441,0.3470731707317073,0.3380281690140845,0.2514004753176566,0.15364569412563306,0.24300601901898117,0.11276196434157022,0.33853151397011044,0.20200462606013878,0.14439670508444621,0.06194212401695653,0.08061522297858517,Packaged Foods,Consumer Defensive,SJM
2022Q1,2022,Q1,2021-08-26,2021-07-31,153900000.0,1858000000.0,259400000.0,1.42,639400000.0,0.3441334768568353,16211700000.0,8170300000.0,1952900000.0,2763200000.0,8041400000.0,1105500000.0,2893800000.0,14199213000.000002,18810613000.0,75.44136657433056,0.7067530399536769,0.2948611188215918,0.5850703156554838,0.014856134884999542,75.44136657433056,0.018836517630931544,7.642202906350916,23.06564814814815,1.7379059520458249,0.631578947368421,1.1023066485753052,0.006845449814718603,0.11460858515763307,0.2659235668789809,0.009493143840559597,203.42712034383956,0.3441334768568353,0.05185185185185173,-0.027544928792569673,0.09915146955161312,0.23683100568771598,-0.13089574554845726,0.04693877551020408,0.08671973188102221,0.2148397309062128,0.025304945744955728,0.08156596806140415,Packaged Foods,Consumer Defensive,SJM
2021Q4,2021,Q4,2021-06-17,2021-04-30,147000000.0,1920200000.0,238700000.0,1.35,735700000.0,0.38313717321112384,16284200000.0,8124800000.0,1941700000.0,2867500000.0,8159400000.0,959900000.0,2847500000.0,14264811000.000002,18836111000.0,74.6078971533517,0.6771403661726242,0.30124906350941405,0.6037810161480898,0.0137683159411895,74.6078971533517,0.018092753052382827,7.428815227580461,24.259882653061226,1.7557122636864908,0.6693877551020408,1.2339827065319304,0.006898093497348125,0.11791798184743493,0.3027027027027027,0.009027155156532098,77.94978688524591,0.38313717321112384,-0.418103448275862,-0.16071371266208,0.15843132483986094,0.2641941067929256,-0.09105510254509513,-0.4378585086042065,-0.41235844411619893,-0.1751245152389462,0.1245010079977391,0.07405268170733527,Packaged Foods,Consumer Defensive,SJM
2021Q3,2021,Q3,2021-02-25,2021-01-31,261500000.0,2076700000.0,406200000.0,2.32,809400000.0,0.3897529734675206,16429400000.0,8211600000.0,2078700000.0,2532400000.0,8217800000.0,897900000.0,2896100000.0,12928493000.0,17423093000.0,73.25245316681534,0.8208418891170431,0.30409509781245814,0.6084197963856008,0.02198194483259527,73.25245316681534,0.031845194602757074,6.225498627630375,12.359935946462715,1.5744182619708704,0.3915869980879541,1.4114043880164828,0.00792049003700586,0.12640145105725104,0.4368978044542726,0.0159165885546642,31.03334853576572,0.3897529734675206,0.14851485148514842,0.5066792699159883,0.12324153650907066,0.19678201041551296,-0.010755316548521144,0.13301559792027728,0.0667016806722689,-0.681223255215518,0.10570489969695818,0.06628208909948793,Packaged Foods,Consumer Defensive,SJM
2021Q2,2021,Q2,2020-11-24,2020-10-31,230800000.0,2034000000.0,380800000.0,2.02,818200000.0,0.40226155358898724,16929700000.0,8515000000.0,2067100000.0,2692800000.0,8414700000.0,993800000.0,3010900000.0,12813240000.0,17559440000.0,74.56217162872154,0.7676396316102199,0.30430545136653336,0.6050264239577217,0.0209721652180719,74.56217162872154,0.027105108631826188,6.29952802359882,13.879159445407279,1.5047844979448033,0.44324090121317156,1.223384986918897,0.007983929123313072,0.12014388914156778,0.3648989898989899,0.013632846417833747,39.2682807232608,0.40226155358898724,-0.028846153846153872,0.3741793095446585,0.025860664042576503,0.23360024585747013,0.0551973175135414,-0.026160337552742614,0.054555524785378014,0.17979131830887565,0.05183691261896208,0.20379499126284661,Packaged Foods,Consumer Defensive,SJM
2021Q1,2021,Q1,2020-08-25,2020-07-31,237000000.0,1971800000.0,361100000.0,2.08,775400000.0,0.3932447509889441,16902300000.0,8345200000.0,1984800000.0,2073100000.0,8557100000.0,995000000.0,2882300000.0,12476835000.0,17448835000.0,73.13935144609991,0.9574067821137427,0.31762541192618754,0.6433159181325792,0.019686459602813584,73.13935144609991,0.028399559027944207,6.32763718429861,13.161218354430378,1.4950911901452333,0.42236286919831223,1.2024120603015076,0.00802286797893857,0.11665867958798506,0.431334716125609,0.014021760352141425,37.5356046931408,0.3932447509889441,0.05050505050505055,0.821622969317443,0.059028303137706316,0.22707677885912425,-0.016489091831557584,0.04728236853733982,0.04153446783963081,0.8592565047539792,0.12152278615194652,0.197552819448108,Packaged Foods,Consumer Defensive,SJM
2020Q4,2020,Q4,2020-06-19,2020-04-30,226300000.0,2092000000.0,346700000.0,1.98,788400000.0,0.3768642447418738,16970400000.0,8190900000.0,1972700000.0,1587100000.0,8779500000.0,895300000.0,2746800000.0,13099740000.0,18329940000.0,71.85,1.2429588557746833,0.3312414557111205,0.6862860003174255,0.018815094614219124,71.85,0.02762822156295401,6.261826003824091,14.471652673442332,1.599304105775922,0.44233318603623506,1.4560482519825757,0.007641373034884662,0.12327346438504691,0.5938504190032134,0.013334983264979023,61.99592995740653,0.3768642447418738,0.20731707317073178,3.408680487604671,0.38945833239376504,0.11085585901451978,0.03736842105263158,0.20757737459978656,0.19965397923875433,1.0645020525521234,0.18117802613383996,0.2042820434001926,Packaged Foods,Consumer Defensive,SJM
2020Q3,2020,Q3,2020-02-27,2020-01-31,187400000.0,1972300000.0,289000000.0,1.64,760000000.0,0.38533691629062516,16636200000.0,8170400000.0,1602700000.0,2077400000.0,8465800000.0,958800000.0,2620500000.0,11811540000.0,17130240000.0,71.67017543859649,0.7714932126696833,0.32417859847801783,0.6600778419661216,0.01625586358168464,71.67017543859649,0.022936453539606383,5.988713684530751,15.757123799359658,1.4456501517673555,0.5341515474919958,1.2643929912390488,0.008474762816702987,0.11855471802454888,0.2655723500529508,0.011264591673579303,25.395699849494733,0.38533691629062516,-0.1135135135135136,0.04006381892425288,0.22308581352034587,0.39659335162203957,0.007957559681697613,-0.11268939393939394,-0.12371134020618557,0.42201539136101773,0.07219108932166483,0.15231327665440125,Packaged Foods,Consumer Defensive,SJM
2020Q2,2020,Q2,2019-11-22,2019-10-31,211200000.0,1957800000.0,329800000.0,1.85,754000000.0,0.3851261620185923,16791000000.0,8095300000.0,1659200000.0,2310100000.0,8695700000.0,1013300000.0,2533000000.0,12058088000.0,17721188000.0,70.94916739702016,0.7182373057443401,0.34017628491453755,0.705582251429842,0.017867209132881555,70.94916739702016,0.02608921225896508,6.158998876289713,14.273304924242424,1.4895171272219683,0.4739583333333333,1.1879996052501727,0.008301481959660602,0.11659817759514025,0.2472620232890351,0.012578166875111667,75.08149439601495,0.3851261620185923,0.36029411764705876,0.19060117765278878,0.17904951103006272,0.3986721604105704,0.07775871926815323,0.36610608020698576,0.2802795031055901,0.2155226576859139,0.04382324050185172,0.15048334295364343,Packaged Foods,Consumer Defensive,SJM
2020Q1,2020,Q1,2019-08-27,2019-07-31,154600000.0,1778900000.0,257600000.0,1.36,699600000.0,0.3932767440553151,16791600000.0,8007700000.0,1613500000.0,2290800000.0,8783900000.0,1013300000.0,2421900000.0,12586708000.0,18318108000.0,70.73939929328623,0.7043390955124847,0.3442316396293385,0.7218302383955443,0.013817437140919748,70.73939929328623,0.019306417573085904,7.075556804766991,20.353667529107373,1.571825617842826,0.6241914618369987,1.0651337215039969,0.007666818043288205,0.1059398746992544,0.2280862580757814,0.009206984444603253,84.75897643097643,0.3932767440553151,1.1587301587301588,0.19816966172170103,0.20808078523145432,0.4159075672246127,0.010398613518197574,1.1622377622377622,0.6770833333333334,-0.06540716981916446,0.006805084482226479,0.15974413431993809,Packaged Foods,Consumer Defensive,SJM
2019Q4,2019,Q4,2019-06-17,2019-04-30,71500000.0,1902100000.0,153600000.0,0.63,692400000.0,0.36401871615582776,16711300000.0,7970500000.0,1625200000.0,2341500000.0,8740800000.0,910300000.0,2367600000.0,13943031000.0,19752531000.0,70.10114335971856,0.6940849882553919,0.35370078928629134,0.7415845931873785,0.007764132410270856,70.10114335971856,0.008970579010099743,7.3303354187477,48.751856643356646,1.749329527633147,1.3496503496503496,1.3289025595957378,0.006921020257360111,0.11382118686158467,0.2584240871236387,0.004278542064351666,76.7788050660793,0.36401871615582776,-0.4112149532710281,-0.4557962157057027,0.3899093696048402,0.42930852745327264,-0.10519514086327217,-0.4110378912685338,-0.29411764705882354,-0.6090094601850189,0.09906806231015623,0.18782938128716564,Packaged Foods,Consumer Defensive,SJM
2019Q3,2019,Q3,2019-02-26,2019-01-31,121400000.0,2011900000.0,217600000.0,1.07,773800000.0,0.38461156121079576,16927600000.0,8021600000.0,1726200000.0,1816400000.0,8906000000.0,924700000.0,2392600000.0,11935344000.0,17817944000.0,70.48857644991213,0.9503413345078177,0.35971431272005483,0.7590879625012467,0.01190903241618153,70.48857644991213,0.015134137827864765,5.9323743724837215,24.57855024711697,1.487900668195871,0.7948929159802306,1.3389207310479074,0.008085229885288602,0.11885323377206455,0.3903875798282317,0.007171719558590704,35.84187387387387,0.38461156121079576,-0.3554216867469879,-0.3293932796358128,0.26416971586920973,0.41919401307269705,0.003241280954233113,-0.3559681697612732,-0.3416036308623298,-0.31098106491444555,0.07193668279572159,0.15162641779305963,Packaged Foods,Consumer Defensive,SJM
2019Q2,2019,Q2,2018-11-28,2018-10-31,188500000.0,2021500000.0,330500000.0,1.66,771300000.0,0.3815483551817957,17174200000.0,8030000000.0,1787200000.0,1434500000.0,9144200000.0,966200000.0,2367600000.0,12261824000.0,18365724000.0,70.93639575971731,1.245869640989892,0.3653794645456557,0.7814570361145704,0.016165693072837207,70.93639575971731,0.023474470734744707,6.0657056641108085,16.262366047745356,1.5270017434620173,0.5119363395225465,1.2939350031049472,0.007869954747352434,0.1177056282097565,0.5110491460439177,0.01097576597454321,98.0161790567546,0.3815483551817957,0.4188034188034188,0.14121950612385464,0.2035390302749995,0.4430608188513805,0.13727514007667355,0.41729323308270677,0.45658880564125165,0.13224036163869254,0.028562890906481203,0.17361328590545094,Packaged Foods,Consumer Defensive,SJM
2019Q1,2019,Q1,2018-08-27,2018-07-31,133000000.0,1902500000.0,226900000.0,1.17,678200000.0,0.35647831800262814,17513000000.0,7930800000.0,1805800000.0,1544000000.0,9582200000.0,1017400000.0,2275600000.0,12634344000.0,19157244000.0,69.75197889182058,1.169559585492228,0.3834237423628162,0.8466863368134362,0.011903616729677612,69.75197889182058,0.016770061027891258,6.640916688567674,23.74876691729323,1.59307308216069,0.6646616541353384,1.203361509730686,0.006996801733433884,0.10863358647861589,0.45090673575129536,0.007594358476560269,89.16262526464361,0.35647831800262814,-0.2865853658536585,-0.020981942377671297,0.3124242028328229,0.45628092469472653,-0.017813178855901522,-0.28456159225389993,-0.2654580770475882,0.025857335956380588,0.0254029202284017,0.1702460014387904,Packaged Foods,Consumer Defensive,SJM
2018Q4,2018,Q4,2018-06-18,2018-04-30,185900000.0,1781300000.0,308900000.0,1.64,690500000.0,0.38763824173356537,15301200000.0,7891100000.0,1555000000.0,1033800000.0,7410100000.0,854400000.0,2239200000.0,12959488000.0,17598888000.0,69.46390845070422,1.5041594118785064,0.3157922254463702,0.612335415848234,0.017083291211046618,69.46390845070422,0.023558185804260497,7.27529781620165,17.42803657880581,1.6422916957078229,0.478214093598709,1.276685393258427,0.006859838907216088,0.11641570595770266,0.559295801895918,0.012149373905314616,63.902800788954636,0.38763824173356537,-0.7759562841530055,0.34601304735496985,0.25464076988108164,0.4461693097061724,-0.05216197666437886,-0.7763743534223505,0.8985863552550707,2.985640170626472,0.1872643712053782,0.07396506183038283,Packaged Foods,Consumer Defensive,SJM
2018Q3,2018,Q3,2018-02-23,2018-01-31,831300000.0,1903300000.0,162700000.0,7.32,728500000.0,0.3827562654337204,15329200000.0,7804200000.0,1609900000.0,1089900000.0,7525000000.0,909100000.0,2126700000.0,14414704000.0,19171004000.0,68.69894366197182,1.4771079915588585,0.3224238707825588,0.633312831552241,0.0914722958721162,68.69894366197182,0.1065195663873299,7.573532286029527,4.334988572115963,1.8470444119832912,0.10585829423794058,1.2922670773292266,0.006104877353013977,0.12416173055345354,0.5586751078080557,0.05422983586879942,37.0843941342938,0.3827562654337204,3.2807017543859653,4.148775163073199,0.1653224202002368,0.4166531994989133,-0.035099337748344374,3.271839671120247,-0.5080133051103719,3.6299329597652727,0.18445269844544696,0.3386947554491124,Packaged Foods,Consumer Defensive,SJM
2018Q2,2018,Q2,2017-11-22,2017-10-31,194600000.0,1923600000.0,330700000.0,1.71,755000000.0,0.39249324183822,15702000000.0,7036300000.0,1785800000.0,1854500000.0,8665700000.0,1011700000.0,1383800000.0,12047280000.0,17124580000.0,61.93926056338028,0.9629549743866271,0.33483632658260093,0.7472108920881714,0.01793915850129812,61.93926056338028,0.02765658087347043,6.262882096069869,15.476978417266187,1.7121612210963149,0.45477903391572455,1.1550854996540476,0.007346056537243261,0.12250668704623614,0.3569156106767323,0.012393325690994777,172.35021459227468,0.39249324183822,0.5267857142857141,0.25703073203678184,0.1355455291142241,0.3129514710973447,0.14031113124905603,0.5347003154574133,0.4144568006843456,0.1018501697392186,0.1635520074699785,0.22105336207306758,Packaged Foods,Consumer Defensive,SJM
2018Q1,2018,Q1,2017-08-31,2017-07-31,126800000.0,1748900000.0,233800000.0,1.12,662100000.0,0.3785808222311167,15641600000.0,6931900000.0,1692100000.0,1750900000.0,8709700000.0,981300000.0,1277800000.0,13835650000.0,18880450000.0,61.074008810572685,0.9664172711177109,0.334236906710311,0.7541943767221109,0.01289947255292365,61.074008810572685,0.0182922431079502,7.911058379552862,27.27848974763407,1.9959390643257984,0.669558359621451,1.1075104453276265,0.006136321748526451,0.11181081219312602,0.3523330858415672,0.008106587561374796,58.950362164465275,0.3785808222311167,0.16666666666666682,0.11219516939210726,0.24161499323138572,0.2904553282017995,0.02365491651205937,0.14855072463768115,0.18861209964412812,-0.019881361385386456,0.18456796835035702,0.2224467849536823,Packaged Foods,Consumer Defensive,SJM
2017Q4,2017,Q4,2017-06-19,2017-04-30,110400000.0,1783800000.0,196700000.0,0.96,646800000.0,0.3625967036663303,15639700000.0,6850200000.0,1641800000.0,1832600000.0,8789500000.0,905700000.0,1240500000.0,14454262025.78,19685962025.78,59.66210356930786,0.895885626978064,0.3451792553565605,0.7880791801699221,0.010950566495181072,59.66210356930786,0.01611631777174389,8.103073228938221,32.73157161634964,2.1100496373507345,0.7898550724637681,1.2553825770122558,0.006032822695788538,0.11405589621284296,0.33040488922841865,0.007058958931437304,69.35826307955854,0.3625967036663303,-0.17241379310344826,0.028716784160215097,0.27701605940512136,0.2872748348460773,-0.1052704385115507,-0.17979197622585438,-0.17248632730332353,-0.1678907228398684,0.29078845252084873,0.21646451556185312,Packaged Foods,Consumer Defensive,SJM
2017Q3,2017,Q3,2017-02-24,2017-01-31,134600000.0,1878800000.0,237700000.0,1.16,722900000.0,0.3847668724717905,15811700000.0,7241900000.0,1690900000.0,997200000.0,8569800000.0,995600000.0,1480700000.0,15817733874.8,20765133874.8,62.19678006894267,1.6956478138788609,0.3217237868160919,0.7024399674118671,0.013132970579018398,62.19678006894267,0.018586282605393613,8.419062100702575,29.379149098811293,2.184196671426007,0.6478454680534919,1.1610084371233427,0.005512799791057464,0.11882340292315184,0.562575210589651,0.0085126836456548,43.11183939711093,0.3847668724717905,-0.23684210526315796,0.12232075259544932,0.24720850980724068,0.3104321188065983,-0.026921523758244716,-0.24083474337281444,-0.21628750412133202,-0.27330543046965505,0.15381766428166352,0.25224968855719776,Packaged Foods,Consumer Defensive,SJM
2017Q2,2017,Q2,2016-11-22,2016-10-31,177300000.0,1913900000.0,303300000.0,1.52,742900000.0,0.38816030095616283,16058200000.0,7180100000.0,1805200000.0,1306300000.0,8878100000.0,1028400000.0,1433400000.0,15288374977.92,20517974977.92,61.669008796660975,1.381918395468116,0.33325030202637906,0.7453099539003635,0.016162686977968063,61.669008796660975,0.024693249397640702,7.988074078018705,21.55721232081218,2.1292704806228326,0.4912577552171461,1.1386619992220925,0.005697139174424543,0.11918521378485758,0.48962719130368215,0.011041088042246329,149.00950270877192,0.38816030095616283,0.04109589041095894,0.3629967641828677,0.23667123845561153,0.3095680660149873,0.0279507402795074,0.04294117647058823,0.032334921715452686,0.04363700377748386,0.10786942703082295,0.2545341411664811,Packaged Foods,Consumer Defensive,SJM
2017Q1,2017,Q1,2016-08-30,2016-07-31,170000000.0,1815800000.0,293800000.0,1.46,722700000.0,0.39800638836876306,16061800000.0,7095900000.0,1740700000.0,1288400000.0,8965900000.0,1014600000.0,1343500000.0,17948077403.2,23190177403.2,60.99569482605495,1.3510555728034772,0.3331942870662068,0.7541960850632056,0.015834650361814754,60.99569482605495,0.023957496582533575,9.884391124132614,26.394231475294117,2.529358841471836,0.4576470588235294,1.0773703922728168,0.004334726124266039,0.11305084112615024,0.49099658491151815,0.010584118840976727,95.11434765871755,0.39800638836876306,-0.09316770186335412,0.49739743122302577,0.5003117157717941,0.30331102118226844,0.050436046511627905,-0.1099476439790576,0.19382364892320195,0.22303854325886657,0.2242489441685516,0.27346733777184445,Packaged Foods,Consumer Defensive,SJM
2016Q4,2016,Q4,2016-06-21,2016-04-30,191000000.0,1807600000.0,246100000.0,1.61,688000000.0,0.3806151803496349,15984100000.0,7008500000.0,1573400000.0,1213000000.0,8975600000.0,899400000.0,1267700000.0,15079584056.32,20399784056.32,59.01617224163539,1.2971145919208573,0.33971258938570204,0.7747734893343797,0.017978119330933122,59.01617224163539,0.02725262181636584,8.342323554060632,19.737675466387437,2.1516136200784763,0.4193717277486911,1.2448298865910608,0.005311817600594183,0.1130873805844558,0.4615828524319868,0.01194937469109928,51.13456784103086,0.3806151803496349,0.038709677419354875,0.9371603044514129,0.46520160794893034,0.2743312197412731,-0.09924063891070961,0.03076092822450081,-0.22683003455859252,0.3229015911284621,0.21789248974372125,0.22865785953800838,Packaged Foods,Consumer Defensive,SJM
2016Q3,2016,Q3,2016-03-03,2016-01-31,185300000.0,1973900000.0,318300000.0,1.55,763800000.0,0.3869496935001773,16281500000.0,7325500000.0,1798400000.0,1006000000.0,8956000000.0,942000000.0,1415000000.0,15454583405.06,20598383405.059998,61.20784949080467,1.7876739562624255,0.3245585480453275,0.7213569039655996,0.016990167018028062,61.20784949080467,0.02529520169271722,7.82946623692183,20.850760125553155,2.1096967312893318,0.4317323259579061,1.284607218683652,0.005176457876813886,0.121235758376071,0.6404572564612326,0.011381015262721493,30.977316907316094,0.3869496935001773,0.05442176870748304,0.38799035033032647,0.48711189813115136,0.35043476380745553,-0.02984885050171472,0.05284090909090909,0.014340344168260038,0.08935578983786215,0.14712879453039543,0.26217800731039026,Packaged Foods,Consumer Defensive,SJM
2016Q2,2016,Q2,2015-12-04,2015-10-31,176000000.0,2077700000.0,313800000.0,1.47,787300000.0,0.37892862299658275,16694800000.0,7233200000.0,2006000000.0,1132700000.0,9461600000.0,1051400000.0,1309900000.0,14048096282.22,19773596282.22,60.442734085946704,1.7709896706983315,0.35127704434913865,0.8107753138306697,0.015640501722174748,60.442734085946704,0.024332245755682134,6.761368957125668,19.954682219062498,1.942168926923077,0.4551136363636364,1.2273159596728171,0.0057018401917830475,0.12445192515034621,0.6571907830846649,0.010542204758367875,66.57865536597156,0.37892862299658275,0.2894736842105264,0.1739256469899439,0.6224337920342808,0.31243101101804094,0.0804171812817346,0.2903225806451613,0.17484088356420815,0.07921428754145406,0.1642991542096982,0.28122899617254377,Packaged Foods,Consumer Defensive,SJM
2016Q1,2016,Q1,2015-09-02,2015-07-31,136400000.0,1952000000.0,267100000.0,1.14,728700000.0,0.3733094262295082,16758400000.0,7130000000.0,2025500000.0,1059100000.0,9628400000.0,1150800000.0,1214000000.0,13360553592.57,19224253592.57,59.60454366523119,1.9124728543102634,0.3578682929157915,0.8411360448807854,0.01245654672726172,59.60454366523119,0.019130434782608695,6.844545897832992,24.487818168200146,1.8738504337405328,0.5601173020527859,1.0629996524157108,0.005718325926441189,0.11647890013366431,0.6057029553394392,0.00813920183311056,52.99703924065847,0.3733094262295082,2.3902439024390243,0.3222477769168459,0.8588202104060666,0.3180231522834233,0.692289828146772,2.510520487264673,2.7886524822695034,0.13517239191546263,0.3148841276585089,0.25940645547601743,Packaged Foods,Consumer Defensive,SJM
2015Q4,2015,Q4,2015-06-25,2015-04-30,-90300000.0,1447100000.0,70500000.0,-0.82,430600000.0,0.29756063851841613,16882600000.0,7086900000.0,2052300000.0,1022600000.0,9795700000.0,1163600000.0,1159200000.0,12701225149.2,18746525149.2,64.67985870258696,2.0069430862507334,0.3655183443308495,0.870747435408994,0.003699395054493722,64.67985870258696,-0.012741819413283664,8.777019659456846,-35.163967744186046,1.7922117074038015,-0.7198228128460686,0.8735819869370918,0.0051176165477307585,0.08571547036593889,0.5434187365538823,-0.00534870221411394,93.39136139117647,0.29756063851841613,-1.5189873417721518,-1.8152210943826168,0.47382295763917587,0.4487238913110332,-0.17651558615414037,-1.5612181479179614,-0.7236377891023128,-1.881722554453704,0.08559089050961773,0.3955383643575098,Packaged Foods,Consumer Defensive,SJM
2015Q3,2015,Q3,2015-02-27,2015-01-31,160900000.0,1440000000.0,255100000.0,1.58,522900000.0,0.363125,9095600000.0,5224200000.0,1515600000.0,710100000.0,3871400000.0,944200000.0,1326000000.0,10500755098.75,12568855098.75,51.31785523349148,2.134347275031686,0.2396543383614055,0.4172504881130125,0.023253795109844485,51.31785523349148,0.030798974005589373,7.2921910407986115,16.315654286435677,2.010021649008461,0.4045991298943443,0.9712984537174327,0.006199554164228574,0.15831830775319936,0.6838473454443036,0.017689872026034566,27.68456393026628,0.363125,0.019354838709677438,0.3890956070313415,0.3966424171789649,0.16604782066714913,-0.025349487418452936,0.016424510423247,0.0011773940345368916,0.5344802455346659,0.09333771674822125,0.08122262425309064,Packaged Foods,Consumer Defensive,SJM
2015Q2,2015,Q2,2014-11-26,2014-10-31,158300000.0,1481800000.0,254800000.0,1.55,536500000.0,0.36205965717370764,9334800000.0,5165000000.0,1725800000.0,1004100000.0,4169800000.0,1065200000.0,1231000000.0,10589422896.0,12920822896.0,50.72608821798064,1.7187531122398167,0.2610339803745126,0.4717715392061955,0.02221025079357428,50.72608821798064,0.030648596321394,7.146323995141045,16.72366218572331,2.050227085382381,0.41061276058117496,0.8874389785955689,0.006138200413598818,0.1587393409607062,0.5562195000497958,0.01695804944937224,387.89094857142857,0.36205965717370764,0.3596491228070177,0.3210886493182586,0.35379748101917163,0.17502741417243523,0.12074368080217256,0.3646551724137931,0.3298538622129436,0.39152680201700074,0.09483627912488982,0.07719041606719167,Packaged Foods,Consumer Defensive,SJM
2015Q1,2015,Q1,2014-08-27,2014-07-31,116000000.0,1323800000.0,191600000.0,1.14,478700000.0,0.36161051518356246,9250200000.0,5084400000.0,1728200000.0,1019300000.0,4165800000.0,1084500000.0,1137700000.0,10140210350.8,12341910350.8,49.960464179131314,1.695477288335132,0.25416747745994683,0.4624144441822044,0.0170320214432917,49.960464179131314,0.022814884745496027,7.659926235685148,21.85390161810345,1.9943769866257572,0.5077586206896552,0.779253112033195,0.005808558004455317,0.14311041923417872,0.531639360345335,0.012540269399580549,-177.58687129246934,0.36161051518356246,-0.017241379310344845,0.3793070061524172,0.46794738462610685,0.17762267184224065,0.08721326368385192,-0.02109704641350211,0.0010449320794148381,0.1679956085194992,0.2503480580215477,0.06751835147928566,Packaged Foods,Consumer Defensive,SJM
2014Q4,2014,Q4,2014-06-23,2014-04-30,118500000.0,1234300000.0,191400000.0,1.16,440300000.0,0.3567204083286073,9072100000.0,5029600000.0,1539100000.0,891000000.0,4042500000.0,931000000.0,1091000000.0,9914503545.800001,11989203545.800001,49.04549438645277,1.727384960718294,0.24561016743642597,0.4430173373628121,0.017011637943765805,49.04549438645277,0.023560521711468108,8.032490922628211,20.916674147257385,1.9712310215126452,0.5113924050632911,0.8528464017185822,0.006112257635499205,0.1360544967537836,0.5195286195286195,0.013062025330408615,72.74030481144536,0.3567204083286073,-0.27044025157232715,0.45459168321523424,0.33664779905616526,0.17814734104218582,-0.19240645634629494,-0.2891421715656869,-0.27362428842504743,0.3917789162892229,0.158605249635802,0.059035215438943425,Packaged Foods,Consumer Defensive,SJM
2014Q3,2014,Q3,2014-02-27,2014-01-31,166700000.0,1465500000.0,263500000.0,1.59,545200000.0,0.3720232002729444,8989000000.0,5204800000.0,1508100000.0,608300000.0,3784200000.0,864800000.0,1201000000.0,10100876396.94,11961676396.94,49.66803396901126,2.4792043399638337,0.22576482367337858,0.3899093144789425,0.02463251661885736,49.66803396901126,0.03202812788195512,6.892443805486183,15.148284938422316,1.9406848288003382,0.3659268146370726,1.0641766882516188,0.006039079937507164,0.1630325953943709,0.8775275357553839,0.018544888196684838,28.405164220866144,0.3720232002729444,0.08904109589041104,1.3282775975924228,0.34901035939446673,0.15279201251091878,-0.013391241404270721,0.08670143415906127,0.05063795853269538,0.4260990891565478,0.26097767967230673,0.0958306864187236,Packaged Foods,Consumer Defensive,SJM
2014Q2,2014,Q2,2013-11-27,2013-10-31,153400000.0,1559900000.0,250800000.0,1.46,552600000.0,0.35425347778703764,9246000000.0,5167900000.0,1762300000.0,896000000.0,4078100000.0,1023700000.0,1133200000.0,11691586815.15,13781686815.15,49.15689957972796,1.9668526785714286,0.24233181916504434,0.4335610209175874,0.022578483586714437,49.15689957972796,0.02968323690473887,7.495087387108148,19.054085422343544,2.262347726378219,0.39765319426336376,0.9839796815473283,0.005217426938228435,0.16871079385680293,0.6860491071428572,0.016590958252217174,301.32955709149485,0.35425347778703764,0.22689075630252103,0.5422840683252437,-0.04292549189855062,0.7677879583319247,0.12111990261716372,0.21169036334913113,0.17580872011251758,0.1646891697455599,0.38655677087417945,0.06737460489787496,Packaged Foods,Consumer Defensive,SJM
2014Q1,2014,Q1,2013-08-28,2013-07-31,126600000.0,1350900000.0,213300000.0,1.19,492900000.0,0.36486786586719966,9033900000.0,5075100000.0,1629900000.0,803100000.0,3958800000.0,1059300000.0,1040800000.0,11922379869.96,13866979869.96,47.897337463540815,2.0295106462457975,0.23269020024574105,0.4141987350002956,0.019854561432222265,47.897337463540815,0.024945321274457647,8.82550882371752,23.543404166587678,2.3491911233197373,0.43759873617693523,0.8099688473520249,0.004646723272053055,0.14953674492743999,0.6410160627568173,0.014013881048052337,260.3139709598253,0.36486786586719966,-0.024590163934426253,0.5336065710635199,0.042816109686076374,0.4307039348985696,0.027545044998092506,-0.028560028237749575,-0.0033921112388214515,0.3855082358709965,0.4523045733352305,0.05914408244189195,Packaged Foods,Consumer Defensive,SJM
2013Q4,2013,Q4,2013-06-21,2013-04-30,130322000.0,1339693000.0,214026000.0,1.22,479687000.0,0.35805740568921385,9031800000.0,5148800000.0,1595200000.0,596800000.0,3883000000.0,945500000.0,1075500000.0,11065521208.86,12826921208.86,48.03304010428603,2.6729222520107236,0.22341061582408822,0.39189714108141704,0.020289457132273248,48.03304010428603,0.02531114045991299,8.25974399273565,21.227270163249493,2.149145666730112,0.43219870781602493,0.9095780010576414,0.005090135289325676,0.14833067605571426,0.9552613941018767,0.014429238911401935,98.62318367967914,0.35805740568921385,-0.1408450704225352,0.781202499465753,0.1498739685274625,0.4486533656187075,-0.10544375630560823,-0.15467541902340304,-0.1714277971560972,0.20261520208080586,0.394676093010575,0.07586216431541098,Packaged Foods,Consumer Defensive,SJM
2013Q3,2013,Q3,2013-03-01,2013-01-31,154168000.0,1559558000.0,258307000.0,1.42,536229000.0,0.34383395808299533,9184454000.0,5260236000.0,1745945000.0,593463000.0,3924218000.0,878156000.0,1111042000.0,9613897024.21,11243591024.21,48.493832990509915,2.9419609984110213,0.2252183962160407,0.39323482824724976,0.023221813924963933,48.493832990509915,0.029308190735168535,6.164501111346932,15.58996845034313,1.8276550755916654,0.36517954439312955,1.1653157297792192,0.005856001979033705,0.16980410593814288,1.346367001818142,0.01678575558220445,34.84053426183228,0.34383395808299533,0.0441176470588234,0.8950220201935793,0.22160971758385478,0.481452920058582,-0.010485116559730287,0.03574811719416582,0.043487569786137305,0.24911640760416767,0.419570113056562,0.10188019388380809,Packaged Foods,Consumer Defensive,SJM
2013Q2,2013,Q2,2012-12-04,2012-10-31,148847000.0,1628746000.0,247542000.0,1.36,541911000.0,0.33271670352528876,9188753000.0,5152747000.0,1736062000.0,706066000.0,4036006000.0,975427000.0,1013241000.0,9354016582.2,11219657582.2,47.17559020792474,2.458781473686596,0.22518790090450794,0.40157143364500525,0.02275435087066806,47.17559020792474,0.028886921869053537,5.743078774836593,15.710791252426988,1.8153455976394728,0.3851673194622666,1.114214595249055,0.006129024841488591,0.17725430207994491,0.9530582126883322,0.016198824802451432,71.55601219525256,0.33271670352528876,0.3600000000000001,0.5485881637686534,0.2008614636218733,0.40219656653971514,0.15355927224425414,0.34262107285568677,0.29926256396798323,0.15800013109726013,0.38718680701107067,0.09278309685286017,Packaged Foods,Consumer Defensive,SJM
2013Q1,2013,Q1,2012-09-06,2012-07-31,110863000.0,1369703000.0,190525000.0,1.0,469773000.0,0.34297435283415456,9262110000.0,5223453000.0,1800328000.0,710469000.0,4038657000.0,1019339000.0,1013831000.0,8476283212.799999,10234684212.8,47.327487806708504,2.5339993722456575,0.22347769568705186,0.39626565032747496,0.017314413166018755,47.327487806708504,0.02122408299643933,6.188409613470949,19.114319504252997,1.6227356143148985,0.4766694027763997,0.8828564393199907,0.006234454261768765,0.14788239396854497,0.9886398984332885,0.0119695188245443,64.98373324133489,0.34297435283415456,0.07526881720430102,0.3951146239202107,0.25122290557518845,0.45166786140963344,0.04443900974910235,0.06465956016517814,0.026535560344827586,0.21551013914275974,0.40050133135571075,0.11556054488775981,Packaged Foods,Consumer Defensive,SJM
2012Q4,2012,Q4,2012-06-25,2012-04-30,104130000.0,1355353000.0,185600000.0,0.93,449785000.0,0.3318581948761688,9115226000.0,5163386000.0,1643465000.0,616972000.0,3951840000.0,961576000.0,961207000.0,8871233820.619999,10712068820.619999,46.34760344432726,2.663759457479432,0.2271521298539389,0.4010048832297256,0.016300887266337133,46.34760344432726,0.02016699894216702,6.545330862601845,21.298458226783826,1.7181039381173515,0.5212522808028426,0.9417539539256388,0.006118427390994704,0.14869110211858708,0.9355789241651161,0.011423743086567463,48.12508514633524,0.3318581948761688,-0.09708737864077667,0.24509411497068698,0.39570916126000644,0.46122210421699533,-0.03414325133942472,-0.10881174899866489,-0.07369513789764731,0.1765913152388695,0.35106330997342716,0.11333989889791968,Packaged Foods,Consumer Defensive,SJM
2012Q3,2012,Q3,2012-03-09,2012-01-31,116844000.0,1467641000.0,200366000.0,1.03,465685000.0,0.317301710704457,9235874000.0,5384140000.0,1805993000.0,494335000.0,3851734000.0,990815000.0,1018576000.0,8936736394.56,10637510394.56,47.46280190811017,3.653378781595477,0.2242561992508776,0.38468576225729645,0.017717946419427477,47.46280190811017,0.021701515933835302,6.089184204148017,19.121085367156205,1.659826155070262,0.4669816165143268,1.0112442786998581,0.006105584588263606,0.1589065636885042,1.4871534485723243,0.012651103728786252,25.671351037598996,0.317301710704457,-0.08035714285714292,0.4305760414375703,0.3887591591502464,0.5181634184683275,-0.06614407552905835,-0.08175438320746266,-0.05315338304649031,0.507542903948644,0.2479966017942373,0.10160871205803851,Packaged Foods,Consumer Defensive,SJM
2012Q2,2012,Q2,2011-12-09,2011-10-31,127247000.0,1513905000.0,211614000.0,1.12,498669000.0,0.3293925312354474,9215420000.0,5363349000.0,2193707000.0,544921000.0,3852071000.0,1143951000.0,977704000.0,8772041555.699999,10347605555.699999,47.091106141828604,4.025734005479693,0.2248244789711158,0.38629818794189974,0.018745190789461554,47.091106141828604,0.023725288061619706,5.79431440922647,17.2342796995214,1.63555300162268,0.42960541309421835,0.8874820687249716,0.00623184462281514,0.16427954450258372,1.7588916558547019,0.01380805215606017,175.10113491227017,0.3293925312354474,0.142857142857143,0.3965625729439909,0.25157793456733746,0.528664955306785,0.15677918920674394,0.14099333769715663,0.1710596946370564,0.1809160273433739,-0.14260673819801314,0.6934975780365488,Packaged Foods,Consumer Defensive,SJM
2012Q1,2012,Q1,2011-09-08,2011-07-31,111523000.0,1188883000.0,180703000.0,0.98,431084000.0,0.36259581472693275,8782023000.0,5348254000.0,1739772000.0,875234000.0,3433769000.0,1213821000.0,922944000.0,8857652667.970001,10380366667.970001,46.80056704402309,1.9877792681728543,0.18505861348803118,0.3038728153150542,0.017322828829886696,46.80056704402309,0.02085222579181916,7.45039896101635,19.856111896133534,1.656176514423212,0.44976372586820657,0.6243086913144524,0.0056627869572464795,0.13537689436704958,0.5173107991691365,0.012699010239440275,-70.37143614816875,0.36259581472693275,0.1803540900084316,0.913521564004662,0.11287696455030838,0.5100759517653803,0.023957358467261127,0.1754110455311973,0.08787107105660809,0.25261330592358133,-0.14906581890658005,0.3979431628393963,Packaged Foods,Consumer Defensive,SJM
2011Q4,2011,Q4,2011-06-28,2011-04-30,94880000.0,1187167000.0,166107000.0,0.8302593334454406,420998000.0,0.35462407563552556,8324585000.0,5292363000.0,1636999000.0,482676000.0,3032222000.0,863579000.0,866933000.0,8578815453.289999,9563009453.289999,46.31148584244637,3.391506932186394,0.15664913025694374,0.24640014299850557,0.015938310175868185,46.31148584244637,0.01792771962165105,7.226292049298876,22.604383045135958,1.6209801658144007,0.5370889544688027,0.8872019815210884,0.005940097473533725,0.14260975171735288,1.3761923111984022,0.011397565163909072,-119.54038115083954,0.35462407563552556,-0.2520186185176212,0.30980948255066765,0.16627400231011116,0.5094019043145325,-0.11259364184024924,-0.281184893367173,-0.22001577746264592,0.2163968130311952,-0.044211484055226034,0.39673211786727247,Packaged Foods,Consumer Defensive,SJM
2011Q3,2011,Q3,2011-03-11,2011-01-31,131995000.0,1312351000.0,212962000.0,1.11,474414000.0,0.36149932449474265,8358748000.0,5363301000.0,1689060000.0,422757000.0,2995447000.0,735275000.0,887844000.0,7355457073.44,8144473073.44,45.32455112324971,3.9953448434916514,0.15552568398999467,0.24238803677063808,0.021547855733349344,45.32455112324971,0.024610776087338748,5.604794047811904,13.931317613242925,1.3714421535244805,0.3616197583241789,1.1396239502227057,0.0064893315974008815,0.15700329762304116,2.0762045335736605,0.015791240506353343,22.578404272409706,0.36149932449474265,-0.11199999999999992,1.0656895840573946,0.19877234594003332,0.5090318364986478,-0.04094851112863121,-0.1184229859877376,-0.11279141462114016,0.48729651404047897,-0.05767435222618541,0.38463356000386806,Packaged Foods,Consumer Defensive,SJM
2011Q2,2011,Q2,2010-12-10,2010-10-31,149726000.0,1278913000.0,240036000.0,1.25,494670000.0,0.38678940631614506,8553350000.0,5504009000.0,1854186000.0,476919000.0,3049341000.0,822614000.0,902528000.0,7648768064.0,8509391064.0,46.054027662042074,3.887842589622137,0.15198723307242193,0.23619147425085968,0.023822653993995444,46.054027662042074,0.02720308051821863,5.980678954706066,12.771275636829943,1.3896721578761952,0.3188424188183749,0.9533547933781822,0.006241397255159337,0.14952188323873103,1.9948356010140087,0.01750495419923188,656.152360298533,0.38678940631614506,0.4534883720930233,0.566014278348498,0.02472500273155849,0.5470351406622719,0.21113518674942158,0.45533188829813087,0.4532927279662402,0.4236493394125771,-0.13823171504281315,0.36886044622696834,Packaged Foods,Consumer Defensive,SJM
2011Q1,2011,Q1,2010-09-09,2010-07-31,102881000.0,1047312000.0,165167000.0,0.86,408435000.0,0.3899840735139099,8419104000.0,5395108000.0,1700628000.0,454236000.0,3023996000.0,765927000.0,800571000.0,7328655884.18,8115882884.18,45.22268335117533,3.743930467862521,0.15559850549417134,0.24281256278836308,0.016922878976124506,45.22268335117533,0.0190693124215493,6.9975860910406835,17.80857467408948,1.3583890969708114,0.4626121441276815,0.834122573038945,0.0064942331516395484,0.12439708548558136,1.9489120193027414,0.012219946445607513,-135.25498088328658,0.3899840735139099,-0.149306034857304,0.6909127114604365,0.008411414273114528,0.5647990496995127,-0.05038746172464061,-0.14696615425434886,-0.086283773317696,0.19772982967272007,-0.11491540198813888,0.387107557783794,Packaged Foods,Consumer Defensive,SJM
2010Q4,2010,Q4,2010-06-24,2010-04-30,120606000.0,1069079000.0,180764000.0,1.0109393450977908,430107000.0,0.40231545096293164,7974853000.0,5326320000.0,1223630000.0,478897000.0,2648533000.0,654939000.0,746063000.0,7285707550.82,7912137550.82,44.646091011900445,2.555100574862653,0.11410868639208772,0.17084966731251597,0.02088868871270405,44.646091011900445,0.02264340107241022,6.814938419723893,15.102290828855944,1.3678689133998707,0.3452398719798352,0.9756206303182434,0.005715024890796457,0.13405626410919425,1.0909172536056815,0.015123288165938607,40.37006948862157,0.40231545096293164,-0.11321110079141149,1.6801216793354268,0.06890854289062742,0.5479204547163483,-0.061524664851277756,-0.10978085164490438,-0.13774500217037697,0.34666236086375407,0.028053704423044147,0.4075777430830131,Packaged Foods,Consumer Defensive,SJM
2010Q3,2010,Q3,2010-03-11,2010-01-31,135479000.0,1205939000.0,209641000.0,1.14,458304000.0,0.3800391230402201,7899432000.0,5240244000.0,1122826000.0,468283000.0,2659188000.0,663436000.0,673097000.0,7277508464.96,8061947464.96,44.010077737746805,2.3977509326625137,0.11519815601931886,0.17365603586397885,0.023422586247549306,44.010077737746805,0.025853567123973617,6.034723534905165,13.429218670347433,1.3887728252653884,0.0,1.1269135229321292,0.0,0.15266148249646302,0.8696429295959922,0.017150473603671758,24.318021763259196,0.3800391230402201,-0.0338983050847458,0.8351895245587665,0.07198890552698274,0.5269449869032239,-0.0689608938547486,-0.032223730266447606,-0.09232174711210404,0.5803020787118537,0.0871664425354091,0.40772325651464847,Packaged Foods,Consumer Defensive,SJM
2010Q2,2010,Q2,2009-12-08,2009-10-31,139990000.0,1278745000.0,230964000.0,1.18,492250000.0,0.3849477417311505,8438414000.0,5135354000.0,1631338000.0,1107102000.0,3303060000.0,762040000.0,579325000.0,6272559424.129999,7323098424.129999,43.170131697486156,1.4735209583218167,0.17304756557334114,0.2843517701019248,0.022800503148574798,43.170131697486156,0.0272600486743465,4.9052464909970315,11.20179910016787,1.2214463548433077,0.0,1.0320914912603012,0.0,0.15153854740950135,0.7415278808998629,0.016589610322508472,41.74442752364219,0.3849477417311505,0.4216867469879518,0.8104921476863873,0.0672509233254313,0.5033220962095043,0.21235182708624262,0.42755167596341126,0.37021019096944136,0.4710248641892764,0.012169802447071944,0.40138282679471426,Packaged Foods,Consumer Defensive,SJM
2010Q1,2010,Q1,2009-09-08,2009-07-31,98063000.0,1051526000.0,168561000.0,0.83,406029000.0,0.38613310560081254,8234759000.0,5034330000.0,1442439000.0,1000753000.0,3200429000.0,786842000.0,481013000.0,5936792589.59,7108006589.59,42.4248491250381,1.4413536606934978,0.1774169711584759,0.29020465483986946,0.01682722690047729,42.4248491250381,0.019478858159874303,5.645882830847739,15.135149316230383,1.1792617070374807,0.42224896240172133,0.8203641900152763,0.006974641504674766,0.12769359734753621,0.5968295873207474,0.011908423792365994,-110.96186362615181,0.38613310560081254,0.04480483292315525,0.3547337926706541,0.14756300729124133,0.4070755476570554,0.01713219269019765,0.04025756354224127,0.07058883306763546,0.6203678902489654,-0.05208894677324536,0.36888820942558,Packaged Foods,Consumer Defensive,SJM
2009Q4,2009,Q4,2009-06-26,2009-04-30,94268000.0,1068540000.0,157447000.0,0.7944067387952501,399190000.0,0.3735845171916821,8192161000.0,4939931000.0,1398891000.0,1061236000.0,3252230000.0,603926000.0,424504000.0,4675387328.2,5755420328.2,41.62933843492552,1.3181714529096262,0.1875849363800345,0.3110824827310341,0.016248554219970807,41.62933843492552,0.019082857635056037,4.375491163831022,12.399189884690458,0.9464479014382994,0.4015466542198837,1.1083311531545255,0.008096227615557406,0.13043444824875877,0.6810266519416982,0.01150709806606584,35.47361761621863,0.3735845171916821,0.1682452041106619,0.9286813106671962,0.49011211204600563,0.8515889153263648,-0.004615488191980371,0.20947896485803363,0.1623221786666076,0.25324875922583834,0.010925378057255434,0.3567995404595618,Packaged Foods,Consumer Defensive,SJM
2009Q3,2009,Q3,2009-03-10,2009-01-31,77941000.0,1182594000.0,135459000.0,0.68,401041000.0,0.3391197655323805,8246543000.0,4914940000.0,1344297000.0,1123525000.0,3331603000.0,658451000.0,371618000.0,5150506793.25,6328065793.25,43.08499142081003,1.1964994103379987,0.18643763817153441,0.312814805470667,0.014308469971649338,43.08499142081003,0.015857975885768698,4.355262070710658,16.520530892758625,1.0479287220698523,0.0,1.1869569641476738,0.0,0.1434048182371692,0.5509570325537928,0.009451354343268445,20.50605881773301,0.3391197655323805,-0.27659574468085096,0.08450913248034964,0.4504587772024084,0.7903933384497169,0.647533676500191,0.514799914485064,0.5696837665272257,0.26526065334762106,0.12054378286414165,0.4344681219782112,Packaged Foods,Consumer Defensive,SJM
2009Q2,2009,Q2,2008-12-09,2008-10-31,51453000.0,843142000.0,86297000.0,0.94,243419000.0,0.2887046310111464,3376341000.0,1512285000.0,1005360000.0,467331000.0,1864056000.0,500608000.0,331634000.0,2423396714.0,3445289714.0,27.807011213105078,2.1512803558933604,0.3519209108321701,0.7857017691771062,0.021291482876947185,27.807011213105078,0.03402334877354467,2.8742450429465025,11.774807659417332,1.6024735509510444,0.0,1.1979892450779852,0.0,0.2497206295217219,0.9282713965048328,0.015239278260104652,-30.159005326430545,0.2887046310111464,0.2207792207792207,0.47826195358507895,1.0124018080202428,0.18992995937671625,0.17152840277410134,0.2166418386890828,0.2014395500361976,0.18260955106667684,0.4845650770074593,-0.0659139778360937,Packaged Foods,Consumer Defensive,SJM
2009Q1,2009,Q1,2008-09-09,2008-07-31,42291000.0,663657000.0,71828000.0,0.77,207779000.0,0.31308190827490706,3232321000.0,1817285000.0,835080000.0,403753000.0,1415036000.0,471768000.0,592086000.0,2645738798.0,3291984798.0,33.47816155054925,2.068294229392723,0.24408002794276928,0.4341338865395356,0.018370369718637574,33.47816155054925,0.02327152868152216,3.9866057285615915,15.640081802274716,1.4558744489719555,0.4126409874441371,0.9663181902969256,0.0065958892137015866,0.20531902617345246,0.8059184699556412,0.013083787160990509,79.43730252807302,0.31308190827490706,0.12811203476289434,0.49824613360902537,0.7306020377361594,0.4567976912400359,0.14014563293257756,0.1414266821408329,0.1445416447567602,0.5276235327048283,0.4043899927794203,0.1584141297671298,Packaged Foods,Consumer Defensive,SJM
2008Q4,2008,Q4,2008-06-27,2008-04-30,37051000.0,589998000.0,62757000.0,0.6825563208904495,182239000.0,0.30888070807019685,3129881000.0,1799853000.0,776207000.0,239397000.0,1330028000.0,379608000.0,567419000.0,2707621076.0,3313130076.0,33.157027929708725,3.2423422181564514,0.2523048000866487,0.43874916451510204,0.016964704492693064,33.157027929708725,0.020585570043775796,4.589203821029902,18.26955464090038,1.504356786915376,0.447923132978867,1.074158078860298,0.006129365791655552,0.1885049303791422,1.447808452069157,0.011837830256166288,-278.7625940492124,0.30888070807019685,-0.08992490547940069,0.4560380702505686,0.6381276777261455,0.462537483535479,-0.06760704619524899,-0.12617626942760785,-0.08969988831029431,0.8095388233296683,0.2964735537873188,0.1495842208518732,Packaged Foods,Consumer Defensive,SJM
2008Q3,2008,Q3,2008-03-11,2008-01-31,42401000.0,665373000.0,68941000.0,0.75,195453000.0,0.2937495209453945,3162253000.0,1850604000.0,854317000.0,243923000.0,1311649000.0,348277000.0,585698000.0,2644691722.26,3107451722.26,32.73396834547553,3.5024044473050924,0.24995596494018663,0.42711676836319384,0.017806135196158136,32.73396834547553,0.022911979007934707,3.9747505869038875,15.59333342527299,1.4290965124143251,0.406476262352303,1.3492708390160706,0.0065168275965532835,0.2104110581917386,1.9222418550116225,0.013408478069275292,21.901483365023108,0.2937495209453945,-0.13793103448275862,0.33928570638916866,0.7261519962466708,0.4702059565785999,-0.10542913111932921,-0.15478611011442012,-0.1791467727148249,0.20967741892280406,0.24570342713392904,0.13571644123007337,Packaged Foods,Consumer Defensive,SJM
2008Q2,2008,Q2,2007-12-07,2007-10-31,50166000.0,707890000.0,83987000.0,0.87,218488000.0,0.30864682365904306,3283407000.0,1917941000.0,943697000.0,293171000.0,1365466000.0,399958000.0,607046000.0,3045874285.74,3549915285.74,33.64406341711618,3.2189302488991065,0.2409582485509716,0.4125069540721013,0.020497046046141162,33.64406341711618,0.026156174772842336,4.302750830976564,15.178977224315274,1.588095924608734,0.3434397799306303,1.2236334815155592,0.005656503973477089,0.21559617799438205,1.741052150451443,0.015278641971586222,270.35986914077756,0.30864682365904306,0.2253521126760564,0.4915254284859014,0.6682049946898051,0.5212192908511697,0.17476772195457674,0.23073526164716274,0.22628451284147819,0.3538461635075524,0.2328452910315005,0.17159392275307322,Packaged Foods,Consumer Defensive,SJM
2008Q1,2008,Q1,2007-09-07,2007-07-31,40761000.0,561513000.0,68489000.0,0.71,185984000.0,0.33121940186602983,3202232000.0,1845689000.0,915194000.0,283885000.0,1356543000.0,389094000.0,574251000.0,3159543625.0,3777784625.0,32.60214616913226,3.223819504376772,0.25760250974944976,0.4469349928400722,0.016378755401228528,32.60214616913226,0.022084435676866472,5.626839672456382,19.378472222222225,1.7118504932304413,0.4174087976251809,0.9651369591923803,0.005384954923671927,0.17535050552239811,1.7588213537171742,0.01272893406848723,-441.2770425977654,0.33121940186602983,-0.05421598155250713,0.8461538565274395,0.48160502669813415,0.2522025005011427,0.03380154861230775,-0.04089507988423257,-0.014816093442080583,0.1803278616658547,0.28447418310898964,0.08129277114278832,Packaged Foods,Consumer Defensive,SJM
2007Q4,2007,Q4,2007-06-26,2007-04-30,42499000.0,493472000.0,69519000.0,0.7506999337602119,179903000.0,0.36456577070228907,2693823000.0,1795657000.0,639366000.0,236468000.0,898166000.0,286052000.0,553631000.0,3160109750.0,3385633750.0,31.718383749172002,2.7038161611719134,0.1580070405516621,0.23704025880221,0.020235688526404297,31.718383749172002,0.023667660360525422,6.403827876758965,18.589318278077133,1.7598626853569475,0.37205581307795477,1.0961957965684561,0.005003623687436805,0.18318649740536033,1.3708704771893025,0.01577646341277805,66.8339519489034,0.36456577070228907,0.05732385036649574,3.634100254213564,1.0326288059012738,3.649928712167282,0.040100134707776625,0.05125287555346674,0.07987324665641456,0.8225687943661736,0.4424465054846232,0.4107696631749237,Packaged Foods,Consumer Defensive,SJM
2007Q3,2007,Q3,2007-03-09,2007-01-31,40427000.0,523081000.0,64377000.0,0.71,172967000.0,0.3306696286043653,2655878000.0,1755391000.0,581926000.0,247495000.0,900487000.0,277289000.0,528180000.0,2666497536.3900003,2940712536.3900003,31.263302310363475,2.3512636618921596,0.1605431424184394,0.2428991603580057,0.019733792200858375,31.263302310363475,0.0230301966912215,5.0976761465050355,16.489583300702503,1.5190333870858401,0.39290573131817846,1.2626321274915342,0.00595687780814691,0.19695219434025207,1.0900705064748784,0.015221708226055564,28.503752433377166,0.3306696286043653,-0.1125000000000001,1.126249970232499,0.29835516305113097,1.7361127335232542,-0.09531829427117386,-0.11283986920933091,-0.13352983929580878,0.14285714256427326,0.30344243857144776,0.29914400232140204,Packaged Foods,Consumer Defensive,SJM
2007Q2,2007,Q2,2006-12-08,2006-10-31,45569000.0,604955000.0,74298000.0,0.8,191191000.0,0.31604168905125174,2689607000.0,1754713000.0,607003000.0,284413000.0,934894000.0,300127000.0,511914000.0,,,,,,,,,,,,,,,,,,,,,,,,,,,,,,,Packaged Foods,Consumer Defensive,SJM
2007Q1,2007,Q1,2006-09-08,2006-07-31,28724000.0,526509000.0,48866000.0,0.5,157994000.0,0.30007844120423394,2718038000.0,1745529000.0,676380000.0,289745000.0,972509000.0,305063000.0,501875000.0,,,,,,,,,,,,,,,,,,,,,,,,,,,,,,,Packaged Foods,Consumer Defensive,SJM
