Quarters,Year,Quarter,FillingDate,Date,NetIncome,Revenue,OperatingIncome,EPSDiluted,GrossProfit,GrossProfitRatio,TotalAssets,CommonStockEquity,CurrentAssets,CurrentLiability,TotalLiability,Inventory,RetainedEarnings,MarketCap,EnterpriseValue,bookValuePerShare,currentRatio,debtToAssets,debtToEquity,roic,shareholdersEquityPerShare,roe,priceToSalesRatio,peRatio,pbRatio,payoutRatio,inventoryTurnover,dividendYield,assetTurnover,quickRatio,returnOnAssets,priceToFreeCashFlowsRatio,grossProfitMargin,epsdilutedGrowth,fiveYNetIncomeGrowthPerShare,fiveYRevenueGrowthPerShare,fiveYShareholdersEquityGrowthPerShare,grossProfitGrowth,netIncomeGrowth,operatingIncomeGrowth,threeYNetIncomeGrowthPerShare,threeYRevenueGrowthPerShare,threeYShareholdersEquityGrowthPerShare,Industry,Sector,Symbol
2023Q1,2023,Q1,2023-05-09,2023-04-01,459201.0,7100267.0,694181.0,0.03,2244703.0,0.3161434633,21431931.0,16304653.0,17776960.0,4807839.0,5127278.0,4692655.0,-23665891.0,41189009.4,34340009.4,1.1281713672385625,3.6974948620367694,0.02430312975531696,0.03194566606231976,0.026022789426459476,1.1281713672385625,0.02816380084875158,5.8010507773862585,22.42428119712283,2.526211959248688,0.0,1.0347157419413957,0.0,0.331293853083047,2.6591372964028124,0.021426020828454514,-45.98583816480944,0.31614346333736465,0.6304347826086956,1.7306353882578829,0.5611826333783604,0.6891129840216196,0.38075071107305597,0.7071240301720132,2.858447463204233,-0.3025099053324976,-0.0035146284001723363,1.4840719704936918,Electronic Components,Technology,CPSH
2022Q4,2022,Q4,2023-03-16,2022-12-31,268991.0,6115352.0,179912.0,0.0184,1625712.0,0.2658411159,21679943.0,15705516.0,17817539.0,5379560.0,5974427.0,4875901.0,-24125092.0,39407744.11,31705549.11,1.072069436963262,3.3120810995694816,0.02604056661957091,0.03594647893135125,0.009063339887116767,1.072069436963262,0.017127167295872353,6.4440679964129615,36.62552288924165,2.5091658312913756,0.0,0.9207816155414148,0.0,0.2820741733499945,2.3664381473577767,0.012407366569183323,14.973912556616105,0.26584111593249254,-0.7371428571428572,1.3055982398786152,0.4519511709024754,0.5186409497798654,-0.136747766217919,-0.7277046964919296,-0.7461236700251178,-0.30984762390085363,0.012578795482642546,1.6560335840525522,Electronic Components,Technology,CPSH
2022Q3,2022,Q3,2022-11-08,2022-10-01,987865.0,6748117.0,708660.0,0.07,1883241.0,0.2790765187,20573443.0,15349827.0,16549471.0,4817669.0,5223616.0,4868550.0,-24394083.0,40560855.08,35568435.08,1.0634148068359708,3.4351614857724764,0.029459483276571646,0.03948467953417325,0.03146297878802444,1.0634148068359708,0.06435675138227942,6.010692327948671,10.264776836915976,2.642430763551928,0.0,0.9992453605282887,0.0,0.32800134620150845,2.3733969685339527,0.04801651332739979,72.33786757598348,0.2790765186792108,1.3333333333333337,67.31083516678405,0.46549500357261797,0.40745307365279493,0.029860491721429676,1.1706166448403457,0.05852303280157734,2.8222794214080285,0.4072633431514417,1.8304539388238472,Electronic Components,Technology,CPSH
2022Q2,2022,Q2,2022-08-05,2022-07-02,455108.0,7070743.0,669480.0,0.03,1828637.0,0.2586202044,19016118.0,14341676.0,14592475.0,4226322.0,4674442.0,4665719.0,-25381948.0,45315930.5,40892089.5,0.9937534580692324,3.452759870166069,0.034309894374866624,0.04549266069042419,0.0292503260588051,0.9937534580692324,0.031733250702358634,6.408934747027293,24.892954254814246,3.159737432361462,0.0,1.1235365867511524,0.0,0.3718289400602163,2.274614901562162,0.02393275010178208,115.27749851820006,0.2586202044113327,0.048951048951048896,2.2495519991698005,0.7371251982650674,0.3219213308230549,-0.06868025811183148,0.08504754002994497,0.5147428819664416,0.6618398817352532,0.016215588947770823,1.4170639344069187,Electronic Components,Technology,CPSH
2022Q1,2022,Q1,2022-05-09,2022-04-02,419436.0,6652714.0,441976.0,0.0286,1963490.0,0.295141201,19221881.0,13848531.0,14642701.0,4879361.0,5373350.0,4705526.0,-25837056.0,74539459.25999999,70537373.25999999,0.9623814190787302,3.000946435404144,0.036292389907106384,0.050374151597739864,0.022512582363678053,0.9623814190787302,0.030287400158182844,11.204368511858467,44.42838672646125,5.382481308667324,0.0,0.996535562655482,0.0,0.34610109177140364,1.9679240785832408,0.021820757292171353,-157.27283312585715,0.29514120101961394,0.9324324324324323,1.6367519692879664,1.145366174106127,0.2431610053338722,0.44928402716268084,0.9256967081401222,0.433348899958489,1.5172314824870115,0.15862633830900416,1.466602496024124,Electronic Components,Technology,CPSH
2021Q4,2021,Q4,2022-03-10,2021-12-25,217810.0,6206303.0,308352.0,0.0148,1354800.0,0.2182942083,18800719.0,13166311.0,14057808.0,5104724.0,5634408.0,3911602.0,-26256492.0,63917098.28,59607376.28,0.8939984961407419,2.753882090393134,0.03939157858803166,0.056248861203415296,0.01493087724994924,0.8939984961407419,0.016542978515394328,10.298739568467735,73.36336518066204,4.854594296002881,0.0,1.240285438037919,0.0,0.3301098750531828,1.9433632454957408,0.011585195225778333,51.44966186732436,0.21829420832337706,-0.9221052631578947,1.771144959134629,0.9363323685156636,0.09789945759054665,0.18925979374927582,-0.9201566587865616,4.501533010833277,1.068278234813431,-0.08479359615909764,1.0231418795564071,Electronic Components,Technology,CPSH
2021Q3,2021,Q3,2021-11-08,2021-09-25,2727967.0,5514872.0,-88062.0,0.19,1139196.0,0.20656798562142512,17471520.0,12936983.0,12775467.0,3949971.0,4534537.0,3773228.0,-26474301.0,76218191.64,73162841.64,0.8877201050581105,3.2343191886725244,0.04478070597177578,0.06047677422162493,0.23269991839191742,0.8877201050581105,0.21086577913876828,13.82048244093426,6.984889446976448,5.891496621739397,0.0,1.1596638210041905,0.0,0.3156492394479702,2.2455668661871186,0.1561379319028911,140.16571585149657,0.20656798562142512,8.5,18.808341139444746,0.5018334975393031,0.06894581561878287,-0.1571394431566541,10.404639670900258,-1.3481165527519399,178.1846321154906,-0.18310514240153217,0.3611552610165954,Electronic Components,Technology,CPSH
2021Q2,2021,Q2,2021-08-13,2021-06-26,239198.0,5862183.0,252967.0,0.02,1351583.0,0.2305596737597581,13638890.0,9895921.0,11711028.0,3131403.0,3742969.0,3989435.0,-29202268.0,96396794.0,94203038.0,0.8274250620824589,3.73986612390676,0.060269127472983505,0.08306493150056472,0.022276212637896076,0.8274250620824589,0.024171373235497735,16.443839095435948,100.75,9.741063413905588,0.0,1.1306362931091747,0.0,0.42981378983187046,2.378508930342086,0.01753793747145112,-1421.278514979948,0.2305596737597581,7.936550491510277,2.0203579682922492,0.6442597278803024,-0.013016624935070022,0.43154934649522314,6.740284114810859,6.092068743166335,2.0260634672697106,0.23772259468936702,0.2714678850267813,Electronic Components,Technology,CPSH
2021Q1,2021,Q1,2021-05-11,2021-03-27,30903.0,4865708.0,35669.0,0.002238,944140.0,0.194039593004759,9836226.0,6426299.0,7870548.0,2754319.0,3409927.0,3631152.0,-29441466.0,165412580.12,166300498.12,0.46542446749908056,2.8575295744610556,0.10734157592556332,0.16429923350905395,0.004314969870145047,0.46542446749908056,0.004808833202438916,33.99558299018355,1338.1595647671747,25.73994458085439,0.0,1.079979025939977,0.0,0.49467224522901365,1.4327029657784738,0.003141753757996207,-732.7570661823337,0.194039593004759,1.1119,-0.8501500859578497,-0.10824711644031484,-0.45565818673534714,0.8933921588288378,1.1380602849394872,1.1227092428417602,1.0514663405728983,0.11982418612531029,-0.30316037619504177,Electronic Components,Technology,CPSH
2020Q4,2020,Q4,2021-03-17,2020-12-26,-223837.0,4150638.0,-290679.0,-0.02,498650.0,0.12013815707368361,8320927.0,6357664.0,6890980.0,1808693.0,1963263.0,3709471.0,-29472369.0,30462857.82,30505358.82,0.4779279293501295,3.8099224135881546,0.028567009420945526,0.03738857542644594,-0.042208891555439075,0.4779279293501295,-0.03520742838879186,7.339319357650559,-34.02348340533513,4.7915174221223396,0.0,0.9845037203417953,0.0,0.498819182045462,1.7194753338460425,-0.02690048837106731,32.11884102559777,0.12013815707368361,-2.0,-1.8717385336242343,-0.23915934208389142,-0.42694968668354333,-0.46814864746675994,-1.968924230356339,-2.150119886997602,0.7199477224856276,0.0852743588505634,-0.3229907508505187,Electronic Components,Technology,CPSH
2020Q3,2020,Q3,2020-11-10,2020-09-26,231016.0,4452387.0,252738.0,0.02,937574.0,0.2105778316215549,9987241.0,6564111.0,8435036.0,3253742.0,3423130.0,4187272.0,-29248532.0,19289836.0,20300567.0,0.5682819371818402,2.5924108303608584,0.11247410571147727,0.17112842851073054,0.0325453592968353,0.5682819371818402,0.03519379852046987,4.332470650013128,20.875,2.9386821764592344,0.0,0.8394040320284901,0.0,0.44580750579664596,1.252152444785112,0.02313111298706019,103.16634042507674,0.2105778316215549,0.0,30.99861074069584,-0.061930318471541734,-0.30028561132818954,-0.20768104221226727,-0.22796769051334922,-0.23541548179431018,18.962860598729968,0.20832389017649242,-0.24786625684880334,Electronic Components,Technology,CPSH
2020Q2,2020,Q2,2020-08-10,2020-06-27,299231.0,5758015.0,330556.0,0.02,1183329.0,0.20550988491693753,10800525.0,6314938.0,9138559.0,4326227.0,4485587.0,3872868.0,-29479548.0,23938480.0,25145304.0,0.42207779274206214,2.112362342521555,0.12253441383636443,0.20957228717051538,0.04271646730954074,0.42207779274206214,0.04738462990452163,4.1574188327053685,20.0,3.7907703923617304,0.0,1.1812140253682801,0.0,0.5331236213054458,1.1771120655481093,0.027705227292191815,43.43716090915359,0.20550988491693753,-0.6,1.3184765268114416,-0.0989044465944528,-0.4758328756257597,-0.23666535501641714,-0.5026526874249985,-0.4682346127859464,1.7924851147603955,0.3645313734032293,-0.4385391739149319,Electronic Components,Technology,CPSH
2020Q1,2020,Q1,2020-05-12,2020-03-28,601654.0,6511571.0,621620.0,0.05,1550210.0,0.2380700448478562,11612451.0,5998317.0,9904276.0,5454485.0,5614134.0,3595338.0,-29778779.0,13075361.64,14872241.64,0.4541621098902164,1.8158040584949817,0.16526528292778156,0.3199455780679814,0.07718677655246471,0.4541621098902164,0.10030380188309487,2.008019514799117,5.433090131537395,2.179838384666899,0.0,1.3799428593361738,0.0,0.5607404500565815,1.1149501740310954,0.051811112055499736,-38.26852976814156,0.2380700448478562,0.8793459875963165,7.1170328053772485,0.22528923264568684,-0.4263073986251071,0.5771926111922775,0.712240739475901,0.6862979138974039,1.9951518745054238,1.2878435298406405,-0.4133338259417438,Electronic Components,Technology,CPSH
2019Q4,2019,Q4,2020-03-13,2019-12-28,351384.0,5444799.0,368630.0,0.026605,982892.0,0.18051942780624225,9024271.0,5330990.0,7468520.0,3670281.0,3693281.0,3099824.0,-30380433.0,13867807.8,15154430.8,0.4036354974576443,2.0348632706869036,0.15741858816075005,0.2664773334783971,0.052436207098301456,0.4036354974576443,0.06591346072680684,2.546982505690293,9.866561795642374,2.601356933702746,0.0,1.4394065598563015,0.0,0.6033505642727263,1.150023663038334,0.03893766044924848,-11.751174498208234,0.18051942780624225,1.665125,-0.4345857253625185,-0.08875557275466452,-0.4822044916156068,3.40881321264208,1.7084783353831885,1.7688200636112414,2.3872316779346248,0.8942512780019817,-0.5043043185910762,Electronic Components,Technology,CPSH
2019Q3,2019,Q3,2019-11-06,2019-09-28,-495970.0,4387125.0,-479475.0,-0.04,222938.0,0.050816423056101664,7756363.0,4961582.0,6230458.0,2735781.0,2794781.0,2791111.0,-30731817.0,13206069.0,13355517.0,0.37570468547453445,2.277396472890191,0.07989981902600485,0.12490612873071533,-0.08283500169479403,0.37570468547453445,-0.09996206854991009,3.0101875373963587,-6.656687400447607,2.6616649689554666,0.0,1.4919460386921193,0.0,0.5656162559694538,1.193818876584054,-0.06394362924994614,18.975572992926224,0.050816423056101664,-3.0,-3.5349540169134626,-0.28313602431153734,-0.48335320527112835,-0.8102634327018086,-2.97914588304775,-2.8590931650045754,-2.572918842529214,0.31840775239250607,-0.5475961970917792,Electronic Components,Technology,CPSH
2019Q2,2019,Q2,2019-08-08,2019-06-29,250598.0,6366951.0,257908.0,0.02,1174987.0,0.1845446902292793,8982106.0,5429553.0,7393531.0,3459553.0,3552553.0,2900900.0,-30235846.0,15319040.04,16198439.04,0.4111407414272938,2.1371347685669217,0.11589709584812292,0.19172849035638845,0.03842746976742939,0.4111407414272938,0.046154444021450754,2.4060244911575412,15.282484337464783,2.8214182714488647,0.0,1.789776965769244,0.0,0.7088483480377542,1.2348384314389749,0.027899693011861584,-22.882408180824175,0.1845446902292793,1.3333333333333335,5.325183522324046,0.22881663900264163,-0.417382702942608,6.37020147531112,1.336728414138944,1.34652850743421,1.9681142289128626,0.6173221785509515,-0.5095760387299361,Electronic Components,Technology,CPSH
2019Q1,2019,Q1,2019-05-14,2019-03-30,-744214.0,5269538.0,-744262.0,-0.06,159424.0,0.030253885634755836,8416760.0,5152543.0,6703965.0,3136217.0,3264217.0,3077591.0,-30486445.0,20337346.26,20582277.26,0.39016477954189094,2.1375960273157117,0.056553828313983055,0.0923815677035592,-0.12604904393108832,0.39016477954189094,-0.14443625215742983,3.859417326528436,-6.831820638956,3.9470502740103286,0.0,1.6604266128930063,0.0,0.6260767801386757,1.0913871712320926,-0.08842048484214829,-34.024017767070696,0.030253885634755836,0.7272727272727273,-3.9744168994659956,-0.12879552460904486,-0.4460961571187368,-0.867084750312854,0.7398280702122378,-4.573612591589602,-4.773043807068907,0.009739105707094957,-0.5436789030257504,Electronic Components,Technology,CPSH
2018Q4,2018,Q4,2019-03-15,2018-12-29,-2860470.0,6080731.0,208266.0,-0.22,1199441.0,0.19725276451137208,8491099.0,5835521.0,7031166.0,2655578.0,2655578.0,3192933.0,-29742231.0,13866232.8,13237428.8,0.4418862093531273,2.647697036200782,0.0,0.0,-0.5131382355111385,0.4418862093531273,-0.4901824532890894,2.280356226907587,-1.2118841309295325,2.376177345604617,0.0,1.528779338620635,0.0,0.7161300321666253,1.3864759385715653,-0.33687865375259435,9.623787972063306,0.19725276451137208,-207.33333333333331,-11.261134787987062,0.1797493686942274,-0.34864366084701426,0.24442703740208538,-204.06631299734747,12.010626486915147,-12.221676312096934,0.12279538535830348,-0.47016481948574296,Electronic Components,Technology,CPSH
2018Q3,2018,Q3,2018-11-09,2018-09-29,-13949.0,6116448.0,-18915.0,-0.001056,963850.0,0.15758329017102737,12406603.0,8611035.0,7670362.0,3795568.0,3795568.0,3571276.0,-26881761.0,19144982.2,19957006.2,0.6521813715763078,2.020873292218714,0.07254201653748411,0.10451705282814436,-0.0014639806760968412,0.6521813715763078,-0.0016198981887775394,3.1300817402518586,-343.1246361746361,2.2233079066569816,0.0,1.4427890759493245,0.0,0.4929994132962907,1.0512505638154817,-0.0011243206540904065,-55.69660001687336,0.15758329017102737,0.9471999999999999,-1.0305627043238075,0.012792256708876472,-0.00040058731217311884,0.5913308502067071,0.9457998686669697,0.941919556359371,-2.6902744907536427,0.12737027857385583,-0.19698188547274179,Electronic Components,Technology,CPSH
2018Q2,2018,Q2,2018-08-09,2018-06-30,-257361.0,5228721.0,-325669.0,-0.02,605688.0,0.11583865346802784,12490643.0,8592316.0,7723438.0,3898327.0,3898327.0,3762343.0,-26867811.0,21389566.32,21871499.32,0.6507636345569441,1.9812186099319016,0.0720539366948523,0.10474475100776089,-0.026172914905993785,0.6507636345569441,-0.029952459849009277,4.090783639058194,-20.777785212211644,2.489383109280432,0.0,1.2287643630578073,0.0,0.41861103547671646,0.9898274311005721,-0.02060430355747098,-34.92099975020938,0.11583865346802784,0.5,-2.0789381823529403,-0.0219437477177286,0.06432956182994613,3.209879546544522,0.5517811301564302,0.5738677699792213,-3.2595839348814937,-0.0727792389513931,-0.19183404377425048,Electronic Components,Technology,CPSH
2018Q1,2018,Q1,2018-05-15,2018-03-31,-574186.0,4155004.0,-764244.0,-0.04,143873.0,0.034626440792836784,11544968.0,8818675.0,6825159.0,2726293.0,2726293.0,3012032.0,-26610450.0,17824638.6,17694058.6,0.6679075810266358,2.5034576254276413,0.0,0.0,-0.0651151765346833,0.6679075810266358,-0.06511023481418694,4.289920924263852,-7.76082950472495,2.0212377256220466,0.0,1.331702651233453,0.0,0.35989740292047584,1.361697000285736,-0.04973474157745608,-14.7433883764326,0.034626440792836784,0.3342653618267758,-215.46825932901044,-0.19487867312601354,0.13293539389335207,-0.7444738085342938,0.2762175837279863,-0.9310989599652311,-8.748803398834982,-0.21791162020036786,-0.1563064612990139,Electronic Components,Technology,CPSH
2017Q4,2017,Q4,2018-03-12,2017-12-30,-793313.0,3796008.0,-395756.0,-0.060084,563046.0,0.14832582017740742,11022708.0,9320834.0,6493544.0,1701874.0,1701874.0,2109513.0,-26036264.0,21917703.759999998,20578131.759999998,0.7059400295498839,3.815525708718742,0.0,0.0,-0.08585175611104955,0.7059400295498839,-0.0851118043728705,5.773882394346903,-6.9070164487409125,2.351474531141741,0.0,1.532563202976232,0.0,0.3443807093501887,2.516605224593595,-0.07197078975511281,-62.61521251978356,0.14832582017740742,-61.083999999999996,-8.204266498161964,-0.1027674086607852,0.2063806310154065,-0.2601692142535218,-60.97225582098579,-23.727617297421467,-2.2769118214700153,-0.3645056369513898,-0.09439933109938374,Electronic Components,Technology,CPSH
2017Q3,2017,Q3,2017-11-14,2017-09-30,13228.0,4211962.0,17413.0,0.001,761047.0,0.18068705273219465,11429084.0,9975984.0,6478702.0,1453100.0,1453100.0,1675338.0,-25242951.0,14391745.24,12702135.24,0.7555596891597005,4.4585382974330745,0.0,0.0,0.0011414557952229766,0.7555596891597005,0.0013259844843375851,3.4168744257426824,271.99397565769584,1.442639166221598,0.0,2.0598321055213935,0.0,0.3685301464229329,3.2508327024981076,0.0011573980906956322,-57.06277428640532,0.18068705273219465,1.0333333333333334,1.0242880256030955,0.4963019861508621,0.28955568059669884,0.836432473649666,1.0396979736867378,1.033548086296783,-0.932376839955791,-0.31162072026662413,0.03900086084276578,Electronic Components,Technology,CPSH
2017Q2,2017,Q2,2017-08-09,2017-07-01,-333216.0,3723914.0,-519046.0,-0.03,414416.0,0.11128506189992572,11699700.0,9925674.0,6686055.0,1774026.0,1774026.0,1945808.0,-25256180.0,15712088.84,13770269.84,0.7517493173746591,3.768859644672626,0.0,0.0,-0.03374156879033171,0.7517493173746591,-0.03357112071180254,4.219240519517905,-11.788216082060885,1.582974500270712,0.0,1.7008348202905939,0.0,0.318291409181432,2.619731616109347,-0.02848073027513526,-16.82607602961681,0.11128506189992572,0.4000000000000001,0.12860989435104697,0.0004025252188402429,0.20670174617629475,6.154940790128371,0.44868481573522256,0.5074633097430117,-4.752271596538434,-0.2811441421953604,0.06528522041646483,Electronic Components,Technology,CPSH
2017Q1,2017,Q1,2017-05-12,2017-04-01,-604402.0,2845299.0,-1053822.0,-0.05,-80392.0,-0.028254324062251455,11651061.0,10221316.0,6701410.0,1429745.0,1429745.0,1947851.0,-24922964.0,19937188.36,17061575.36,0.7741406100654405,4.6871365173509965,0.0,0.0,-0.059279354402555114,0.7741406100654405,-0.05913152474691126,7.007062653169315,-8.246658829719292,1.9505500426755225,0.0,1.5020096506354952,0.0,0.244209432943489,3.2374528324981027,-0.051875275565032235,-37.4655656425762,-0.028254324062251455,-1.6071540306601315,-0.10219222271548634,-0.22006080914814485,0.19626938997428883,-2.040740501003301,-1.3868463245689553,-0.5152441479266119,-3.4161088408812743,-0.5294973588081257,0.09902144255348908,Electronic Components,Technology,CPSH
2016Q4,2016,Q4,2017-03-08,2016-12-31,-253222.0,2873510.0,-695480.0,-0.019178,77245.0,0.026881757850155386,12037746.0,10751305.0,7426770.0,1286441.0,1286441.0,1970961.0,-24318562.0,24690425.32,21282665.32,0.814280843259285,5.7731135745829,0.0,0.0,-0.023658606711984678,0.814280843259285,-0.02355267569843847,8.59242714311069,-24.37626402919178,2.29650496567626,0.0,1.4187317760219507,0.0,0.2387083096785727,4.172259746074635,-0.02103566564704057,-486.84660001971804,0.026881757850155386,-0.8245647416991725,-1.4643382150320534,-0.32041166686454187,0.22021280091482964,-0.7997962843932074,-0.8245500266597495,-0.8426825778691565,-1.9085349806250003,-0.4423921250751511,0.20027956944889083,Electronic Components,Technology,CPSH
2016Q3,2016,Q3,2016-11-10,2016-10-01,-138786.0,3326930.0,-377428.0,-0.010511,385832.0,0.11597238294764242,12391483.0,10964967.0,8880026.0,1426516.0,1426516.0,2141921.0,-24065340.0,19805154.0,16346679.0,0.8304631461083312,6.224974693589136,0.0,0.0,-0.014231124454175627,0.8304631461083312,-0.012657220035409136,5.952981878187999,-35.675705762829104,1.8062210310345668,0.0,1.3731122669790343,0.0,0.26848521682190907,4.1462247882252985,-0.011200112206101561,-127.15908084057246,0.11597238294764242,0.47445000000000004,-5.8570197114830735,-0.34458619850195427,0.20393245448667754,-0.3121406553910828,0.46360410917607775,-0.13833996863312825,-1.304084556762775,-0.44911017920654894,0.27285216856526573,Electronic Components,Technology,CPSH
2016Q2,2016,Q2,2016-08-09,2016-07-02,-258738.0,3934995.0,-331560.0,-0.02,560917.0,0.1425457973898315,12690782.0,11066279.0,9133087.0,1624503.0,1624503.0,2414875.0,-23926555.0,21120430.400000002,17546203.400000002,0.8383373853972218,5.622080722534831,0.0,0.0,-0.023574296110416674,0.8383373853972218,-0.023380758789833513,5.367333478187393,-20.407159365844986,1.9085394828740538,0.0,1.3972060665665924,0.0,0.31006718104526576,3.7385483437088145,-0.020387868927226077,-152.83506451216073,0.1425457973898315,-3.0,-19.93990186298605,-0.21571720786238166,0.22822864743210725,-0.5042962926304199,-2.3125380463455216,-2.4842337099575627,-2.084971242207867,-0.26376453683046314,0.3711080562652603,Electronic Components,Technology,CPSH
2016Q1,2016,Q1,2016-05-11,2016-04-02,197128.0,5215617.0,223388.0,0.01,1131557.0,0.21695553948842486,13225570.0,11284788.0,9621919.0,1940782.0,1940782.0,2626699.0,-23667817.0,25736560.2,22026900.2,0.8550224439084132,4.957753627146171,0.0,0.0,0.01718082737360647,0.8550224439084132,0.017468471716083633,4.934518811484816,32.63940206363378,2.280641887113874,0.0,1.5548260383089192,0.0,0.3943585796302163,3.3033622529475233,0.01490506647350549,87.2076938716039,0.21695553948842486,-0.48191897212724066,10.764090623016692,-0.13967710173515926,0.26393682966786014,-0.09941869071703832,-0.22619342024172623,-0.2455503995352827,72.6596784006079,0.011036074253914029,0.4503281843096851,Electronic Components,Technology,CPSH
2015Q4,2015,Q4,2016-03-09,2015-12-26,254751.0,5412419.0,296094.0,0.019302,1256474.0,0.23214647646459005,13561635.0,11007155.0,10189707.0,2554480.0,2554480.0,2632444.0,-23864945.0,32994795.0,29582146.0,0.8340069244255041,3.98895548213335,0.0,0.0,0.022882224774318793,0.8340069244255041,0.023144127615173947,6.096127258440265,32.37945582156694,2.997577030576929,0.0,1.5787401365423157,0.0,0.399097822644541,2.734461808274091,0.018784681935474595,102.71584626304386,0.23214647646459005,30.851485148514854,1.7524002673292778,0.08390043883955298,0.24527788210206017,0.2898607558032103,29.882652442720328,20.463863718738672,3.9569368523183934,0.27982582841000375,0.4252340958780576,Electronic Components,Technology,CPSH
2015Q3,2015,Q3,2015-11-06,2015-09-26,8249.0,5423107.0,13795.0,0.000606,974116.0,0.17962323074208197,13404658.0,10718783.0,10135739.0,2685875.0,2685875.0,2611397.0,-24119696.0,31410828.259999998,28296370.259999998,0.812162714361993,3.7737195513566344,0.0,0.0,0.00069620344058789,0.812162714361993,0.0007695836365005244,5.792035499207373,951.9586695357012,2.9304472587979435,0.0,1.7036823585230434,0.0,0.4045688446508669,2.5392663470935917,0.0006153831004118121,86.96531518212122,0.17962323074208197,-0.9297472756781822,-0.9812118730210061,-0.13487338330593346,0.1779357131179845,-0.2501239380586835,-0.9275335582261578,-0.9261276313182429,1.0151524850019922,0.927380739817431,0.3861632070910698,Electronic Components,Technology,CPSH
2015Q2,2015,Q2,2015-08-10,2015-06-27,113832.0,5635889.0,186741.0,0.008626,1299036.0,0.23049353881880924,13353184.0,10625755.0,10095963.0,2727429.0,2727429.0,2800913.0,-24127945.0,32725685.68,29972416.68,0.8052351494686849,3.701640995970931,0.0,0.0,0.010660830806813598,0.8052351494686849,0.010712838758281176,5.806659016882696,71.87277233115468,3.079845684377251,0.0,1.5483711918220953,0.0,0.4220633071483176,2.417539374993813,0.008524708414113069,59.13386412054563,0.23049353881880924,-0.13740000000000002,-0.7578776273306347,0.03959846087778739,0.23977544995872757,0.14415716531688047,0.54271077561088,0.524080406767488,1.2978523525644676,0.5149121827688727,0.292556758601117,Electronic Components,Technology,CPSH
2015Q1,2015,Q1,2015-05-11,2015-03-28,73787.0,5290266.0,122527.0,0.01,1135365.0,0.2146139721518729,12981482.0,10408317.0,9661597.0,2573165.0,2573165.0,2533671.0,-24241777.0,37076435.04,34904461.04,0.7916471448329407,3.754752221485991,0.0,0.0,0.0070892345035225195,0.7916471448329407,0.0070892345035225195,7.008425481818873,125.61980782522667,3.56219310384186,0.0,1.6398739220680192,0.0,0.4075240407836332,2.431279766357773,0.0056840197444328775,-238.72996735498077,0.2146139721518729,-0.787478216517193,-0.569654072115317,-0.06086784766939504,0.29280067598635845,-0.26031480262943585,-0.8807002737263158,-0.787562026887854,1.1351292624780316,0.456291938195416,0.22332200986605605,Electronic Components,Technology,CPSH
2014Q4,2014,Q4,2015-03-24,2014-12-27,618501.0,5946647.0,576766.0,0.047054,1534930.0,0.2581168850278148,12648516.0,10246482.0,9273476.0,2402034.0,2402034.0,2528954.0,-24315564.0,38776242.550000004,36470662.550000004,0.7795268420096056,3.860676410075794,0.0,0.0,0.059650423309311515,0.7795268420096056,0.060362278487387185,6.520690155309371,15.673476093813916,3.7843469153608043,0.0,1.7444828968814774,0.0,0.4701458258028056,2.454074754978489,0.04889909614693139,30.539953130254734,0.2581168850278148,3.7053999999999996,0.1418265602508701,0.7059048601064647,0.34678383320952905,0.1461758172008886,2.1870816479014765,0.7947436551698386,7.046200441665879,0.41269568303268617,0.16813337701713976,Electronic Components,Technology,CPSH
2014Q3,2014,Q3,2014-11-06,2014-09-27,194065.0,6070230.0,321364.0,0.01,1339175.0,0.2206135517105612,12509336.0,9525512.0,8933495.0,2983824.0,2983824.0,2639636.0,-24934065.0,35367081.300000004,34325250.300000004,0.7271983283506066,2.9939751808417654,0.0011284371928294195,0.0014819150928580007,0.020331895851406875,0.7271983283506066,0.02037318308979087,5.826316515189705,45.56087045577513,3.7128798221030013,0.0,1.7923134098792408,0.0,0.485255972019618,1.8924014955305675,0.015513613192578726,-442.2156532503095,0.2206135517105612,3.279462046956918,2.3699580994388647,1.0426475864303613,0.30925978621036954,0.26535901641822635,4.379922322657053,4.38712873374228,5.845779895772404,0.2053927470552537,0.05422820079670207,Electronic Components,Technology,CPSH
2014Q2,2014,Q2,2014-08-07,2014-06-28,-57417.0,5134662.0,-94878.0,-0.004387,1058336.0,0.2061160014037925,11648441.0,9235239.0,8014489.0,2413202.0,2413202.0,2781592.0,-25128130.0,36774545.87,35665049.87,0.7056789139351513,3.321101590335165,0.00301310707587393,0.0038004430637907692,-0.006135409872336728,0.7056789139351513,-0.006217164493523124,7.16201881837597,-160.12046027308983,3.9819809611857364,0.0,1.4654651005611175,0.0,0.4408025073913325,1.9035078704559336,-0.004929157472660934,120.19593034923436,0.2061160014037925,-1.21935,-1.8382988611263975,0.37500629071060043,0.2464519466188634,-0.312040219219186,-1.2318763907454597,-1.229962116529845,-5.23935502230841,0.03224347206882928,0.03387379959591331,Electronic Components,Technology,CPSH
2014Q1,2014,Q1,2014-05-12,2014-03-29,247619.0,5986051.0,412581.0,0.02,1538369.0,0.2569922975931879,11830384.0,9206090.0,8243527.0,2624294.0,2624294.0,2208982.0,-25070713.0,35941336.75,35140465.75,0.7043908154028244,3.1412360810183615,0.004720725886835119,0.006066419076937115,0.02663698366910298,0.7043908154028244,0.0268973038499515,6.004181512987444,36.28693350469875,3.904082705035471,0.0,2.013453255843642,0.0,0.5059895773459255,2.0375411443992175,0.020930766068117484,-50.24631065436605,0.2569922975931879,0.0,1.5154608509482703,0.8942318050097167,0.2562974704029134,0.1301647822860879,-0.10226700069246303,-0.04199754799520745,13.922733016659276,-0.00287280603850854,0.04126564210140315,Electronic Components,Technology,CPSH
2013Q4,2013,Q4,2014-03-17,2013-12-28,275827.0,5099890.0,430668.0,0.02,1361190.0,0.2669057567908327,11139625.0,8864531.0,7480356.0,2275094.0,2275094.0,2183699.0,-25318332.0,31229271.990000002,29734589.990000002,0.678409317283608,3.287932718384383,0.006855886082341192,0.008615458618171678,0.03086493796923659,0.678409317283608,0.031115802968030685,6.123518740600288,28.30512603008408,3.5229468981494905,0.0,1.7120949361610736,0.0,0.45781523166174803,1.9654181321738795,0.024760887372779605,26.953689142407352,0.2669057567908327,-0.3333333333333333,-0.13334532301514807,0.5308970568135066,0.2750509395152476,-0.20775926693330973,-0.3891091345600156,-0.34660053799086354,1.8228322141318123,0.031573691167888315,0.012950963695142122,Electronic Components,Technology,CPSH
2013Q3,2013,Q3,2013-11-07,2013-09-28,451516.0,5974489.0,659119.0,0.03,1718152.0,0.2875814149126394,11480307.0,8522190.0,7201454.0,2944000.0,2958117.0,2048860.0,-25594159.0,24817750.599999998,24481824.599999998,0.6524427318566092,2.446146059782609,0.02263240869778134,0.03048828998180045,0.05113341931424795,0.6524427318566092,0.052981217269269985,4.153953685411421,13.741346153846154,2.912132984596682,0.0,2.0774171978563687,0.0,0.5204119541402508,1.636836956521739,0.03932961026216459,74.16386440110688,0.2875814149126394,0.4999999999999999,1.6397902968558407,0.6123537697585624,0.23670706671872033,0.2602908535037827,0.9091424174002757,0.8557323047468889,0.0390799002984811,-0.03700089687356397,-0.05371721574057255,Electronic Components,Technology,CPSH
2013Q2,2013,Q2,2013-08-12,2013-06-29,236502.0,5300542.0,355180.0,0.02,1363298.0,0.2571997354232831,10693584.0,8004289.0,6519106.0,2654198.0,2689295.0,2080417.0,-26045675.0,20945734.400000002,21014442.400000002,0.6114305736637241,2.4561490891033753,0.027203882253134217,0.036343890131903034,0.029117634434192723,0.6114305736637241,0.02954690916332481,3.951621249298657,22.14118104709474,2.616813860668949,0.0,1.8925263540915114,0.0,0.4956749766963069,1.4633162258429853,0.022116252137730438,41.43969326403549,0.2571997354232831,99.47989272030652,-0.5995871405462238,0.13739817260173273,0.19110703618385624,0.49086049667719045,89.61379310344827,23.458063627599504,-0.4929312610236987,-0.014435750673095419,-0.05861459837832619,Electronic Components,Technology,CPSH
2013Q1,2013,Q1,2013-05-13,2013-03-30,2610.0,5031078.0,14522.0,0.0001990447985018409,914437.0,0.18175766704471685,11227873.0,7588381.0,6989177.0,3583644.0,3639492.0,2053169.0,-26282177.0,15446110.799999999,16067541.799999999,0.5895372186505357,1.950298913619768,0.0825717390996496,0.1221742819713454,0.001008527020359696,0.5895372186505357,0.0003439468840586681,3.0701394015358137,1479.5125287356323,2.0354948967375255,0.0,2.0050180964158333,0.0,0.4480882532248094,1.2416939294193285,0.00023245720716648648,-67.58395778548832,0.18175766704471685,1.0199044798501842,-0.9939788875994072,0.4363088049964603,0.2673492563889525,1.7468406902870188,1.0310625535561269,1.0339780156015292,-0.98445147081857,-0.0877345824563632,-0.03725527242144539,Electronic Components,Technology,CPSH
2012Q4,2012,Q4,2013-03-27,2012-12-29,-84024.0,4124488.0,-427394.0,-0.01,332905.0,0.08071426077612542,10349234.0,7532140.0,6135866.0,2740722.0,2817094.0,2457315.0,-26284787.0,19178789.79,19571673.79,0.5851718863852253,2.2387772273145545,0.06761254021312109,0.09290029128507968,-0.009685917915587055,0.5851718863852253,-0.011155395412193613,4.649980746701166,-57.06342768137675,2.546260397443489,0.0,1.5429780064826855,0.0,0.3985307511647722,1.1613739007458619,-0.008118861743777366,916.9434781985083,0.08071426077612542,0.75,-1.344755237561942,0.34999915289158906,0.43965333588176003,2.409975138390645,0.8417463202403263,0.5127486310826047,-1.1584060862583605,0.20826297769317825,0.010997946139529449,Electronic Components,Technology,CPSH
2012Q3,2012,Q3,2012-11-09,2012-09-29,-530945.0,2744181.0,-877153.0,-0.04,-236107.0,-0.08603914974996182,10113125.0,7541595.0,5738956.0,2474859.0,2571530.0,3301248.0,-26200763.0,17376739.650000002,17790694.650000002,0.5859069914763901,2.3189022081662025,0.06280145850071071,0.08421547431279458,-0.06277587053072563,0.5859069914763901,-0.070402215976859,6.332213381697491,-8.181986669994068,2.304119970642815,0.0,0.9027761622271335,0.0,0.2713484704282801,0.9383326484458306,-0.05250058710833694,-33.53391777824094,-0.08603914974996182,-0.3333333333333334,-3.3008624634982895,-0.13216389610523122,0.4348383029211874,-2.22348545696682,-0.42449909316276924,-0.3452647884299802,-2.814262111137078,-0.060272400016528865,0.054876548106822215,Electronic Components,Technology,CPSH
2012Q2,2012,Q2,2012-08-13,2012-06-30,-372724.0,3628265.0,-652030.0,-0.03,192979.0,0.05318768061318564,9780768.0,8017412.0,5595086.0,1635605.0,1763356.0,3360415.0,-25669818.0,26382440.15,26278211.15,0.6229785609880366,3.4208051454966206,0.027615316097876978,0.033689050780975206,-0.04317762565819117,0.6229785609880366,-0.04648931600371791,7.271365280650668,-17.69569450182977,3.290642934403271,0.0,1.0222802838339908,0.0,0.37095911077739496,1.2986258907254502,-0.03810784592784534,-136.42020647289687,0.05318768061318564,0.25000000000000006,-3.7557415913244223,0.1533381411039622,0.5969658031539123,6.7026891252955085,0.3024525812458476,0.22613501898374364,-6.533827727681966,-0.011966381852821829,0.10037699116614758,Electronic Components,Technology,CPSH
2012Q1,2012,Q1,2012-05-15,2012-03-31,-534335.0,3554776.0,-842563.0,-0.04,-33840.0,-0.00951958716948691,10714799.0,8325741.0,6946651.0,2225107.0,2389058.0,3420691.0,-25297094.0,29591015.7,29302573.7,0.6471289966569144,3.1219402033250536,0.03104192621812131,0.03994935706023044,-0.05902591121217028,0.6471289966569144,-0.06417867190439866,8.324298268020263,-13.84478636997389,3.5541600081001796,0.0,1.0490909585227077,0.0,0.3317631996643147,1.3959665759893793,-0.04986887761496973,-66.38552468339522,-0.00951958716948691,-4.139795421334633,-2.530250601891849,0.10208962802099095,0.7073868022673017,-1.1362055641421946,-4.205406721870434,-0.8162247337301065,-6.514126370709923,0.14270583878892323,0.1541696793129382,Electronic Components,Technology,CPSH
2011Q4,2011,Q4,2012-03-30,2011-12-31,-102650.0,4224007.0,-463909.0,-0.007782410917361637,248448.0,0.05881808434503068,11334312.0,8802042.0,7833506.0,2332532.0,2532270.0,3138617.0,-24762759.0,24401500.0,23667313.0,0.6673269143290371,3.358370217428957,0.03601824265998677,0.046380374008667534,-0.010526729783836303,0.6673269143290371,-0.011662066597728117,5.776860691755482,-59.42888455918169,2.7722544382314926,0.0,1.2666594872837305,0.0,0.3726743184764986,1.8243646818135828,-0.00905657087964404,-7264.513247990473,0.05881808434503068,-4.720775201140339,-1.093333244547318,0.09046201512991972,0.9953516061472075,-0.7214683539762689,-4.720685780564718,-9.193811046152216,-1.3195121860141086,0.2561137573389365,0.25422187962572246,Electronic Components,Technology,CPSH
2011Q3,2011,Q3,2011-11-14,2011-10-01,27589.0,4901040.0,56617.0,0.00209161008033393,891992.0,0.18200055498424825,10875734.0,8793573.0,8001833.0,2022713.0,2082161.0,2190465.0,-24660109.0,27790964.82,26873961.82,0.6897921415885553,3.955990296201191,0.021296769487006578,0.026339464060854443,0.0035089385574452736,0.6897921415885553,0.003137405011591989,5.670421955340091,251.83012088151077,3.160372333293873,0.0,1.830226915289676,0.0,0.4506399292222484,2.643833307048504,0.002536748324297008,-356.13005305243735,0.18200055498424825,1.0989261938152586,-0.9090801175091439,0.6454492520487131,1.6397521704657745,-0.0702760846181427,1.09277099294546,0.7502473104983306,-0.8347300381614109,0.3552190650361032,0.3075029798279527,Electronic Components,Technology,CPSH
2011Q2,2011,Q2,2011-08-16,2011-07-02,13183.0,4841760.0,32348.0,0.0009965143541002602,959416.0,0.19815439013912298,10523926.0,8694691.0,7608654.0,1754020.0,1829235.0,2051878.0,-24687698.0,28024458.000000004,27054754.000000004,0.6825580783756817,4.337837652934402,0.02760547727150495,0.03341326333506274,0.0018932649222456641,0.6825580783756817,0.0015162125945591396,5.78807251908397,531.4506940757036,3.2231689429791124,0.0,1.8920929996812677,0.0,0.46007165006671463,2.904270190761793,0.0012526693935324136,105.59806019865255,0.19815439013912298,-0.18633167755183688,-0.7971387732984178,0.8104857142174174,1.8729418441541168,0.12073452795364811,-0.183361209192839,-0.17298154113616607,-0.9770623712487878,0.0677180206022982,0.3296681009683069,Electronic Components,Technology,CPSH
2011Q1,2011,Q1,2011-05-13,2011-04-02,16143.0,5840345.0,39114.0,0.0012247181395755341,856060.0,0.14657695735440288,11414299.0,8601265.0,8443397.0,2694314.0,2813034.0,1636972.0,-24700881.0,25429638.0,24743970.0,0.6764756147924716,3.1337835901828814,0.0315507767932135,0.041869422695382595,0.0023006335593306927,0.6764756147924716,0.0018768169565755734,4.354132846604096,393.81834231555473,2.9564997706732674,0.0,3.0448199480504248,0.0,0.5116691791585274,2.329806028547526,0.001414278704281358,-34.4807715775686,0.14657695735440288,1.0470141320374486,-0.9516597301282481,1.2591190998009776,1.8766094928993695,7.799687509636833,1.0496645038625896,1.0614588341771078,-0.9622994061118638,0.687924404370463,0.454243837793564,Electronic Components,Technology,CPSH
2010Q4,2010,Q4,2011-03-25,2010-12-25,-325041.0,4793726.0,-636426.0,-0.02605,97283.0,0.020293817377130024,10611101.0,8485550.0,7681295.0,1949990.0,2125551.0,1523758.0,-24717024.0,20905500.0,19531006.0,0.6697355958958169,3.9391458417735477,0.040403724363758296,0.05052447985104089,-0.034323687004772396,0.6697355958958169,-0.03830523654919245,4.361012707025808,-16.079125402641512,2.46365880820925,0.0,3.0821449337755733,0.0,0.4517651844045213,2.936519674459869,-0.030632165314419306,58.196278645079396,0.020293817377130024,-1.8683333333333334,-2.458432034724597,1.2852159758672912,2.4128219683746868,-0.9344575192989973,-1.772465207802578,-1.933052822941254,-2.3548898255914015,0.594024434616949,0.6476989192803357,Electronic Components,Technology,CPSH
2010Q3,2010,Q3,2010-11-09,2010-09-25,420784.0,6007723.0,682090.0,0.03,1484274.0,0.24706099132732984,11412406.0,8720980.0,8502452.0,2459808.0,2691426.0,1860882.0,-24391983.0,23399984.0,22223347.0,0.6894796594732714,3.456551080409528,0.04348960245543315,0.056911149893704605,0.043787981375743454,0.6894796594732714,0.048249623322149576,3.8949838399673222,13.902610365413134,2.683182853303184,0.0,2.430809153938831,0.0,0.5264203709542055,2.4139136062652042,0.036870752758007386,-44.35452558632363,0.24706099132732984,0.0,40.65223683719913,2.2710755006323473,2.6571913227871238,0.07213624885149465,-0.06451490986053894,-0.05395227943838256,0.8556285045754741,0.9334170972067933,0.6884792960132677,Electronic Components,Technology,CPSH
2010Q2,2010,Q2,2010-08-10,2010-06-26,449803.0,5186683.0,720989.0,0.03,1384408.0,0.2669158689667365,10153955.0,8199921.0,7374550.0,1799952.0,1954034.0,1948968.0,-24812767.0,22093678.25,20424080.25,0.6495008023392392,4.097081477728295,0.036818362894064434,0.04559214655848513,0.05082159832176904,0.6495008023392392,0.054854552867033717,4.25969318926952,12.279641448589716,2.6943769641195328,0.0,1.9509171007425468,0.0,0.5108042137275574,2.632525200672018,0.04429830543861973,17.31950479479921,0.2669158689667365,1.9999999999999996,3.145920995003162,1.82101876534472,2.485473329738031,0.31850013381118053,1.731989820399288,1.5127433930569156,2.3900382975207055,0.6806546628927673,0.6649538770832791,Electronic Components,Technology,CPSH
2010Q1,2010,Q1,2010-05-11,2010-03-27,164643.0,5409186.0,286933.0,0.01,1049987.0,0.19411183124410955,9787988.0,7730900.0,6999070.0,1848249.0,2057088.0,1726615.0,-25262570.0,13887454.9,13493509.9,0.6123505034749024,3.786865297911699,0.0451857930353,0.05720912183575004,0.019704908887125273,0.6123505034749024,0.021296744234177132,2.5673835028043035,21.087223416725887,1.7963568148598483,0.0,2.5247081717696185,0.0,0.5526351278730623,2.4719645459026354,0.016820923769011568,-94.16883586259273,0.19411183124410955,-0.7583373610439825,3.8098118400523626,2.6975226932520333,2.444979752057743,0.6446391930203781,-0.6938486341145035,2.3603040204241763,-0.5194990312639381,0.7089865749700736,0.6156271367779309,Electronic Components,Technology,CPSH
2009Q4,2009,Q4,2010-03-26,2009-12-26,537783.0,3460861.0,85389.0,0.04138,638430.0,0.18447143644312788,9230236.0,7553421.0,6434402.0,1414056.0,1676815.0,2072210.0,-25427213.0,18270000.0,17728581.0,0.5788062068965517,4.550316253387419,0.05765627227732855,0.07045562533850556,0.07033532149082762,0.5788062068965517,0.07119727604220658,5.2790331654464016,8.493202648651966,2.418771573833896,0.0,1.3620390790508683,0.0,0.3749482678449392,2.588818971808754,0.05826319067031439,15886.95652173913,0.18447143644312788,5.138,-0.04671355930551074,0.7229533906304713,2.280996278935476,1.0175069917363206,4.9388787976445085,1.6448346171273223,-0.5057817675215753,-0.09696547720192325,0.7306688367877713,Electronic Components,Technology,CPSH
2009Q3,2009,Q3,2009-11-13,2009-09-26,-136532.0,2864219.0,-132420.0,-0.01,316445.0,0.1104821244464896,8445684.0,7012244.0,6274815.0,1117592.0,1433440.0,2021179.0,-25964996.0,14897451.62,14288019.62,0.5554270710898942,5.614584750069793,0.07423626079308675,0.08941160632744667,-0.015111854848347619,0.5554270710898942,-0.01947051471682959,5.201226449513811,-27.27831501040049,2.1244913354412653,0.0,1.2605385272655218,0.0,0.3391340476390071,2.9829750034001674,-0.016165890175384254,45.289267404389854,0.1104821244464896,-2.0,-1.736264334888235,0.5452447197751146,3.0336523022045307,-0.529785431959345,-3.0663498501679936,-2.5705204231699796,-1.4543332412406154,-0.028999124840162406,1.1255530877293523,Electronic Components,Technology,CPSH
2009Q2,2009,Q2,2009-08-11,2009-06-27,66074.0,3602435.0,84316.0,0.01,672980.0,0.18681253096863648,8807700.0,7147622.0,6458360.0,1286226.0,1660078.0,1992789.0,-25828464.0,18811188.91,18599958.91,0.5661501158142375,5.021170463044597,0.08320515003917027,0.10253004425807632,0.008604044636271603,0.5661501158142375,0.009244193383477749,5.221798286436813,71.17470150891425,2.6318108190388356,0.0,1.47002768481761,0.0,0.40900973012250647,2.752321131745121,0.007501844976554606,-122.0348819301182,0.18681253096863648,0.0,-0.5460797187984885,1.4751098367509272,3.602474230421652,0.08622598691325106,-0.3051424965821853,-0.2459195263520342,0.025888021717505698,0.3591661888390177,1.382971368042594,Electronic Components,Technology,CPSH
2009Q1,2009,Q1,2009-05-12,2009-03-28,95090.0,3052641.0,111813.0,0.01,619558.0,0.2029580288019456,8284026.0,7078662.0,5829842.0,1106205.0,1205364.0,2021489.0,-25894538.0,13129957.360000001,12695419.360000001,0.5606879198577991,5.27012805040657,0.042175748844824966,0.0493574915711472,0.013146173100919437,0.5606879198577991,0.013433329632068886,4.301179653945551,34.51981638447786,1.8548642893247342,0.0,1.203609319664861,0.0,0.3684972741514814,2.646708340678265,0.011478718198132164,-42.74088574507079,0.2029580288019456,-0.5899958999589996,-0.45111245960779905,0.7858939376542357,4.029485798148763,-0.1833027073056917,-0.7024401845002284,0.6531825238412065,-0.7132259319490215,0.18920455397897004,1.3842399600933777,Electronic Components,Technology,CPSH
2008Q4,2008,Q4,2009-03-27,2008-12-27,319566.0,3344912.0,67635.0,0.02439,758614.0,0.2267964000248736,8367009.0,6980686.0,5896916.0,1234130.0,1386323.0,1689700.0,-25989628.0,15744000.0,15002263.0,0.5320644817073171,4.7781967864001365,0.04980059182439029,0.05969069515517529,0.04757113356961763,0.5320644817073171,0.04577859539879032,4.706850284850543,12.316704530519518,2.255365733396402,0.0,1.5306255548322187,0.0,0.39977392160089703,2.672414575449912,0.03819357670106486,1145.0181818181818,0.2267964000248736,1.4389999999999998,1.0090241935821866,1.2349541636027435,4.525362140814453,-0.043959893937713615,0.9336229639131592,-0.6254236724928557,0.3846863025862137,0.5398610042715781,1.711280933685199,Electronic Components,Technology,CPSH
2008Q3,2008,Q3,2008-11-12,2008-09-27,165268.0,3580350.0,180564.0,0.01,793496.0,0.22162526010026953,8225467.0,6658393.0,5822817.0,1356420.0,1567074.0,1784459.0,-26309194.0,19562554.650000002,18834565.650000002,0.5275644891297466,4.292783208740656,0.060787794784174565,0.07509439590003174,0.024066149361385417,0.5275644891297466,0.024821004107147174,5.463866563324816,29.592169461117702,2.9380294389351906,0.0,1.5617360779933862,0.0,0.43527619769187575,2.5177754677754676,0.02009223306105295,28.76892810030751,0.22162526010026953,-0.75,22.39082277664469,3.018238377929851,5.1739536923049565,-0.4209406714786849,-0.7084176521752938,-0.721502704553552,15.39524251284462,0.9536920696005213,1.7983483563966212,Electronic Components,Technology,CPSH
2008Q2,2008,Q2,2008-08-07,2008-06-28,566797.0,4472069.0,648351.0,0.04,1370319.0,0.3064172310400399,8331857.0,6448708.0,5942852.0,1595320.0,1883149.0,1570087.0,-26474462.0,25753141.4,25549013.4,0.5133296631532493,3.7251786475440665,0.06477535560199844,0.08369102772214217,0.07962373276283688,0.5133296631532493,0.08789310975159675,5.758663696825787,11.359067443899667,3.993535046089852,0.0,1.975527470770728,0.0,0.5367433694553327,2.382933204623524,0.06802769178587678,70.5032397420033,0.3064172310400399,0.3333333333333334,18.113226848010637,2.954234292990675,5.046983617861418,0.28988074675181036,0.3408807560828474,0.32905382828819113,4.250248290475575,1.4444344195175867,1.7547261586746223,Electronic Components,Technology,CPSH
2008Q1,2008,Q1,2008-05-12,2008-03-29,422705.0,3415756.0,487829.0,0.03,1062361.0,0.3110178244581873,7314480.0,5838838.0,5191132.0,1256459.0,1475642.0,1671211.0,-27041259.0,27614309.8,27840097.8,0.46517344424085516,4.131557018573626,0.07033281928448776,0.08810794202545096,0.06595363503144774,0.46517344424085516,0.07239539785142181,8.084391800819496,16.33190392827149,4.729418730233653,0.0,1.408197408944771,0.0,0.46698548632301956,2.3523457589941255,0.0577901641675143,-297.004708742041,0.3110178244581873,0.5957446808510637,3.0073664501523334,4.618033872415884,4.636441600252602,0.3871224248375059,0.6785264721182063,2.0641370300114317,8.255875406856713,1.3484657838917529,1.6169866563527497,Electronic Components,Technology,CPSH
2007Q4,2007,Q4,2008-03-28,2007-12-29,251831.0,3156845.0,159206.0,0.0188,765874.0,0.24260741341434247,7007061.0,5406014.0,4876786.0,1327409.0,1601047.0,1416264.0,-27463964.0,35910000.0,36042812.0,0.40646721804511277,3.6739136166773014,0.0863230675457228,0.1118885374695663,0.042715476789384095,0.40646721804511277,0.04658349016484234,11.375281333103146,35.64890740218639,6.6426021094285,0.0,1.6882240881643535,0.0,0.45052340774541566,2.1558773520444716,0.03593960435052585,473.54678763582655,0.24260741341434247,-0.059999999999999984,1.5730048033678061,2.6840954435119584,3.092007724321493,-0.0465606423702966,0.11955738914723169,-0.38443276766692575,-0.5619896155270292,0.5420608151721612,1.3040828070346233,Electronic Components,Technology,CPSH
2007Q3,2007,Q3,2007-11-13,2007-09-29,224938.0,3082329.0,258633.0,0.02,803275.0,0.26060650890933446,6689387.0,5123470.0,4504250.0,1221567.0,1565917.0,1402221.0,-27715795.0,29861762.419999998,30077904.419999998,0.4083435675529027,3.687272167633867,0.10500932297682881,0.1371039549367909,0.03860833508839393,0.4083435675529027,0.04390344824894066,9.68805160643137,33.18888140287545,5.828425348445487,0.0,1.6253172645396126,0.0,0.4607789921557835,2.1855845811158945,0.033626100567959366,411.08122601249966,0.26060650890933446,1.0,1.6083102628270411,5.262658621241883,2.079606687553935,0.24862822270512927,0.7058332827761936,0.7194285258413222,0.22054455705097545,0.673252709105403,1.9654945844070975,Electronic Components,Technology,CPSH
2007Q2,2007,Q2,2007-08-08,2007-06-30,131864.0,3067042.0,150418.0,0.01,643326.0,0.20975454525891724,6825618.0,4894586.0,4588038.0,1508817.0,1931032.0,1471037.0,-27940733.0,50062366.410000004,50351150.410000004,0.39010137834992525,3.0408180713764494,0.1169220135085204,0.16305056239690138,0.02359526504126582,0.39010137834992525,0.02694078722899138,16.32268694396751,94.91287692243525,10.228110489835096,0.0,1.6476240910323805,0.0,0.4493427554838258,1.7657164520283108,0.019318983277411658,-366.19388786482335,0.20975454525891724,-0.6666666666666666,3.0410140515003348,1.0432526092001466,1.4096773853985745,-0.2755288887087075,-0.6121247775506302,-0.6062861046619674,-0.08847888852202576,1.1203597107920955,2.171299432704888,Electronic Components,Technology,CPSH
2007Q1,2007,Q1,2007-05-15,2007-03-31,339965.0,3140353.0,382049.0,0.03,887994.0,0.2827688479607229,6496204.0,4747600.0,4398781.0,1380242.0,1748604.0,1345960.0,-28072597.0,29561548.799999997,29530890.799999997,0.379017218475373,3.1869635904428355,0.10779372076369523,0.14749557671244418,0.062175464474681086,0.379017218475373,0.07160775971016935,9.413447723870531,21.73867074551792,6.22663004465414,0.0,1.6734219441885345,0.0,0.4834135442790898,1.8930426693290017,0.05233287008843934,116.20471083996351,0.2827688479607229,-0.6394664102872252,2.4257604581143406,0.7617293730205803,1.2726867108873805,-0.32630909724050394,-0.6887673736036576,-0.4982684602363089,0.9778690217725865,0.8517109481193368,2.399862294267369,Electronic Components,Technology,CPSH
