Quarters,Year,Quarter,FillingDate,Date,NetIncome,Revenue,OperatingIncome,EPSDiluted,GrossProfit,GrossProfitRatio,TotalAssets,CommonStockEquity,CurrentAssets,CurrentLiability,TotalLiability,Inventory,RetainedEarnings,MarketCap,EnterpriseValue,bookValuePerShare,currentRatio,debtToAssets,debtToEquity,roic,shareholdersEquityPerShare,roe,priceToSalesRatio,peRatio,pbRatio,payoutRatio,inventoryTurnover,dividendYield,assetTurnover,quickRatio,returnOnAssets,priceToFreeCashFlowsRatio,grossProfitMargin,epsdilutedGrowth,fiveYNetIncomeGrowthPerShare,fiveYRevenueGrowthPerShare,fiveYShareholdersEquityGrowthPerShare,grossProfitGrowth,netIncomeGrowth,operatingIncomeGrowth,threeYNetIncomeGrowthPerShare,threeYRevenueGrowthPerShare,threeYShareholdersEquityGrowthPerShare,Industry,Sector,Symbol
2023Q1,2023,Q1,2023-05-05,2023-03-31,637310000.0,4893206000.0,835360000.0,3.7,1056122000.0,0.215834363,14219760000.0,8336637000.0,7562560000.0,1820546000.0,5913337000.0,2988852000.0,11940621000.0,19400756820.0,20856623820.0,48.58265004632948,4.15400654528916,0.21525046836233522,0.36715164640130066,0.055704296245982776,48.58265004632948,0.07644689339358304,3.9648354923132194,7.610408129481728,2.3271682358245895,0.0922596538576203,1.2837985955811797,0.003030706510345301,0.3441131214591526,2.442501315539404,0.044818618598344837,38.23080419497738,0.2158343629922795,0.024930747922437758,2.862062075253056,1.591317529915909,2.3122164029737418,0.06943973299498657,0.0038527936691952923,0.10053646146225272,3.2277345607296724,1.3614942683006919,1.5186286540986853,Steel,Basic Materials,STLD
2022Q4,2022,Q4,2023-02-28,2022-12-31,634864000.0,4826287000.0,759048000.0,3.61,987547000.0,0.2046183743,14159984000.0,8130357000.0,7638018000.0,2032296000.0,6064179000.0,3129964000.0,11375765000.0,17068776200.0,18510934200.0,46.53736563140362,3.7583196542235973,0.21684876197600222,0.377667917903236,0.05709478713959659,46.53736563140362,0.07808562403840323,3.5366268520707536,6.721430180322084,2.0993882802440287,0.09455883464805061,1.2264486109105408,0.003517065271498492,0.34083986253091814,2.1220742450902823,0.04483507890969368,21.356606070615733,0.20461837433206936,-0.28230616302186884,1.8283032005037583,1.8042453808714896,2.2932564724393423,-0.325643646772906,-0.3056473354660542,-0.3777499417958362,5.437889807221791,1.5285992879111192,1.456201984001781,Steel,Basic Materials,STLD
2022Q3,2022,Q3,2022-10-26,2022-09-30,914325000.0,5651707000.0,1219844000.0,5.03,1464429000.0,0.2591126893,14047698000.0,7971156000.0,7813444000.0,2131396000.0,6112493000.0,3376532000.0,10799863000.0,12789730800.0,14404304800.0,44.21934496072427,3.665880953140571,0.21605468739433323,0.3807566932575401,0.08423577502110036,44.21934496072427,0.11470419096050812,2.2629854661609317,3.497041752112214,1.604501379724597,0.0679058321712739,1.2401120439551587,0.0048545196901251435,0.4023226438951065,2.0351459794425812,0.06508717656088564,10.191621498000679,0.25911268931669673,-0.21894409937888198,6.9119995208965195,2.0675883514902695,2.404920539622836,-0.22243065784122054,-0.24408087609151802,-0.24610846425633612,6.316106607079739,1.7033074792178182,1.3749208630065806,Steel,Basic Materials,STLD
2022Q2,2022,Q2,2022-08-02,2022-06-30,1209554000.0,6212878000.0,1618063000.0,6.44,1883342000.0,0.3031351976,13711214000.0,7588348000.0,7756010000.0,2201872000.0,6162324000.0,3647061000.0,9945710000.0,12333138300.000002,14374299300.000002,40.700850666695274,3.5224617961443716,0.22231773204035762,0.4017008708614839,0.1157439688744722,40.700850666695274,0.1593962216809245,1.9850926253501198,2.549108659059455,1.6252731556328204,0.05319646745825321,1.1871301302610513,0.0052171635827678985,0.45312384446774734,1.825176486189933,0.08821640447009288,14.722443685762379,0.30313519756866303,0.12390924956369981,9.171487798140493,2.3639928553138825,2.1882700054925586,0.056565646365552454,0.09229207642723104,0.08241268286743904,6.395844509762387,1.6642323703499773,1.2180991777384953,Steel,Basic Materials,STLD
2022Q1,2022,Q1,2022-04-29,2022-03-31,1107354000.0,5569902000.0,1494867000.0,5.73,1782513000.0,0.3200259179,13056637000.0,6964354000.0,7149635000.0,2090646000.0,6078463000.0,3516815000.0,8800883000.0,16031741940.000002,17920712940.0,36.242852236180646,3.419820954862755,0.23578039276116813,0.4420365478262593,0.11307193803846964,36.242852236180646,0.15900311787712113,2.878280792013935,3.6193805097556884,2.3019711433393537,0.04578391372587266,1.0769372287140495,0.00316241367842277,0.4265954548633006,1.6995684587443307,0.0848115789693778,24.303848383507322,0.32002591787072737,0.0399274047186934,5.971591377338976,1.97352889639552,1.9009647374386929,0.011735478367181527,0.010638890131122016,0.05570150720977631,5.319177868678639,1.305131119364305,1.0260169906307894,Steel,Basic Materials,STLD
2021Q4,2021,Q4,2022-02-28,2021-12-31,1095697000.0,5310657000.0,1415994000.0,5.51,1761837000.0,0.3317549975,12531234000.0,6304641000.0,6901023000.0,2227369000.0,6211063000.0,3531130000.0,7761417000.0,12249266220.0,14111274220.0,31.94714359551245,3.098284568026223,0.24785077032317807,0.49263328395700884,0.11702381775047857,31.94714359551245,0.17379213185968875,2.3065444106068234,2.794857113782369,1.9428967041898182,0.04740635412892433,1.0050097277642,0.004240498905574444,0.42379361840980706,1.418849772983282,0.08743727872290949,23.585400090111253,0.3317549975455014,0.13608247422680417,66.60892205441687,2.4322856267241755,1.6597370640992006,0.10071540625591564,0.10591231202618588,0.0710633904292214,3.7140243173134957,1.1244148877667384,0.8611412433354447,Steel,Basic Materials,STLD
2021Q3,2021,Q3,2021-11-02,2021-09-30,990763000.0,5088288000.0,1322045000.0,4.85,1600629000.0,0.3145712271003528,11535985000.0,5607926000.0,5987572000.0,2054289000.0,5913051000.0,2894970000.0,6721734000.0,11839276000.0,13817806000.0,27.700301308965177,2.9146687734783177,0.2664905510886153,0.5481939312323308,0.11691984902699427,27.700301308965177,0.17667191043533742,2.3267700255960353,2.987413740723059,2.111168371337282,0.05387766801949608,1.2047306189701448,0.004508721648181865,0.44107963039133635,1.4547592865463428,0.08588456035613777,28.44701059860111,0.3145712271003528,0.46084337349397586,6.579137234443484,1.9156003863325242,1.2766156798638195,0.3341999446524608,0.4107585032415338,0.3832756988077239,1.8771443225445927,0.8260876626855017,0.6083305160262356,Steel,Basic Materials,STLD
2021Q2,2021,Q2,2021-07-26,2021-06-30,702291000.0,4465308000.0,955735000.0,3.32,1199692000.0,0.2686694848373281,10687331000.0,5020114000.0,5265109000.0,1852245000.0,5656979000.0,2481832000.0,5783184000.0,12494961200.0,14491208200.0,23.94555610144672,2.8425553854916603,0.2909979114523542,0.6195060510578047,0.08994762349561518,23.94555610144672,0.13989542866954816,2.7982305363930102,4.447928707615504,2.488979572973841,0.07819550585156296,1.3158086445819057,0.0043950516629055235,0.417813203315215,1.4494669981562913,0.06571247769906256,40.30320620339071,0.2686694848373281,0.6354679802955666,4.749237575802695,1.5641806374474212,1.0574012088487459,0.4991165437492034,0.6313114537045855,0.6084426261235714,1.1776504377417,0.6238171693339378,0.5057402458017725,Steel,Basic Materials,STLD
2021Q1,2021,Q1,2021-04-29,2021-03-31,430507000.0,3544597000.0,594199000.0,2.03,800266000.0,0.22577065883653347,10127896000.0,4728792000.0,4896906000.0,1661189000.0,5556313000.0,2217534000.0,5134398000.0,10711121400.0,12563382400.0,22.40974338317181,2.9478319444686907,0.30583114202594497,0.6550142192762972,0.05876611868555729,22.40974338317181,0.09103952975728262,3.0218164152370495,6.2200622754101556,2.2650861784574157,0.1224811675536054,1.2375598299732946,0.004922827221433603,0.3499835503840087,1.5721438078388432,0.042507051810168665,-224.6837011243497,0.22577065883653347,1.280898876404494,6.90879436766427,1.3461016773941346,1.0057693060320907,0.8095207946582612,1.2918447852728077,1.2964212560386474,1.1215100674986325,0.5264773396890146,0.5278277234648682,Steel,Basic Materials,STLD
2020Q4,2020,Q4,2021-03-01,2020-12-31,187843000.0,2601245000.0,258750000.0,0.89,442253000.0,0.1700158962343032,9265562000.0,4345164000.0,4258447000.0,1258787000.0,5075950000.0,1843548000.0,4758969000.0,7764785129.999999,9498843130.0,20.632405661945214,3.382976627499331,0.3348610694094972,0.7140526801750176,0.03098656961352125,20.632405661945214,0.04323035908426011,2.9850264507956763,10.33414224911229,1.7869947210277908,0.2799731690826914,1.1711070175552794,0.006773014207026744,0.2807433591184215,1.8593582552091816,0.020273244083845104,-37.83897707669366,0.1700158962343032,0.8936170212765959,1.8543261976973902,0.8830325215958511,0.867561528674416,0.5103495381042638,0.8757476808164325,0.6601863258392362,-0.3057885135230207,0.2538212995879541,0.460069829185684,Steel,Basic Materials,STLD
2020Q3,2020,Q3,2020-11-09,2020-09-30,100143000.0,2330832000.0,155856000.0,0.47,292815000.0,0.12562681480261126,8617556000.0,4201183000.0,3854895000.0,1175628000.0,4574171000.0,1609216000.0,4624019000.0,6022778580.0,7474004580.0,19.97082703478699,3.2790091763721176,0.3155005897263679,0.6471615256940724,0.01761078351580361,19.97082703478699,0.02383685738040928,2.583960826005478,15.03544576255954,1.4335911051720431,0.5251690083181051,1.266465782095132,0.00873218221480757,0.27047483068285255,1.8598230052363502,0.01162081221172221,-34.24815947047885,0.12562681480261126,0.3055555555555555,0.9010728342348272,0.37481239959614004,0.633306705242017,0.029476393220148295,0.3264676274239695,-0.018847969782813976,-0.2574260502461533,0.08408133641625692,0.5377676721443563,Steel,Basic Materials,STLD
2020Q2,2020,Q2,2020-08-10,2020-06-30,75496000.0,2094305000.0,158850000.0,0.36,284431000.0,0.13581164157083137,8468341000.0,4145250000.0,4016120000.0,1115426000.0,4480833000.0,1567017000.0,4576629000.0,5487848870.0,6702038870.0,19.707097455109036,3.600525718425068,0.32009197551208673,0.6539166515891683,0.017710434873503902,19.707097455109036,0.018212653036608167,2.620367553914067,18.17264778928685,1.3238885157710634,0.6965137225813288,1.1549804501163676,0.00958189652186978,0.24730995126436217,2.160663280217603,0.00891508738252274,31.128959975949268,0.13581164157083137,-0.5909090909090909,1.7518983200580702,0.20124568604126528,0.6284504012214457,-0.3150020831878313,-0.5970107825344294,-0.41959033344781976,-0.4372715767407621,0.005119868801726966,0.5437404054765058,Steel,Basic Materials,STLD
2020Q1,2020,Q1,2020-05-11,2020-03-31,187340000.0,2575100000.0,273686000.0,0.88,415229000.0,0.1612477185352025,8344923000.0,4113526000.0,4142968000.0,1031720000.0,4389998000.0,1644538000.0,4553882000.0,4806745160.0,6287385160.0,19.28932634323389,4.015593378048307,0.325481493358297,0.6602894937335998,0.030804564074861956,19.28932634323389,0.045542437315334826,1.8666246592365345,6.414467225365645,1.1685218860899385,0.2747998291875734,1.3133603480126332,0.010710157973092962,0.30858283533592823,2.37765963633544,0.022449578024866138,-768.5873297089862,0.1612477185352025,0.5714285714285713,5.897837388529014,0.4245144583961993,0.5966156610373876,0.31231728553865407,0.5428453778052296,0.5040915360983947,0.06276500436818702,0.23873951647092426,0.5439639012408396,Steel,Basic Materials,STLD
2019Q4,2019,Q4,2020-02-27,2019-12-31,121425000.0,2350196000.0,181961000.0,0.56,316409000.0,0.1346308988697113,8275765000.0,4075834000.0,4253025000.0,1006698000.0,4354524000.0,1689043000.0,4419296000.0,7322650760.0,8675534760.0,18.946880563780976,4.2247277733739415,0.3304037753609485,0.6708673611339422,0.022028383472123304,18.946880563780976,0.029791448817591687,3.115761732212973,15.076489108503193,1.7966018144998055,0.42641960057648753,1.2041061121593708,0.007070936699977209,0.2839853475781393,2.471416452600482,0.014672359594551078,29.196706432114322,0.1346308988697113,-0.18840579710144914,4.0192596497117945,0.0454632307366649,0.5666706561407764,-0.12069286542036856,-0.1961164662888618,-0.20208292223026156,5.873393518126546,0.39344172125302423,0.5774092708440989,Steel,Basic Materials,STLD
2019Q3,2019,Q3,2019-10-31,2019-09-30,151048000.0,2526845000.0,228045000.0,0.69,359839000.0,0.14240643965102726,7943247000.0,4056641000.0,4020320000.0,1005275000.0,4042506000.0,1767020000.0,4349523000.0,6492615400.0,7784001400.0,18.61929197284657,3.9992240929099,0.30685096409566515,0.6008402025222346,0.02662841092057639,18.61929197284657,0.037234746678347926,2.569455348468149,10.74594731476087,1.6004905043359763,0.34923335628409513,1.2263618974318344,0.008124768949043246,0.318112353801915,2.190924871303872,0.019015901179958272,22.38284902661762,0.14240643965102726,-0.20689655172413798,0.8256350514662018,0.19044858025945244,0.5010489804467618,-0.14561241885622297,-0.22261222221078528,-0.1999319374666704,0.07369106298712441,0.3453933745111074,0.530271154112894,Steel,Basic Materials,STLD
2019Q2,2019,Q2,2019-08-09,2019-06-30,194302000.0,2770515000.0,285032000.0,0.87,421166000.0,0.15201722423448347,7857914000.0,4064490000.0,4023601000.0,925736000.0,3949563000.0,1802759000.0,4250419000.0,6795773400.0,8251260400.0,18.34942777815399,4.346380609590639,0.30899396455598777,0.5973807291935765,0.03361394676663099,18.34942777815399,0.04780476763382368,2.452891754782053,8.743828421735238,1.671986743724305,0.2753600065876831,1.3031963784399356,0.007872981756572401,0.35257639622933007,2.332840032147394,0.024726918619877997,24.590915966173696,0.15201722423448347,-0.043956043956043994,1.7445327506239594,0.36706061219511205,0.43242066642603105,-0.028608990474433195,-0.04906816491131905,-0.023334544034100645,0.5054819108744474,0.5057844926073354,0.5765820903268104,Steel,Basic Materials,STLD
2019Q1,2019,Q1,2019-05-10,2019-03-31,204328000.0,2817435000.0,291842000.0,0.91,433570000.0,0.15388819972776657,7857233000.0,4008111000.0,4028890000.0,1003090000.0,4007705000.0,1867700000.0,4109034000.0,7992148860.0,9636089860.0,17.888720777655784,4.016479079643901,0.3099545348852452,0.6076141603862767,0.03473759204367271,17.888720777655784,0.05097862808689679,2.836675508041889,9.778577654555422,1.9939938938816817,0.20672154574997065,1.2763639770841142,0.00528506171993398,0.35857852249004196,2.1020666141622386,0.026005083468951473,62.87238418150208,0.15388819972776657,-0.22222222222222215,4.2716036253319745,0.5323189976666896,0.5530166904505008,-0.16818709411302005,-0.24324084087643147,-0.20164244309306723,2.53517423749741,0.7562516408891898,0.6011181585838418,Steel,Basic Materials,STLD
2018Q4,2018,Q4,2019-02-27,2018-12-31,270004000.0,2903892000.0,365553000.0,1.17,521235000.0,0.17949531180911688,7703563000.0,3935071000.0,4032657000.0,1019137000.0,3927574000.0,1859168000.0,3958320000.0,6886519800.0,8435022800.0,17.165351479857794,3.956933169927105,0.3085225628712324,0.6039847819772503,0.0457937255025619,17.165351479857794,0.06861477213498816,2.3714793112140535,6.376312758329505,1.7500369878967876,0.1620975985540955,1.2815716492538598,0.006355459836186052,0.37695440408548614,2.061311678410263,0.035049236307926605,16.08443762437288,0.17949531180911688,-0.3076923076923077,3.789907630485765,0.5103807577871952,0.49780540963294856,-0.2402719212454506,-0.32223658613115785,-0.3123170520644428,2.128120104747942,0.9311386460659622,0.5537378711530491,Steel,Basic Materials,STLD
2018Q3,2018,Q3,2018-11-07,2018-09-30,398375000.0,3223547000.0,531572000.0,1.69,686081000.0,0.2128341854485137,7798368000.0,4033768000.0,4131477000.0,1049665000.0,3923531000.0,1853862000.0,3730662000.0,10700963520.0,12183403520.0,17.22301543926766,3.935995770079025,0.3034936284104572,0.5867355286669932,0.06516594018575944,17.22301543926766,0.09876001792864637,3.3196238553369937,6.715383445246313,2.6528455578010437,0.11065202384687794,1.3687458937072987,0.004119348684593964,0.41336174440600904,2.1221103875998533,0.05108440637836019,30.594111363974246,0.2128341854485137,0.10457516339869276,5.536948897909012,0.5905624956739689,0.5266231037878376,0.05213914814394509,0.09912015207656802,0.05914678005208344,5.792725404367115,0.7078129362802593,0.4085779498486701,Steel,Basic Materials,STLD
2018Q2,2018,Q2,2018-08-09,2018-06-30,362449000.0,3090525000.0,501887000.0,1.53,652082000.0,0.21099392498038358,7504521000.0,3746981000.0,3817664000.0,1058586000.0,3916002000.0,1787109000.0,3376163000.0,10826601150.0,12476549150.0,15.90284656879597,3.606380586933891,0.3158619983873721,0.6326140965219733,0.06257010204590968,15.90284656879597,0.09673094152332237,3.5031592205207853,7.467672106972292,2.8894198155795294,0.12213580393379482,1.3644623803024885,0.0040888178465870615,0.41182175384678116,1.8804594052821406,0.048297419648769054,39.97563471550419,0.21099392498038358,0.5937500000000001,10.711787719060444,0.6053931961392831,0.43165288588072775,0.4071201684879245,0.592825344648013,0.5519222503610114,10.794425422218323,0.5825069069545303,0.3140949312555985,Steel,Basic Materials,STLD
2018Q1,2018,Q1,2018-05-09,2018-03-31,227551000.0,2603875000.0,323397000.0,0.96,463416000.0,0.1779716768278047,6972813000.0,3470719000.0,3652242000.0,860740000.0,3660676000.0,1600058000.0,3057904000.0,10463469060.0,11840994060.0,14.667716156079502,4.243141947626461,0.33893767120959645,0.6809393096934669,0.04223028451602917,14.667716156079502,0.06556307208967364,4.018422182324421,11.495740581232338,3.0147842738060904,0.16170880374069987,1.337738381983653,0.0035167113114204594,0.3734325013448661,2.339241815182285,0.03263403163113653,82.17663737247602,0.1779716768278047,-0.25000000000000006,3.387856656193338,0.34816538094015675,0.3229390179857802,0.44445552701792884,-0.25327745928402895,0.6504309838885005,6.550946865572224,0.29817465045407,0.21407585261069612,Steel,Basic Materials,STLD
2017Q4,2017,Q4,2018-02-27,2017-12-31,304733000.0,2336479000.0,195947000.0,1.28,320824000.0,0.13731088531076033,6855732000.0,3351574000.0,3508342000.0,868519000.0,3660664000.0,1519347000.0,2874693000.0,10229444010.0,11582735010.0,14.13110883433048,4.039453368320094,0.3474377353140409,0.7106929460605673,0.06421419531875962,14.13110883433048,0.09092235469066176,4.378145067856377,8.392136731171224,3.0521313299363224,0.12052518106014118,1.3266587553731966,0.003590419964574399,0.3408066417998837,2.1847374668832806,0.04444937462549586,66.07655743740796,0.13731088531076033,1.0,3.652773282273886,0.2673436451422028,0.2885667421371974,-0.1908967562632718,0.9883660233071031,-0.27698835857793846,7.872552037834377,-0.05730161889169722,0.1684664119220748,Steel,Basic Materials,STLD
2017Q3,2017,Q3,2017-11-09,2017-09-30,153258000.0,2443382000.0,271015000.0,0.64,396518000.0,0.16228244294179134,6960737000.0,3104725000.0,3572145000.0,1066529000.0,4010956000.0,1487516000.0,2606831000.0,8240605020.0,9672785020.0,12.986894832389382,3.349318208881334,0.36406259854380363,0.8162217265619338,0.030975494741758345,12.986894832389382,0.04936282601518653,3.372622463454343,13.442373350820185,2.654214147790867,0.24259745005154706,1.3760282242342268,0.0045118046441691975,0.35102346202708135,1.8986647339172211,0.022017496135825848,44.94393339623568,0.16228244294179134,0.015873015873015886,9.949640546013079,0.32293736340589474,0.2046467833418018,0.010190615462220842,-0.004385024653583053,0.021337614423051557,0.6881371929904754,0.049080965859124304,0.04697672047661166,Steel,Basic Materials,STLD
2017Q2,2017,Q2,2017-08-07,2017-06-30,153933000.0,2390720000.0,265353000.0,0.63,392518000.0,0.16418401151117654,6670130000.0,3080939000.0,3251657000.0,795892000.0,3741889000.0,1418732000.0,2490373000.0,8642492830.0,10107957830.0,12.765810485491603,4.085550552084956,0.35596127811601874,0.7706442743592132,0.03161502660083379,12.765810485491603,0.04996301452252057,3.6150167439097847,14.036127454801765,2.805148959456841,0.24378788174075736,1.4084421864030698,0.004342149972023754,0.358421799874965,2.256257130364421,0.023077960999260884,229.03728282185827,0.16418401151117654,-0.2317073170731707,2.142394251788269,0.13646415636855533,0.17951433576970405,-0.1686653083527832,-0.23346629020451456,-0.2068739800218791,0.9955917834631913,0.08269169760196665,-0.00345607589644819,Steel,Basic Materials,STLD
2017Q1,2017,Q1,2017-05-08,2017-03-31,200817000.0,2368216000.0,334566000.0,0.82,472154000.0,0.19937117222415524,6704035000.0,3035179000.0,3244965000.0,881447000.0,3820568000.0,1361550000.0,2373718000.0,8444698679.999999,9834581680.0,12.493379105386861,3.681406823098836,0.3515359033775928,0.7764645841316113,0.040516418415604244,12.493379105386861,0.06616314886206053,3.5658481658767607,10.512928038960846,2.7822736912715853,0.16995573083952056,1.3925761081120782,0.004041588846838523,0.3532523323640166,2.09879096531045,0.02995464671649238,42.484347292375176,0.19937117222415524,9.25,2.963270468134095,0.07706196207749075,0.16612908680641797,0.5233624355524582,9.034829102538477,4.971833499928602,3.778277893613296,0.18788023570118864,0.0846178724543723,Steel,Basic Materials,STLD
2016Q4,2016,Q4,2017-02-28,2016-12-31,20012000.0,1910596000.0,56024000.0,0.08,309942000.0,0.1622226781590666,6423732000.0,2927020000.0,2929675000.0,712815000.0,3646273000.0,1275211000.0,2210459000.0,8670383460.0,10185726460.0,12.01139166225527,4.110007505453729,0.36689357526123445,0.8051964113671926,0.014407889001054662,12.01139166225527,0.006836987789629043,4.538051717893265,108.31480436737957,2.96218797958333,1.7053767739356387,1.2552071774788642,0.003936158090059837,0.29742772581421517,2.2043124793950746,0.003115322992926853,64.43220025860916,0.1622226781590666,-0.8750000000000001,-0.40455146297386735,-0.07605452751132573,0.13580040617064731,-0.24127362589748422,-0.8728565347497094,-0.8026316253016504,-0.6660242411553101,-0.06514908227438711,0.04808383504740696,Steel,Basic Materials,STLD
2016Q3,2016,Q3,2016-11-09,2016-09-30,157397000.0,2101310000.0,283855000.0,0.64,408503000.0,0.1944039670491265,6787562000.0,2965917000.0,3136644000.0,794113000.0,3962200000.0,1275575000.0,2224963000.0,6091587390.0,7627090390.0,12.167315526273686,3.9498711140605933,0.3811371446772788,0.8722401874361285,0.03244208956544669,12.167315526273686,0.0530685787903033,2.8989475089349024,9.675513812207347,2.053863068319174,0.2168020991505556,1.3270932716617996,0.00560182392786784,0.30958243917329964,2.305651714554478,0.023189033116750905,44.605446377575674,0.1944039670491265,0.10344827586206906,2.2606288182794683,-0.07751784159634424,0.1560273497860467,0.07392549088681671,0.10867161140812431,0.10828042885812231,1.4815153528176015,-0.0038049920366428616,0.07849319760440897,Steel,Basic Materials,STLD
2016Q2,2016,Q2,2016-08-05,2016-06-30,141969000.0,2023902000.0,256122000.0,0.58,380383000.0,0.1879453649435595,6629676000.0,2835837000.0,3050457000.0,779224000.0,3931410000.0,1175716000.0,2101729000.0,5969547500.0,7508114500.0,11.638739200919332,3.9147369690871945,0.3908536405097323,0.9137453950985194,0.02995104089333797,11.638739200919332,0.05006246832945617,2.9495239888097347,10.512061612042066,2.1050390061205917,0.24012284371940354,1.3978877552061892,0.005710650597888701,0.305279172013836,2.3698820878207036,0.021414168656205823,48.816279050749884,0.1879453649435595,1.2307692307692306,0.28975875556701525,-0.12731315857260814,0.11738900337882924,0.6115465437475639,1.2629229959991712,0.9408327965748494,3.4360977115455187,0.016646408350514598,0.0477768551011601,Steel,Basic Materials,STLD
2016Q1,2016,Q1,2016-05-06,2016-03-31,62737000.0,1741301000.0,131965000.0,0.26,236036000.0,0.1355515215347605,6391642000.0,2717209000.0,2774233000.0,673046000.0,3810476000.0,1066823000.0,1993910000.0,5474477020.0,7095824020.0,11.172642494716326,4.121906972183179,0.4065149456117849,0.9562378160826054,0.01574028904126109,11.172642494716326,0.023088764979064917,3.143900462929729,21.815184898863514,2.0147427084188227,0.5327796993799512,1.4109791408696664,0.006105606047461315,0.2724340631092918,2.475539561931874,0.00981547464642106,20.95966943730833,0.1355515215347605,1.25,-0.46900687466274943,-0.22578173343044688,0.11177098126034263,0.6367860090009501,1.2477383025521345,1.3462348777230593,0.1770292206502614,-0.1228240770689189,0.007704576021528217,Steel,Basic Materials,STLD
2015Q4,2015,Q4,2016-02-26,2015-12-31,-253239000.0,1591046000.0,-381143000.0,-1.04,144207000.0,0.09063660007315942,6202082000.0,2679727000.0,2537941000.0,535290000.0,3656971000.0,1149390000.0,1965291000.0,4334511460.0,6202135460.0,11.0477782633432,4.741244932653328,0.4183524177848664,0.9682538557099286,-0.04431958950531255,11.0477782633432,-0.09450179066748217,2.724315613753468,-4.279071805685539,1.6175197921280788,-0.13144894743700614,1.2587885748092467,0.007679758216627255,0.2565341767490336,2.5045059687272317,-0.04083128858986385,14.34589403031015,0.09063660007315942,-5.16,-30.208321406071793,-0.06427927133199404,0.1507295145817518,-0.36952073660187296,-5.177689427058416,-3.908844606919079,-4.780767422599658,-0.15613647775448344,0.007408534712115064,Steel,Basic Materials,STLD
2015Q3,2015,Q3,2015-11-06,2015-09-30,60617000.0,1950923000.0,131029000.0,0.25,228726000.0,0.11723989106694627,6842541000.0,2959896000.0,2651795000.0,677858000.0,4013096000.0,1321397000.0,2250901000.0,4158831320.0,6332444320.0,12.227236299643911,3.9120213968117215,0.38690349096921745,0.8944243311251476,0.01467973500337529,12.227236299643911,0.020479435763959275,2.1317249937593643,17.152083243974463,1.4050599480522288,0.5490538957718132,1.303315354885776,0.008002728997433827,0.28511674244991736,1.8777015245080828,0.008858843520265352,31.01476091041971,0.11723989106694627,0.923076923076923,1.8978442430497844,0.10335012763042903,0.2678360060713493,0.3317922710095899,0.9212995245641838,0.689410642220761,3.277015421090089,0.04317629469835945,0.13418188624972174,Steel,Basic Materials,STLD
2015Q2,2015,Q2,2015-08-10,2015-06-30,31550000.0,2005007000.0,77559000.0,0.13,171743000.0,0.08565705755640754,6826763000.0,2927413000.0,2591392000.0,698588000.0,4028035000.0,1292069000.0,2223599000.0,5010958500.0,7246206500.0,12.101748656469615,3.7094711045709343,0.3888591122908471,0.9068242164668942,0.008456879807676357,12.101748656469615,0.010777433863961116,2.4992224466049247,39.706485736925515,1.7117360960001202,1.0533438985736925,1.4188592095313795,0.006632064504226087,0.29369805279603234,1.7691729603142339,0.004621516815509781,17.496913310823317,0.08565705755640754,0.0,-0.4257972997839156,0.09970429840469071,0.25800682453165114,-0.08179446327562793,0.025649361204122104,-0.2226298222930511,-0.3574200944566911,-0.049084864969256674,0.11815744440279285,Steel,Basic Materials,STLD
2015Q1,2015,Q1,2015-05-11,2015-03-31,30761000.0,2047435000.0,99771000.0,0.13,187042000.0,0.09135430428804822,6735838000.0,2918077000.0,2452225000.0,618334000.0,3939085000.0,1453242000.0,2225354000.0,4854853500.0,7348042500.0,12.081383650402634,3.9658582578347623,0.3940372378314324,0.9095616736638547,0.011918672432901276,12.081383650402634,0.010541531289270297,2.3711880963254024,39.45623923149443,1.6637167216629307,0.9026364552517798,1.2801673774911542,0.005719225101231169,0.3039614373148523,1.5052107760530717,0.004566766599790553,24.110796301078686,0.09135430428804822,1.6842105263157894,-0.5760266207181243,0.17842912757234752,0.27808173110382356,-0.3586193180259512,1.6831071928227221,2.2293124691966484,-0.38937018675108753,-0.06340072138319013,0.12767352729474055,Steel,Basic Materials,STLD
2014Q4,2014,Q4,2015-03-02,2014-12-31,-45031000.0,2517093000.0,-81160000.0,-0.19,291624000.0,0.1158574593787357,7311027000.0,2913015000.0,2973765000.0,850582000.0,4515500000.0,1618419000.0,2227843000.0,4754773800.0,7417576800.0,12.093722755013077,3.4961532221467184,0.4136444852412664,1.0381566864571588,-0.010548405343237421,12.093722755013077,-0.015458554109745401,1.888994089610515,-26.397225244831336,1.63225173917745,-0.6138437964957474,1.3750882805997706,0.005813525766462329,0.3442871979545418,1.4862623474279963,-0.006159326179482035,16.35617849206404,0.1158574593787357,-1.5000000000000002,-2.517189269358346,0.9157190332721209,0.3155564201331251,0.010786379769299024,-1.4939071874348766,-1.4302306473073478,-2.3555482434788377,0.2314772358099777,0.14358565630853454,Steel,Basic Materials,STLD
2014Q3,2014,Q3,2014-11-10,2014-09-30,91173000.0,2339016000.0,188643000.0,0.38,288512000.0,0.12334759574111506,7578283000.0,2978084000.0,2930136000.0,1041540000.0,4666634000.0,1664212000.0,2300660000.0,5428367070.0,8330628070.0,12.404186815612674,2.813272653954721,0.40402977824924197,1.0281281521944983,0.02032983132673213,12.404186815612674,0.030614650224775393,2.320790909510666,14.884798871376393,1.8227716444532793,0.3022386013403091,1.2321170620089268,0.00507629636033438,0.30864722259646415,1.1696708719780324,0.012030825452150572,24.15903953394187,0.12334759574111506,0.22580645161290325,0.18416936468835138,0.7887222277441901,0.35380001464680283,0.29510573638399973,0.26098502136840795,0.43014290587923126,0.9176384782343485,0.042549341988792455,0.17853269932380259,Steel,Basic Materials,STLD
2014Q2,2014,Q2,2014-08-08,2014-06-30,72303000.0,2069761000.0,131905000.0,0.31,222771000.0,0.10763126757147323,5985202000.0,2897897000.0,2630186000.0,713223000.0,3150172000.0,1320871000.0,2237147000.0,4060649000.0,5507048000.0,12.810083104942091,3.6877470300312805,0.3013914985659632,0.622482096499634,0.017963167987486057,12.810083104942091,0.024950162134817076,1.961892701621105,14.04038905716222,1.4012399336484354,0.354978354978355,1.3983121743152813,0.006320664504614903,0.34581305693609005,1.7782460745096555,0.012080294031847212,95.58966572504708,0.10763126757147323,0.8235294117647057,4.794510181139653,1.1927211980363692,0.272928798452286,0.3641490716700142,0.8741543326680319,0.6298250383037611,-0.29251765151768033,-0.0387563645668893,0.22984506712725256,Steel,Basic Materials,STLD
2014Q1,2014,Q1,2014-05-08,2014-03-31,38579000.0,1830082000.0,80932000.0,0.17,163304000.0,0.08923316004419474,5913857000.0,2568795000.0,2528354000.0,951431000.0,3401361000.0,1332101000.0,2192413000.0,3967365690.0,5723196690.0,11.518691903089982,2.657422345918937,0.35488683612065697,0.8170173174581856,0.011458210738384114,11.518691903089982,0.015018325713028871,2.1678622542596453,25.709360597734516,1.5444462053219505,0.6354493377225952,1.251239958531673,0.0061791631817030715,0.30945658645449153,1.2129297868158595,0.00652349219806972,-76.16659672093381,0.08923316004419474,-0.2916666666666666,1.3583397481907007,0.8333466549948828,0.36223405553572896,-0.17521566092244287,-0.2941359436465099,-0.24939251729702658,-0.643912298724419,-0.11263770589566949,0.146205779518148,Steel,Basic Materials,STLD
2013Q4,2013,Q4,2014-03-03,2013-12-31,54655000.0,1864150000.0,107822000.0,0.24,197996000.0,0.1062124829010541,5933006000.0,2547323000.0,2473634000.0,975178000.0,3437151000.0,1314747000.0,2179513000.0,4343214420.0,6055647420.0,11.460334813495116,2.536597421188747,0.3552312268013887,0.8273740707401457,0.014400738196485153,11.460334813495116,0.021455857776968214,2.3298631655177964,19.866500869087915,1.7050112686926628,0.4454853169883817,1.2672810814552153,0.00560598617647802,0.31419991822020743,1.144156246346821,0.009212025067899813,164.6092256964184,0.1062124829010541,-0.040000000000000036,1.5413160175381508,0.2610270943058727,0.2844380307830176,0.004077244512961986,-0.04924677312737014,-0.048122677072206084,5.879150318977575,0.1963913415469945,0.19370114085606238,Steel,Basic Materials,STLD
2013Q3,2013,Q3,2013-11-08,2013-09-30,57486000.0,1911738000.0,113273000.0,0.25,197192000.0,0.10314802551395641,5874305000.0,2492437000.0,2385315000.0,954202000.0,3426571000.0,1192032000.0,2149389000.0,3693882719.9999995,5432786720.0,11.281773082389579,2.4998008807359446,0.359014385531565,0.8461437540848575,0.014944888394720012,11.281773082389579,0.02306417373839339,1.932211798897129,16.064270952927668,1.4820365449558002,0.4222593327070939,1.4383389036535932,0.006571405169030381,0.32544071170972566,1.1977851649860303,0.009786008727840996,28.175209909690015,0.10314802551395641,0.923076923076923,-0.7366418901063183,-0.3407047855731052,0.26702778457644283,0.33515694824364217,0.9851509082118931,0.6369403739992485,2.011230547321505,0.1846850572289403,0.1698013987508046,Steel,Basic Materials,STLD
2013Q2,2013,Q2,2013-08-07,2013-06-30,28958000.0,1801340000.0,69198000.0,0.13,147692000.0,0.08199007405598055,5735910000.0,2448999000.0,2242089000.0,869849000.0,3325173000.0,1168499000.0,2116262000.0,3366592170.0,5221323170.0,11.10803234892571,2.577561162914483,0.36585023126234545,0.8568741759388223,0.00908540171425864,11.10803234892571,0.011824422958114724,1.8689376630730457,29.064439619448855,1.3746809084038007,0.8370053180468264,1.4151899145827254,0.007199565250578005,0.3140460711552308,1.1690304869006,0.00504854504341944,-203.776537134556,0.08199007405598055,-0.38095238095238093,-0.8812229503478041,-0.35304221910984324,0.06383383461180264,-0.16209776244723823,-0.39939852742922327,-0.28092526394546513,-0.4217457584282193,0.08402704833814574,0.15470754671444742,Steel,Basic Materials,STLD
2013Q1,2013,Q1,2013-05-09,2013-03-31,48215000.0,1795696000.0,96232000.0,0.21,176264000.0,0.09815915388796322,5956574000.0,2439133000.0,2448941000.0,814687000.0,3549984000.0,1170159000.0,2111597000.0,3394522850.0,5217457850.0,11.087220164094639,3.0059900305270615,0.386261632945381,0.9432843555476474,0.013368372593247895,11.087220164094639,0.01976726976347743,1.890366103171138,17.600968837498705,1.3916923964375867,0.45529399564450895,1.3839418403823753,0.00646688826973134,0.3014645667123417,1.5112085991307092,0.008094418032916237,-217.09662637503197,0.09815915388796322,-0.2222222222222223,-0.7093754989938649,-0.18882585965061077,0.29693260361502494,-0.02128297528554057,-0.20399200937742484,0.013726047888421872,-0.27039538658222695,0.13473231281484221,0.17290982146594125,Steel,Basic Materials,STLD
2012Q4,2012,Q4,2013-02-27,2012-12-31,60571000.0,1705001000.0,94929000.0,0.27,180097000.0,0.1056286770506293,5815416000.0,2405465000.0,2296225000.0,609677000.0,3437574000.0,1202507000.0,2087620000.0,3011620580.0,4837940580.0,10.966532327920271,3.7662975641200176,0.37868950389791545,0.9155140482193671,0.017761955751980807,10.966532327920271,0.02518057839128817,1.7663453452519968,12.430125720229153,1.2519910204471902,0.3619388816430305,1.2681040526167415,0.00727946944764204,0.2931864203695832,1.7233600742688342,0.01041559193701706,21.288201514112632,0.1056286770506293,3.5000000000000004,-0.46661985186872035,0.012671858850984718,0.35568122381808476,0.1515079826855327,3.7199407776825373,0.30538633957178807,1.2410209078172252,0.42498464267862757,0.19294052814404697,Steel,Basic Materials,STLD
2012Q3,2012,Q3,2012-11-07,2012-09-30,12833000.0,1693390000.0,72721000.0,0.06,156401000.0,0.09235970449807782,5775516000.0,2363025000.0,2262224000.0,605399000.0,3342688000.0,1209079000.0,2049011000.0,2474666390.0,4391585390.0,10.780666176987193,3.736748821851374,0.38161767710452194,0.9327192898932513,0.013462045932080283,10.780666176987193,0.005430750838438019,1.4613682553930283,48.20903900101301,1.0472451159001703,1.7077066936803553,1.2712064306798811,0.008855739136619543,0.29320150788258575,1.6531394997348856,0.002221965968062421,41.92644331119545,0.09235970449807782,-0.7000000000000001,-0.8955358557487925,0.1988769588116448,0.7916749865300585,-0.14129551543901261,-0.7114364094261558,-0.2987299781097214,-0.8174332445955783,0.41844541868897234,0.1766080473681319,Steel,Basic Materials,STLD
2012Q2,2012,Q2,2012-08-07,2012-06-30,44472000.0,1909803000.0,103699000.0,0.2,182136000.0,0.095368998792022,5971380000.0,2371349000.0,2458344000.0,1019449000.0,3539820000.0,1252153000.0,2058108000.0,2567898880.0,4514969880.0,10.82293796553235,2.4114438289703557,0.396559756706155,0.9985915190045834,0.013336570015126623,10.82293796553235,0.018753882283881453,1.3445883580662508,14.435481201654975,1.0828852606680839,0.49262457276488575,1.3797571063600056,0.008531488591949538,0.3198260703555962,1.1412616030816647,0.007447524692784583,56.0517512496453,0.095368998792022,0.0,-0.596272577590509,0.7873655089292704,0.7078444480354718,-0.09503935129978536,-0.02633825944170772,-0.13451458903652266,3.409720974839643,1.0889713265183818,0.07546760683181399,Steel,Basic Materials,STLD
2012Q1,2012,Q1,2012-05-09,2012-03-31,45675000.0,1982040000.0,119816000.0,0.2,201264000.0,0.10154386389780226,6043627000.0,2346224000.0,2526857000.0,1121868000.0,3637142000.0,1270941000.0,2035569000.0,3184201840.0,5198044840.0,10.713547279402363,2.2523656972121495,0.39242196780178523,1.0108378398652473,0.015498655529276092,10.713547279402363,0.019467450678196115,1.6065275372848176,17.428581499726327,1.3571602029473742,0.47918992884510125,1.4011476535889549,0.006873622056571641,0.3279553817599928,1.0828350572438112,0.0075575478102801515,-131.93842048562195,0.10154386389780226,0.4501605800748271,-0.6067462081505285,1.013957456637289,0.6845661024644691,0.256839541636744,0.5122669933450319,0.4524912110558856,1.4320287779876664,1.021978617141641,0.26701530715297644,Steel,Basic Materials,STLD
2011Q4,2011,Q4,2012-02-27,2011-12-31,30203000.0,1858345000.0,82490000.0,0.1379157610184661,160135000.0,0.08617075946608407,5979226000.0,2315941000.0,2455258000.0,1100417000.0,3608632000.0,1199584000.0,2011801000.0,2879797400.0,4869136400.0,10.575266214908035,2.2312068970217656,0.3980615551243589,1.0277032100558694,0.011040871696142162,10.575266214908035,0.013041351226132272,1.549657033543287,23.83701453497997,1.2434675149323753,0.7240671456477833,1.4156657641315655,0.007593936990150765,0.3108002607695377,1.104221399705748,0.005051322696282094,153.6219673530353,0.08617075946608407,-0.2741275735870206,-0.747139998891086,0.9464476351017247,0.6547164680191866,-0.19628293089343163,-0.3025355625346388,-0.24171531001516752,1.3036138582773193,0.2759111565462633,0.18524234528363606,Steel,Basic Materials,STLD
2011Q3,2011,Q3,2011-11-08,2011-09-30,43304000.0,2043455000.0,108785000.0,0.19,199243000.0,0.09750300349163549,6003481000.0,2301568000.0,2496227000.0,717467000.0,3656451000.0,1158848000.0,2003486000.0,2169246080.0,4092812080.0,10.525110438369445,3.4792220408743537,0.39647997553419423,1.0341906039708582,0.013698497254117049,10.525110438369445,0.018814999165786106,1.0615580377351104,12.523358581193424,0.9425079250319781,0.5049187142065398,1.5914183741094605,0.010079538786120567,0.34037835715645637,1.8078615462453325,0.00721314850500901,11.767827837059299,0.09750300349163549,-0.5581395348837209,-0.6674475373883778,1.0431628196003868,0.7895792571708484,-0.27911326912361695,-0.5613007800628103,-0.42202965694217903,-0.7995701966054994,-0.28802243446879777,0.18204889105295072,Steel,Basic Materials,STLD
2011Q2,2011,Q2,2011-08-05,2011-06-30,98710000.0,2079731000.0,188219000.0,0.43,276386000.0,0.13289507152607716,5900453000.0,2275899000.0,2373859000.0,670846000.0,3588965000.0,1195194000.0,1982051000.0,3550625000.0,5652279000.0,10.416013729977116,3.5386049853468604,0.40324785232591465,1.0454528078794358,0.025976180385365904,10.416013729977116,0.043371871950380926,1.7072520436537226,8.992566609259447,1.5600977899282877,0.22115287204943776,1.5088303656142852,0.006148213342721352,0.352469717155615,1.7029049886263017,0.016729224010427673,27.099663412735364,0.13289507152607716,-0.06521739130434788,-0.10027217441243233,1.2359813959426142,0.6404930811422843,-0.06548685732061105,-0.06792064436323805,-0.0833162872699999,-0.5914688728632889,-0.24631921432366363,-0.002441883525626505,Steel,Basic Materials,STLD
2011Q1,2011,Q1,2011-05-06,2011-03-31,105903000.0,2015969000.0,205326000.0,0.46,295754000.0,0.14670562890600003,5827605000.0,2190691000.0,2277120000.0,689644000.0,3599911000.0,1186168000.0,1905207000.0,4091709840.0,6310395840.0,10.049410070094316,3.3018774904153445,0.4083145649027345,1.0861851351925031,0.02811680051341071,10.049410070094316,0.04834228104283078,2.0296491860737937,9.65909804254837,1.8677713287725195,0.154084397986837,1.4502288040142712,0.003988063826148532,0.345934393288495,1.5240210891416441,0.018172645537918235,-277.29126050420166,0.14670562890600003,11.869137577002054,0.11197017457470074,1.417506033522938,0.8005569735746358,1.2126013705598946,12.591247433264886,3.385339911578138,-0.3557853885511974,-0.08095371041613203,0.17553429751584218,Steel,Basic Materials,STLD
2010Q4,2010,Q4,2011-02-23,2010-12-31,7792000.0,1528134000.0,46821000.0,0.03574443098829315,133668000.0,0.0874713866715877,5589934000.0,2092870000.0,2000003000.0,561317000.0,3458805000.0,1114063000.0,1821133000.0,3989253600.0,6189561600.0,9.600673419208045,3.5630543881621257,0.42698554222643775,1.1404535398758642,0.00532900545508664,9.600673419208045,0.0037231170593491235,2.6105391281131105,127.99196611909652,1.906116290070573,2.0888090349075976,1.2516940244851502,0.004079961223823925,0.273372458422586,1.5071929052567443,0.0013939341680957234,-80.21502453148878,0.0874713866715877,-0.6028396556856317,-0.9041846464531744,1.142079240481671,0.8993417430054349,-0.04202620187483875,-0.5842270956725895,-0.3214347826086957,-0.9309585011791566,-0.08673943463306177,0.18683393266374576,Steel,Basic Materials,STLD
2010Q3,2010,Q3,2010-11-05,2010-09-30,18741000.0,1584164000.0,69000000.0,0.09,139532000.0,0.08807926452059256,5610459000.0,2091639000.0,2010022000.0,595452000.0,3506783000.0,1008309000.0,1829659000.0,3060190910.0,5207948910.0,9.644178143774697,3.3756238957968066,0.43095867913837355,1.155971943533277,0.00759631905014462,9.644178143774697,0.00895995915165093,1.9317387025585735,40.82214009391174,1.4630588308976835,0.8676164558988314,1.4327274674727688,0.005313393993448599,0.2823590725821185,1.6046230426633885,0.0033403684083601714,46.938323056629244,0.08807926452059256,-0.5909090909090909,-0.6716334747653873,1.5273700893127389,1.0352351441983079,-0.27321026752229355,-0.6191395533155852,-0.4084108543747589,-0.8458182295390821,0.13349334211639802,0.60279823734139,Steel,Basic Materials,STLD
2010Q2,2010,Q2,2010-08-04,2010-06-30,49207000.0,1632799000.0,116635000.0,0.22,191984000.0,0.11757968984547394,5545805000.0,2083981000.0,1910116000.0,554298000.0,3448206000.0,1017874000.0,1827194000.0,2857415650.0,5073842650.0,9.619779813972812,3.4460091863943223,0.4342056743791028,1.1554903811503079,0.015840409428323557,9.619779813972812,0.023612019495379277,1.7500106565474378,14.517322992663646,1.3711332540939671,0.3298920885239905,1.4155141009594507,0.005681007591597674,0.2944205575205042,1.5437905242306484,0.008872832708687016,-132.23266463047804,0.11757968984547394,-0.24137931034482754,-0.2017756948521889,1.4584844672409485,1.1903622815396298,-0.087883999581912,-0.24260801305237883,-0.11838514856723886,-0.5481959091110046,0.5455363016570717,0.5179877773427735,Steel,Basic Materials,STLD
2010Q1,2010,Q1,2010-05-07,2010-03-31,64969000.0,1555790000.0,132297000.0,0.29,210482000.0,0.1352894670874604,5582122000.0,2044478000.0,1934753000.0,640011000.0,3524227000.0,900889000.0,1794247000.0,3778481479.9999995,5959172480.0,9.45274731371715,3.022999604694294,0.43105417617171393,1.1769248678635817,0.01925393448038909,9.45274731371715,0.03177779364708253,2.428657775149602,14.539555326386429,1.8481399555289906,0.2493496898520833,1.493311606646324,0.004287436655637651,0.2787094226890777,1.5627668899440792,0.01163876389659703,89.83978030339054,0.1352894670874604,1.3534711643090314,-0.05692069724403414,1.4050262891320398,1.1501207803064042,0.3652325634190163,1.4377696896926944,0.6874186882987678,-0.43361422860273696,0.6006657141420887,0.4863216901524947,Steel,Basic Materials,STLD
2009Q4,2009,Q4,2010-02-22,2009-12-31,26651000.0,1179802000.0,78402000.0,0.12322224482624697,154173000.0,0.13067701190538752,5129872000.0,1988268000.0,1456803000.0,595561000.0,3126607000.0,852831000.0,1745511000.0,3832552479.9999995,6046298480.0,9.192857539161473,2.446102078544431,0.4332961914059454,1.1179348055694704,0.010670371658169852,9.192857539161473,0.01340412861847598,3.2484709129158955,35.951300889272446,1.927583444485351,0.6066188885970508,1.2026169311387602,0.004218337539894561,0.22998663514411274,0.9614867326772573,0.005195256333881235,-59.536645488015154,0.13067701190538752,-0.5892591839125101,-0.7148159646339927,0.7336899674013757,1.0706669556008215,-0.28851878002519693,-0.613854356834449,-0.4718554645397715,-0.774079650263933,0.25123043186023103,0.43841038599680365,Steel,Basic Materials,STLD
2009Q3,2009,Q3,2009-11-06,2009-09-30,69018000.0,1172196000.0,148448000.0,0.3,216693000.0,0.18486072295076933,5108964000.0,1971934000.0,1468776000.0,638887000.0,3120881000.0,835079000.0,1735060000.0,3301444120.0,5430558120.0,9.162495702032357,2.298960536057237,0.4183251242326233,1.08381314993301,0.02138730335223856,9.162495702032357,0.03500015720607282,2.8164608307825656,11.958634414210787,1.6742163378693202,0.23341736938190039,1.1442067157718012,0.0048796827734888335,0.22943908001700541,0.9097790376075895,0.013509196776489324,80.48376694295466,0.18486072295076933,4.75,-0.4398686232592393,0.70279773791278,1.225227507262367,2.1479146389296453,5.316052779688575,22.623169955442393,-0.46146605599489604,0.19084898712120213,0.5578945559087539,Steel,Basic Materials,STLD
2009Q2,2009,Q2,2009-08-07,2009-06-30,-15991000.0,792158000.0,6284000.0,-0.08,68837000.0,0.0868980683146544,4881812000.0,1910530000.0,1301531000.0,488389000.0,2957329000.0,738470000.0,1682208000.0,2809750400.0,4936474400.0,10.063471830095656,2.6649474087254217,0.439373945575946,1.1226942262094812,0.0008115227059470516,10.063471830095656,-0.00836992876322277,3.5469570464478046,-43.927058970671006,1.470665417449608,-1.1389531611531487,0.9794859642233266,0.00648207043586505,0.16226720734022532,1.0419255961948366,-0.003275627984035436,-1873.1669333333334,0.0868980683146544,0.8333333333333333,-1.247038872881954,0.5666156854555665,1.8266151670922144,2.694365815836759,0.8179986797477863,1.055315440613364,-1.1677532868947007,-0.019791988274000888,0.584968716201805,Steel,Basic Materials,STLD
2009Q1,2009,Q1,2009-05-11,2009-03-31,-87862000.0,814650000.0,-113603000.0,-0.48,-40627000.0,-0.04987049653225312,4926079000.0,1538944000.0,1366811000.0,729650000.0,3387135000.0,833074000.0,1714310000.0,1603420000.0,4101817000.0,8.455736263736263,1.8732419653258412,0.5104392357491627,1.6338892123430093,-0.0168742677684528,8.455736263736263,-0.057092395824669386,1.968231755968821,-4.562325009674262,1.0418962613324463,-0.20693815301267898,1.0266518940694345,0.011339511793541304,0.16537493613074414,0.6460371410950456,-0.017836092356618722,11.423869133709042,-0.04987049653225312,-0.05669323721166519,-3.957207641491854,1.2813428565993352,1.6278697941306932,0.006941898266969763,-0.06276535265443374,-0.2490022538617998,-2.1049818094435646,0.17010260665840213,0.5150177761862765,Steel,Basic Materials,STLD
2008Q4,2008,Q4,2009-02-27,2008-12-31,-82673000.0,1210434000.0,-90955000.0,-0.45424725274725275,-40911000.0,-0.03379862099048771,5253577000.0,1623886000.0,1709915000.0,970981000.0,3621264000.0,1023235000.0,1820385000.0,2034760000.0,4668911000.0,8.922450549450549,1.761017980784382,0.5044913208657644,1.6321244225271971,-0.013257170896752981,8.922450549450549,-0.05091059347762097,1.6810168914620707,-6.153036662513759,1.2530189927125428,-0.2214870634911035,1.2229302164214477,0.00899909571644813,0.23040187666422327,0.6235817178708956,-0.01573651628214453,6.216690192052697,-0.03379862099048771,-1.4635176048441354,-6.309938570713423,3.6644732468992536,1.9748136568888737,-1.091892292556704,-1.4283397579374948,-1.270552855298618,-2.2176403405024683,1.0322838960335718,0.7651660501822526,Steel,Basic Materials,STLD
2008Q3,2008,Q3,2008-11-07,2008-09-30,193008000.0,2563943000.0,336182000.0,0.98,445206000.0,0.1736411456884962,6054879000.0,1739394000.0,2575775000.0,1674710000.0,4306546000.0,1356992000.0,1921240000.0,3338480230.0,6192332230.0,8.904124455456188,1.5380424073421668,0.47498670080772876,1.653441945873103,0.04578186767327329,8.904124455456188,0.11096278359014691,1.3020883186560699,4.324277011833706,1.919335256991803,0.10268486280361436,1.5613481877564495,0.00593653358252776,0.4234507411295915,0.6835708868998215,0.031876442122129936,-86.93732533006953,0.1736411456884962,-0.06666666666666672,19.552583838188582,8.881220998139018,2.0481944742888,-0.07182037089157832,-0.0830712514370956,-0.06115655396404724,2.754535267220208,3.541421677842583,0.8790597550043983,Steel,Basic Materials,STLD
2008Q2,2008,Q2,2008-08-08,2008-06-30,210494000.0,2403939000.0,358081000.0,1.05,479655000.0,0.19952877340065617,6043589000.0,1987552000.0,2627538000.0,1395509000.0,4043733000.0,1201640000.0,1746544000.0,7437013570.0,9858201570.0,10.441510682896334,1.8828527798817492,0.4197163308093916,1.2762398166186344,0.04907222500583615,10.441510682896334,0.10590615993946322,3.0936781548949455,8.832809450625671,3.741795721571058,0.08971277091033474,1.6013814453580106,0.002539191279168259,0.39776679056103914,0.9673997086367769,0.03482930424289276,-161.9065086863761,0.19952877340065617,0.4583333333333334,37.81571809480621,10.009749789859915,2.6490169238386216,0.38106124517360623,0.47656025309174577,0.4213398853658924,2.886075563663201,3.1193780168181786,1.3774651399909754,Steel,Basic Materials,STLD
2008Q1,2008,Q1,2008-05-07,2008-03-31,142557000.0,1902205000.0,251932000.0,0.72,347309000.0,0.1825823189403876,4821612000.0,1616057000.0,1927542000.0,1009980000.0,3194042000.0,894759000.0,1555860000.0,6245848560.0,8204871560.0,8.548802099037765,1.9084952177270837,0.41851397416465697,1.2486638775736252,0.04298264485724836,8.548802099037765,0.08821285387829761,3.283478152985614,10.953247753530167,3.8648689742997924,0.10012836970474968,1.7377819055186927,0.002285358004261314,0.39451639825021173,0.9493306798154418,0.02956625294611014,52.12170839174845,0.1825823189403876,0.3907027689792581,8.100416144282658,7.135489473432705,2.0221484162896455,0.3659707855800014,0.4565954838050475,0.413315680818598,1.3675739923078416,2.364334373716394,0.944509509229658,Steel,Basic Materials,STLD
2007Q4,2007,Q4,2008-02-27,2007-12-31,97870000.0,1451034000.0,178256000.0,0.5177238559239099,254258000.0,0.17522539099704074,4519453000.0,1529196000.0,1696229000.0,904526000.0,2979219000.0,904398000.0,1432196000.0,5630526615.0,7631885615.0,8.089314903273928,1.8752683726062047,0.4491351055094499,1.3273936107601643,0.03130317648428378,8.089314903273928,0.06400095213432418,3.8803547091246657,14.382667352099723,3.6820176190625657,0.13362623888832123,1.3232846600722248,0.0023226957075666004,0.3210640756746447,0.8209924313950069,0.021655275538876053,-94.60366979182419,0.17522539099704074,-0.02316253599262287,2.355459631810748,5.010641519244671,1.9525704766379806,0.11296514350998682,-0.02705013370977523,0.024889752597354063,0.1982136719374269,1.439567720896354,0.8220968825310935,Steel,Basic Materials,STLD
2007Q3,2007,Q3,2007-11-09,2007-09-30,100591000.0,1156593000.0,173927000.0,0.53,228451000.0,0.19752064900963434,3095301000.0,1079959000.0,1290146000.0,672778000.0,2014366000.0,744534000.0,1348576000.0,4254620809.9999995,5445278810.0,6.017088064541291,1.9176399941734124,0.388159019106704,1.1125135306062546,0.04795098951812843,6.017088064541291,0.09314335081239195,3.6785808058668863,10.574059334334084,3.9396132723557096,0.13757692040043343,1.2466079453725418,0.003252698799261502,0.37366091375281435,0.7465583000633196,0.0324979703104803,28.314305555555553,0.19752064900963434,0.11578947368421064,2.6588758629048974,4.091594690322908,1.3254056767326547,0.05480141470666999,0.0707777139085819,0.03737921984969581,-0.021086433198917044,1.0146568274115937,0.461325637715434,Steel,Basic Materials,STLD
2007Q2,2007,Q2,2007-08-08,2007-06-30,93942000.0,911248000.0,167660000.0,0.475,216582000.0,0.23767624181342512,2575886000.0,1184155000.0,1226553000.0,580402000.0,1390862000.0,726236000.0,1261085000.0,3915609389.9999995,4673346390.0,6.337191878324717,2.113281828801417,0.2989064733454819,0.6502096431632683,0.05411693061484172,6.337191878324717,0.07933251981370681,4.296974467982371,10.42028429775819,3.306669642065439,0.15092290988056462,0.9565292824921926,0.0036208923280776997,0.35376099718698734,0.7827953728622575,0.036469781659592075,-25.71862612316746,0.23767624181342512,-0.05940594059405946,4.37944384388029,3.328028723207905,1.593172972703464,0.0008271604367776787,-0.0804784464194824,-0.021312116559940694,0.4744967038196265,0.8309714662397698,0.7799823939961262,Steel,Basic Materials,STLD
2007Q1,2007,Q1,2007-05-07,2007-03-31,102164000.0,865674000.0,171311000.0,0.505,216403000.0,0.24998209487636222,2341392000.0,1225106000.0,1100732000.0,501429000.0,1115243000.0,626218000.0,1180700000.0,4160851200.0000005,4585898200.0,6.359825989451389,2.1951901465611283,0.1936365204972085,0.3700732834546562,0.06327922850300464,6.359825989451389,0.08339196771544666,4.806487430603207,10.181793978309386,3.396319338898022,0.14238870835127834,1.0368130587111837,0.003496159631952231,0.36972621414953155,0.8980533634871537,0.04363387249977791,44.027376039616534,0.24998209487636222,-0.074113795138294,16.14912408231612,3.959115985907912,1.6386275851487453,-0.05561083326787288,-0.027620733634096662,-0.022610312995652523,2.248789535126848,1.290428955790722,0.9765037712070169,Steel,Basic Materials,STLD
