Quarters,Year,Quarter,FillingDate,Date,NetIncome,Revenue,OperatingIncome,EPSDiluted,GrossProfit,GrossProfitRatio,TotalAssets,CommonStockEquity,CurrentAssets,CurrentLiability,TotalLiability,Inventory,RetainedEarnings,MarketCap,EnterpriseValue,bookValuePerShare,currentRatio,debtToAssets,debtToEquity,roic,shareholdersEquityPerShare,roe,priceToSalesRatio,peRatio,pbRatio,payoutRatio,inventoryTurnover,dividendYield,assetTurnover,quickRatio,returnOnAssets,priceToFreeCashFlowsRatio,grossProfitMargin,epsdilutedGrowth,fiveYNetIncomeGrowthPerShare,fiveYRevenueGrowthPerShare,fiveYShareholdersEquityGrowthPerShare,grossProfitGrowth,netIncomeGrowth,operatingIncomeGrowth,threeYNetIncomeGrowthPerShare,threeYRevenueGrowthPerShare,threeYShareholdersEquityGrowthPerShare,Industry,Sector,Symbol
2020Q2,2020,Q2,2020-06-30,2020-06-30,434500.0,2859000.0,-361000.0,0.07596618674219577,809500.0,0.28314095837705494,19635000.0,14064000.0,9995000.0,4699000.0,4829000.0,205000.0,3916000.0,7000851.6,2275851.5999999996,2.4588917154021663,2.12704830815067,0.014769544181308887,0.020620022753128554,-0.023097400671609994,2.4588917154021663,0.03089448236632537,2.448706400839454,4.028107940161105,0.4977852389078498,0.0,9.997560975609757,0.0,0.14560733384262797,1.456054479676527,0.022128851540616248,0.0,0.28314095837705494,0.0,1.5334898114395112,-0.7198510943800721,-0.25786526659575165,0.0,0.0,0.0,4.8307270815826,-0.7336670684488195,-0.25461069134888564,Pollution & Treatment Controls,Industrials,CLWT
2019Q4,2019,Q4,2020-03-11,2019-12-31,134000.0,8584000.0,36000.0,0.023428006958467737,2381000.0,0.27737651444547995,22213000.0,14459000.0,12010000.0,6660000.0,6876000.0,586000.0,4346000.0,5173423.425,133423.4249999998,2.527951885167799,1.8033033033033032,0.042812767298428846,0.06577218341517393,0.0014917470475839683,2.527951885167799,0.009267584203610207,0.6026821324557315,9.651909375,0.3577995314337091,0.0,10.585324232081911,0.0,0.3864403727546932,1.5421921921921922,0.006032503488947913,0.0,0.27737651444547995,0.0,4.447011617843748,-0.22112960208604174,-0.2666889416075942,0.0,0.0,0.0,-0.8426249097789884,-0.4208020900645963,-0.2408774222382411,Pollution & Treatment Controls,Industrials,CLWT
2019Q2,2019,Q2,2019-08-02,2019-06-30,-280000.0,8815000.0,-476000.0,-0.060354257939009864,2036000.0,0.23096993760635282,19358000.0,14315000.0,9817000.0,4184000.0,4184000.0,314000.0,4212000.0,5171399.8425,-1088600.1574999997,3.0856114371318792,2.3463193116634797,0.0,0.0,-0.03317266270811503,3.0856114371318792,-0.019559902200488997,0.5866590859330687,-4.617321287946429,0.3612574112818722,,21.589171974522294,,0.4553672900092985,1.9945028680688337,-0.01446430416365327,0.0,0.23096993760635282,0.0,-1.0046235672599704,-0.10391700074053553,-0.08616692040868487,0.0,0.0,0.0,0.417204196776436,-0.1588464993179342,-0.025297552572325962,Pollution & Treatment Controls,Industrials,CLWT
2018Q4,2018,Q4,2019-02-25,2018-12-31,-790000.0,10588000.0,-76000.0,-0.17028522775649213,2239000.0,0.21146581035134115,23065000.0,14589000.0,13533000.0,7520000.0,7520000.0,401000.0,4492000.0,3525849.0,-1741151.0,3.144672389543625,1.7996010638297872,0.0,0.0,-0.027163322659929694,3.144672389543625,-0.05415038727808623,0.33300425009444656,-1.115775,0.24167859346082665,,20.820448877805486,,0.4590505094298721,1.527127659574468,-0.03425102969867765,0.0,0.21146581035134115,0.0,-7.090971608212987,0.15353012663850926,-0.07870926087589122,0.0,0.0,0.0,-16.836526181353765,0.058073496019370306,-0.0345486193465037,Pollution & Treatment Controls,Industrials,CLWT
2018Q2,2018,Q2,2018-06-30,2018-06-30,878000.0,9516000.0,539000.0,0.18925432073218573,1460000.0,0.1534258091635141,22221000.0,15304000.0,8808000.0,5907000.0,5907000.0,481000.0,5246000.0,4948698.642,1683698.642,3.2988019641063446,1.4911122397155916,0.016245893524143826,0.023588604286461055,0.050380764691929945,3.2988019641063446,0.057370622059592265,0.5200397900378311,1.409082756833713,0.32335981717198115,,16.74844074844075,,0.42824355339543674,1.1748772642627392,0.03951217316952432,0.0,0.1534258091635141,0.0,6.866883942697758,0.01468401829675511,-0.024333473279830594,0.0,0.0,0.0,2.329081479687395,0.14960845635010134,-0.004366275728794156,Pollution & Treatment Controls,Industrials,CLWT
2017Q4,2017,Q4,2018-01-30,2017-12-31,437000.0,8643000.0,28000.0,0.09419575256909754,2518000.0,0.29133402753673493,23737000.0,15969000.0,9616000.0,6630000.0,6630000.0,496000.0,5811000.0,4095088.0425,812088.0425,3.442132660814459,1.4503770739064856,0.004086447318532249,0.006074268895985973,0.0019364565611297842,3.442132660814459,0.027365520696349177,0.47380400815688994,2.3427277131006865,0.2564398548750705,,12.348790322580646,,0.36411509457808483,1.1294117647058823,0.018410077094830855,0.0,0.29133402753673493,0.0,2.4129362885364634,-0.3167996257165645,0.010665964058043513,0.0,0.0,0.0,20.900512472315178,-0.03314947032210242,-0.0015023784911269425,Pollution & Treatment Controls,Industrials,CLWT
2017Q2,2017,Q2,2017-07-12,2017-06-30,-92000.0,8707000.0,-602000.0,-0.01983074886943176,1895000.0,0.21764097852302744,22221000.0,15304000.0,8808000.0,5907000.0,5907000.0,481000.0,5246000.0,15309558.0,12044558.0,3.2988019641063446,1.4911122397155916,0.016245893524143826,0.023588604286461055,-0.04004044257479296,3.2988019641063446,-0.0060115002613695765,1.7583045825198116,-41.6020597826087,1.0003631730266596,,14.162162162162161,,0.39183655101030557,1.1748772642627392,-0.004140227712524189,0.0,0.21764097852302744,0.0,0.22907963770084028,-0.02284497362110094,-0.046122161869701965,0.0,0.0,0.0,0.3413358411224451,-0.11489280757941411,-0.02302852473762799,Pollution & Treatment Controls,Industrials,CLWT
2016Q4,2016,Q4,2017-01-27,2016-12-31,690000.0,12010000.0,220000.0,0.1488673139158576,3020000.0,0.2514571190674438,23104000.0,15435000.0,9587000.0,6486000.0,6486000.0,344000.0,5338000.0,4387954.5,1356954.5,3.3300970873786406,1.4781066913351835,0.031163434903047092,0.04664723032069971,0.0022696791499019907,3.3300970873786406,0.04470359572400389,0.3653584096586178,1.5898385869565217,0.2842860058309038,,26.13372093023256,,0.5198234072022161,1.3364168979340116,0.029864958448753462,0.0,0.2514571190674438,0.0,0.3704549781077481,0.14122600897405535,-0.04075060891817182,0.0,0.0,0.0,4.32486930545183,0.30965949064302795,-0.02438561893203894,Pollution & Treatment Controls,Industrials,CLWT
2016Q2,2016,Q2,2016-06-30,2016-06-30,-480000.0,10470000.0,-890000.0,-0.10355987055016182,1930000.0,0.18433619866284623,20180000.0,14673000.0,7643000.0,4554000.0,4554000.0,426000.0,4660000.0,3040560.0,231560.0,3.1656957928802587,1.6783047870004393,0.0,0.0,-0.062034162933774464,3.1656957928802587,-0.03271314659578818,0.29040687679083094,-1.583625,0.20722142711102026,,20.046948356807512,,0.518830525272547,1.3142292490118577,-0.023785926660059464,0.0,0.18433619866284623,0.0,-50.24271844660195,0.1247191582371779,-0.046320102943130416,0.0,0.0,0.0,-2.2103559870550162,0.11743441437719482,-0.06370147329263429,Pollution & Treatment Controls,Industrials,CLWT
2015Q4,2015,Q4,2015-12-31,2015-12-31,50000.0,10030000.0,-810000.0,0.010752688172043012,2190000.0,0.21834496510468593,21270000.0,15146000.0,8512000.0,4814000.0,4814000.0,557000.0,5144000.0,3586080.0,1106080.0,3.257204301075269,1.7681761528874118,0.0,0.0,-0.07130595536775386,3.257204301075269,0.003301201637396012,0.3575353938185444,17.9304,0.23676746335666182,,14.0754039497307,,0.4715561824165491,1.4499376817615288,0.0023507287259050304,0.0,0.21834496510468593,0.0,1.0793850806451613,-0.1464175717296157,-0.02259047868787977,0.0,0.0,0.0,1.1612903225806452,-0.2089905362776025,-0.04363200101029231,Pollution & Treatment Controls,Industrials,CLWT
2015Q2,2015,Q2,2015-08-26,2015-06-30,-660000.0,8270000.0,-1150000.0,-0.1423948220064725,1850000.0,0.22370012091898428,23077000.0,15357000.0,10469000.0,6182000.0,6182000.0,537000.0,5385000.0,3361765.4999999995,849765.4999999995,3.3132686084142393,1.6934648980912326,0.0,0.0,-0.05290000137402601,3.3132686084142393,-0.04297714397343231,0.40650126964933486,-1.2733960227272727,0.21890769681578431,,11.955307262569832,,0.35836547211509295,1.209155613070204,-0.028599904666984442,0.0,0.22370012091898428,0.0,-0.5331175836030204,-0.16557021654109036,-0.01853837076504094,0.0,0.0,0.0,-4.535598705501618,-0.07103487632917241,-0.04193900339351473,Pollution & Treatment Controls,Industrials,CLWT
2014Q4,2014,Q4,2015-04-01,2014-12-31,20000.0,8960000.0,-460000.0,0.004301075268817204,2470000.0,0.27566964285714285,23686000.0,16030000.0,11136000.0,5869000.0,5869000.0,543000.0,6047000.0,3184785.0,-1672215.0,3.447311827956989,1.897427159652411,0.0,0.0,-0.0327956510114963,3.447311827956989,0.0012476606363069245,0.3554447544642857,39.8098125,0.19867654398003742,,11.952117863720074,,0.3782825297644178,1.5547793491225081,0.0008443806467955755,0.0,0.27566964285714285,0.0,0.04838709677419355,-0.28890625381553553,0.0011106904920666096,0.0,0.0,0.0,-0.9604048070841239,-0.1513405555891787,-0.006986377553342897,Pollution & Treatment Controls,Industrials,CLWT
2014Q2,2014,Q2,2014-06-30,2014-06-30,-140000.0,9860000.0,-510000.0,-0.030107526881720432,2350000.0,0.2383367139959432,23083000.0,15701000.0,10870000.0,5437000.0,5437000.0,587000.0,5741000.0,5146155.0,116155.0,3.376559139784946,1.9992643001655324,0.0,0.0,-0.0296574851227975,3.376559139784946,-0.008916629514043692,0.5219224137931034,-9.1895625,0.32775969683459655,,12.793867120954003,,0.4271541827318806,1.513518484458341,-0.006065069531689988,0.0,0.2383367139959432,0.0,-15.63225806451613,-0.2701635748880562,-0.02524042653074911,0.0,0.0,0.0,-15.316129032258065,0.05577436243877734,0.017203415463597202,Pollution & Treatment Controls,Industrials,CLWT
2013Q4,2013,Q4,2013-12-31,2013-12-31,130000.0,9200000.0,-80000.0,0.02795698924731183,2870000.0,0.3119565217391304,23878000.0,15872000.0,11831000.0,6001000.0,6001000.0,494000.0,5883000.0,6336555.0,930555.0,3.4133333333333336,1.9715047492084652,0.0,0.0,-0.008064516129032258,3.4133333333333336,0.008190524193548387,0.6887559782608695,12.185682692307692,0.399228515625,,12.813765182186234,,0.3852919004941787,1.5810698216963839,0.005444342072200352,0.0,0.3119565217391304,0.0,-0.06903225806451609,-0.46143974685769534,0.0035079458505003747,0.0,0.0,0.0,1.2064012096774193,-0.2170530069703355,0.024260129556712844,Pollution & Treatment Controls,Industrials,CLWT
2013Q2,2013,Q2,2013-07-18,2013-06-30,-150000.0,9400000.0,-170000.0,-0.03225806451612903,2590000.0,0.275531914893617,23227000.0,15722000.0,11186000.0,5570000.0,5570000.0,562000.0,5759000.0,12741000.000000002,7642000.000000002,3.381075268817204,2.008258527827648,0.0,0.0,-0.01474482774571822,3.381075268817204,-0.009540770894288259,1.3554255319148938,-21.235000000000003,0.8103930797608447,,12.117437722419929,,0.4047014250656564,1.555834829443447,-0.006458001463813665,0.0,0.275531914893617,0.0,-14.251855787476282,1.4269320934415826,0.6287781455366839,0.0,0.0,0.0,0.6526881720430108,-0.054614522356457904,0.0015474246404594528,Pollution & Treatment Controls,Industrials,CLWT
2012Q4,2012,Q4,2012-12-31,2012-12-31,-310000.0,12680000.0,110000.0,-0.06666666666666667,3510000.0,0.27681388012618297,24947000.0,15837000.0,12897000.0,7191000.0,7191000.0,653000.0,5905000.0,4588155.0,-2879845.0,3.405806451612903,1.7934918648310387,0.0,0.0,0.004465131383108272,3.405806451612903,-0.01957441434615142,0.36184187697160886,-3.7001250000000003,0.28971111953021406,,14.042879019908117,,0.5082775484026135,1.4680851063829787,-0.012426343848959794,0.0,0.27681388012618297,0.0,0.0,0.0,0.0,0.0,0.0,0.0,-17.25,0.006324631877121573,-0.010942607278673805,Pollution & Treatment Controls,Industrials,CLWT
2012Q2,2012,Q2,2012-07-18,2012-06-30,-120000.0,8960000.0,-170000.0,-0.02572347266881029,2640000.0,0.29464285714285715,25345000.0,16133000.0,13007000.0,7483000.0,7483000.0,655000.0,6251000.0,4950964.5,-1078035.5,3.458306538049303,1.7382066016303621,0.0,0.0,-0.0184404636459431,3.458306538049303,-0.007438170210128308,0.5525630022321428,-10.314509375,0.3068843054608566,,9.648854961832061,,0.3535214046162951,1.1734598423092342,-0.004734661668968239,0.0,0.29464285714285715,0.0,-2.3931853154132643,1.3766282040711917,0.6614549874522146,0.0,0.0,0.0,-13.5016077170418,-0.3389140395143146,-0.0016412370110119373,Pollution & Treatment Controls,Industrials,CLWT
2011Q4,2011,Q4,2012-01-05,2011-12-31,510000.0,10660000.0,-1260000.0,0.10862619808306709,2510000.0,0.2354596622889306,23864000.0,16299000.0,11685000.0,5955000.0,5955000.0,583000.0,6371000.0,3168655.5000000005,-2170344.4999999995,3.4715654952076678,1.9622166246851385,0.0,0.0,-0.07197395228393534,3.4715654952076678,0.03129026320633168,0.2972472326454034,1.5532625000000002,0.19440796981409905,,13.979416809605489,,0.44669795507877974,1.5252728799328295,0.021371102916526986,0.0,0.2354596622889306,0.0,1.7467946290543424,0.6884003815334684,0.5976850193962912,0.0,0.0,0.0,2.617252396166134,-0.38195366976869705,0.02062799579530905,Pollution & Treatment Controls,Industrials,CLWT
2011Q2,2011,Q2,2011-08-08,2011-06-30,10000.0,9550000.0,-420000.0,0.002103049421661409,2370000.0,0.2481675392670157,24259000.0,15784000.0,12845000.0,6246000.0,6246000.0,1257000.0,5861000.0,5997006.000000001,-551993.9999999991,3.319453207150368,2.0565161703490236,0.0,0.0,-0.0258028843938626,3.319453207150368,0.0006335529650278763,0.6279587434554975,149.92515000000003,0.37994209325899647,,5.712012728719173,,0.3936683292798549,1.574767851424912,0.00041221814584278,0.0,0.2481675392670157,0.0,1.302751300196095,0.7248818433455371,0.715761099708114,0.0,0.0,0.0,1.9943376012865714,1.4112129883327087,0.5990927172791319,Pollution & Treatment Controls,Industrials,CLWT
2010Q4,2010,Q4,2010-12-31,2010-12-31,-640000.0,11940000.0,-770000.0,-0.13544973544973546,3120000.0,0.2613065326633166,25213000.0,15746000.0,13556000.0,7112000.0,7112000.0,1320000.0,5849000.0,8594302.5,2464302.5,3.3324867724867726,1.90607424071991,0.0,0.0,-0.05760976042621827,3.3324867724867726,-0.04064524323637749,0.7197908291457287,-3.3571494140624996,0.54580861806173,,6.681818181818182,,0.47356522428905723,1.3785151856017999,-0.025383730615158848,0.0,0.2613065326633166,0.0,-4.358255622054529,0.4676650704248246,0.7004178656993862,0.0,0.0,0.0,0.0,0.0,0.0,Pollution & Treatment Controls,Industrials,CLWT
2010Q2,2010,Q2,2010-08-09,2010-06-30,-450000.0,10360000.0,-600000.0,-0.09287925696594428,2620000.0,0.2528957528957529,25189000.0,16356000.0,14235000.0,6698000.0,6698000.0,2055000.0,6538000.0,10304830.5,4087830.5,3.3758513931888543,2.125261272021499,0.0,0.0,-0.03792730392827387,3.3758513931888543,-0.027512839325018343,0.9946747586872587,-5.724905833333333,0.630033657373441,,3.7664233576642334,,0.41129064274087895,1.4916392953120334,-0.017864941045694548,0.0,0.2528957528957529,0.0,-3.302789422930519,0.24175161373366644,0.0,0.0,0.0,0.0,-6.030347907432568,1.6458843599310378,0.6218415205249128,Pollution & Treatment Controls,Industrials,CLWT
2009Q4,2009,Q4,2010-01-05,2009-12-31,20000.0,13210000.0,20000.0,0.0041025641025641026,3380000.0,0.2558667676003028,26244000.0,16787000.0,15515000.0,7312000.0,7312000.0,1347000.0,6989000.0,15229500.0,8204500.0,3.4434871794871795,2.1218544857768054,0.0,0.0,-0.0006618878364872289,3.4434871794871795,0.001191398105677012,1.1528766086298259,190.36875,0.9072198725204027,,7.297698589458055,,0.5033531473860692,1.7900711159737417,0.0007620789513793629,0.0,0.2558667676003028,0.0,-0.8756799445599446,0.505921028437073,0.9705894733921603,0.0,0.0,0.0,-0.8962598227578874,1.0150323883786627,0.5847628076568235,Pollution & Treatment Controls,Industrials,CLWT
2009Q2,2009,Q2,2009-08-26,2009-06-30,10000.0,14120000.0,-160000.0,0.00205761316872428,3080000.0,0.21813031161473087,27010000.0,16835000.0,16417000.0,8285000.0,8285000.0,1819000.0,6989000.0,7759476.0,1154476.0,3.463991769547325,1.9815328907664453,0.0,0.0,-0.015352630737246123,3.463991769547325,0.000594000594000594,0.5495379603399433,193.9869,0.46091333531333534,,6.069268829026938,,0.5227693446871529,1.472178636089318,0.00037023324694557573,0.0,0.21813031161473087,0.0,-0.9376481343386638,0.6253356848912404,0.0,0.0,0.0,0.0,1.2962103770437103,1.4951975069770402,0.7904702844118581,Pollution & Treatment Controls,Industrials,CLWT
2008Q4,2008,Q4,2009-01-05,2008-12-31,150000.0,18350000.0,510000.0,0.03003003003003003,4400000.0,0.23978201634877383,28280000.0,16990000.0,17880000.0,9300000.0,11290000.0,2600000.0,7180000.0,6371122.5,-778877.5,3.4014014014014013,1.9225806451612903,0.0,0.0,0.014245667940263962,3.4014014014014013,0.008828722778104767,0.347200136239782,10.6185375,0.37499249558563863,,5.365384615384615,,0.6488684582743989,1.4903225806451612,0.005304101838755304,0.0,0.23978201634877383,0.0,0.023238501659554236,1.426531336758709,1.1281985779787793,0.0,0.0,0.0,-0.2554543067657822,1.133659041786282,0.7355818961111359,Pollution & Treatment Controls,Industrials,CLWT
2008Q2,2008,Q2,2008-09-04,2008-06-30,-17000.0,6695000.0,-72000.0,-0.002,1594000.0,0.2380881255,25683000.0,16685000.0,14977000.0,7245000.0,7245000.0,2334000.0,6869000.0,22400344.163200002,18143344.163200002,2.075835360440164,2.0672187715665977,0.0,0.0,-0.0056430234434429825,2.075835360440164,-0.0010188792328438717,3.345831839163555,-329.4168259294118,1.3425438515552894,,2.1855184233076264,,0.26067826967254604,1.5178743961352656,-0.000661916442783164,0.0,0.23808812546676625,-7.666666666666667,-1.0720670462834117,-0.44974257968299053,0.0,-0.7619118745332337,-9.5,-1.0107542942494399,-1.0524386025558112,-0.5162889206349776,0.0,Pollution & Treatment Controls,Industrials,CLWT
2008Q1,2008,Q1,2008-03-31,2008-03-31,2000.0,6695000.0,6695000.0,0.0003,6695000.0,1.0,,,,,,,,24875412.8476,,,0.0,0.0,0.0,0.0,,0.0,3.7155209630470503,3109.42660595,0.0,,0.0,,0.0,0.0,0.0,0.0,1.0,0.0,-0.9909999960420176,-0.42028691706797044,0.0,1.8889921657150446,1.0121212121212122,1.1939792547951555,-0.9934512711907814,-0.4865349861690472,0.0,Pollution & Treatment Controls,Industrials,CLWT
2007Q4,2007,Q4,2007-12-31,2007-12-31,-165000.0,-7531000.0,-34514000.0,0.0,-7531000.0,1.0,25482000.0,16413000.0,17623000.0,7524000.0,7524000.0,2012000.0,6865000.0,0.0,-9387000.0,0.0,2.3422381711855396,0.0,0.0,,0.0,-0.010053006762931822,0.0,0.0,0.0,,0.0,,-0.29554195118122595,1.9094896331738438,-0.006475158935719331,0.0,1.0,-1.0,-1.0,-1.0,-1.0,-2.0,-2.0,-5.582923914486788,-1.0,-1.0,-1.0,Pollution & Treatment Controls,Industrials,CLWT
2007Q3,2007,Q3,2007-09-30,2007-09-30,165000.0,7531000.0,7531000.0,0.0199,7531000.0,1.0,,,,,,,,39198850.1319,,,0.0,0.0,0.0,0.0,,0.0,5.20499935359182,59.392197169545454,0.0,,0.0,,0.0,0.0,0.0,0.0,1.0,0.17751479289940847,-0.19008829540885389,-0.21334836525676557,0.0,3.8998048145738453,0.18705035971223022,45.48765432098765,-0.3358356257164028,-0.4440541912778295,0.0,Pollution & Treatment Controls,Industrials,CLWT
2007Q2,2007,Q2,2007-08-14,2007-06-30,139000.0,6084000.0,162000.0,0.0169,1537000.0,0.2526298488,23848000.0,15670000.0,21226000.0,6927000.0,6927000.0,3159000.0,6555000.0,26168200.476,14727200.476,2.0814927663809297,3.064241374332323,0.0,0.0,0.008870453095086151,2.0814927663809297,0.008870453095086151,4.301150637080868,47.065108769784175,1.6699553590299936,,1.4393795504906617,,0.2551157329755116,2.4037823011404647,0.005828581013082858,0.0,0.25262984878369493,0.4403818290292336,-0.31771074582927694,-0.3644949481107638,0.0,0.0,2.0217391304347827,-0.9733727810650887,-0.4404918309862535,-0.5478945337274981,0.0,Pollution & Treatment Controls,Industrials,CLWT
2007Q1,2007,Q1,2007-03-31,2007-03-31,46000.0,6084000.0,6084000.0,0.011733,0.0,0.0,,,,,,,,29261558.811899997,,,0.0,0.0,0.0,0.0,,0.0,4.809592178155818,159.0302109342391,0.0,,0.0,,0.0,0.0,0.0,0.0,0.0,-0.8502758145790696,-0.7742064338715593,-0.3646031191834258,0.0,0.0,-0.7880184331797235,1.3170731707317074,-0.8148390232040839,-0.5478945337274981,0.0,Pollution & Treatment Controls,Industrials,CLWT
2022Q4,2022,Q4,2022-12-28,2022-12-31,,,,,,,19363000.0,13772000.0,9450000.0,4470000.0,4557000.0,603000.0,3633000.0,0.0,-5206000.0,0.0,2.1140939597315436,0.02179414346950369,0.03064188207958176,,0.0,,0.0,0.0,0.0,0.0,,,,1.6970917225950783,,0.0,0.0,0.0,-1.0,-1.0,-1.0,0.0,0.0,0.0,-1.0,-1.0,-1.0,Pollution & Treatment Controls,Industrials,CLWT
2022Q2,2022,Q2,2022-06-30,2022-06-30,,,,,,,19526000.0,13241000.0,9917000.0,5467000.0,5467000.0,416000.0,3126000.0,0.0,-5688000.0,0.0,1.8139747576367296,0.005992010652463382,0.008836190620043803,,0.0,,0.0,0.0,0.0,0.0,,,,1.3636363636363635,,0.0,0.0,0.0,1.0,-1.0,-1.0,0.0,0.0,0.0,1.0,-1.0,-1.0,Pollution & Treatment Controls,Industrials,CLWT
2021Q4,2021,Q4,2021-12-31,2021-12-31,,,,,,,21250000.0,13884000.0,11504000.0,6405000.0,6449000.0,547000.0,3774000.0,0.0,-4677000.0,0.0,1.796096799375488,0.027858823529411766,0.042639008931143765,,0.0,,0.0,0.0,0.0,0.0,,,,1.4362217017954724,,0.0,0.0,0.0,-1.0,-1.0,-1.0,0.0,0.0,0.0,1.0,-1.0,-1.0,Pollution & Treatment Controls,Industrials,CLWT
2021Q2,2021,Q2,2021-06-30,2021-06-30,,,,,,,20387000.0,13396000.0,10819000.0,6047000.0,6188000.0,311000.0,3275000.0,0.0,-5114000.0,0.0,1.7891516454440217,0.015107666650316378,0.02299193789190803,,0.0,,0.0,0.0,0.0,0.0,,,,1.3436414751116257,,0.0,0.0,0.0,1.0,-1.0,-1.0,0.0,0.0,0.0,-1.0,-1.0,-1.0,Pollution & Treatment Controls,Industrials,CLWT
2020Q4,2020,Q4,2020-12-31,2020-12-31,,,,,,,20095000.0,13935000.0,10448000.0,5533000.0,5632000.0,342000.0,3816000.0,0.0,-2946000.0,0.0,1.888306524489427,0.028514555859666585,0.0411194833153929,,0.0,,0.0,0.0,0.0,0.0,,,,1.342490511476595,,0.0,0.0,0.0,-1.0,-1.0,-1.0,0.0,0.0,0.0,-1.0,-1.0,-1.0,Pollution & Treatment Controls,Industrials,CLWT
