Quarters,Year,Quarter,FillingDate,Date,NetIncome,Revenue,OperatingIncome,EPSDiluted,GrossProfit,GrossProfitRatio,TotalAssets,CommonStockEquity,CurrentAssets,CurrentLiability,TotalLiability,Inventory,RetainedEarnings,MarketCap,EnterpriseValue,bookValuePerShare,currentRatio,debtToAssets,debtToEquity,roic,shareholdersEquityPerShare,roe,priceToSalesRatio,peRatio,pbRatio,payoutRatio,inventoryTurnover,dividendYield,assetTurnover,quickRatio,returnOnAssets,priceToFreeCashFlowsRatio,grossProfitMargin,epsdilutedGrowth,fiveYNetIncomeGrowthPerShare,fiveYRevenueGrowthPerShare,fiveYShareholdersEquityGrowthPerShare,grossProfitGrowth,netIncomeGrowth,operatingIncomeGrowth,threeYNetIncomeGrowthPerShare,threeYRevenueGrowthPerShare,threeYShareholdersEquityGrowthPerShare,Industry,Sector,Symbol
2023Q1,2023,Q1,2023-05-15,2023-03-31,341379.0,0.0,-1244880.0,0.02,0.0,0.0,172014654.0,157429342.0,729926.0,779406.0,14585312.0,0.0,-12564504.0,226710161.73,226146494.73,7.006576364546798,0.9365157568712583,0.0,0.0,-0.0034570614831213025,7.006576364546798,0.0021684585329715725,0.0,166.02526937069942,1.4400756482231882,0.0,0.0,0.0,0.0,0.72320074518287,0.001984592545237454,-693.6341549179425,0.0,3.0618556701030926,0.0,0.0,0.0,0.0,3.096806687590981,-0.02211092409376411,0.0,0.0,0.0,Shell Companies,Financial Services,TWCB
2022Q4,2022,Q4,2023-03-31,2022-12-31,-162809.0,0.0,-1217950.0,-0.0097,0.0,0.0,170676292.0,157087963.0,975906.0,464032.0,13588329.0,0.0,-11688016.0,166830820.20000002,166063313.20000002,9.3218437206964,2.1031006482311563,0.0,0.0,0.009408825989487963,9.3218437206964,-0.001036419321319992,0.0,-256.1756724136872,1.062021666166745,0.0,0.0,0.0,0.0,1.6539958451141301,-0.0009539051856130083,-643.1213385863197,0.0,-1.9700000000000002,-1.7021849647484781,0.0,13.272299940727137,0.0,-2.399484248076675,0.05005732648015412,-1.7021849647484781,0.0,13.272299940727137,Shell Companies,Financial Services,TWCB
2022Q3,2022,Q3,2022-11-14,2022-09-30,116335.0,0.0,-1282130.0,0.01,0.0,0.0,169840485.0,157250772.0,638751.0,318956.0,12589713.0,0.0,-11451383.0,218059674.885,217739759.885,6.998628898556518,2.002630456865524,0.0,0.0,-0.003379040001650204,6.998628898556518,0.0007398055889989525,0.0,468.60290300640395,1.3867001866610869,0.0,0.0,0.0,0.0,1.0030066843075534,0.0006849662493603925,-2735.6970340237613,0.0,-0.5,1.047189993629486,0.0,-0.17300668745146547,0.0,-0.7280005050233457,-0.0522259873466651,1.047189993629486,0.0,-0.17300668745146547,Shell Companies,Financial Services,TWCB
2022Q2,2022,Q2,2022-08-15,2022-06-30,427703.0,0.0,-1218493.0,0.02,0.0,0.0,169463145.0,157134437.0,872099.0,132504.0,12328708.0,0.0,-11381964.0,217497954.96,217054330.96,6.9934512737820365,6.5816805530399085,0.0,0.0,-0.007767264963052601,6.9934512737820365,0.00272189221004432,0.0,127.13141768937791,1.3841520618424337,0.0,0.0,0.0,0.0,3.3480045885407232,0.002523870308201822,-1353.0283545154248,0.0,-0.9166666666666667,9.462160932275488,0.0,2423.8577133605736,0.0,-0.9221277031165451,0.04280873032581611,9.462160932275488,0.0,2423.8577133605736,Shell Companies,Financial Services,TWCB
2022Q1,2022,Q1,2022-05-13,2022-03-31,5492364.0,0.0,-1272988.0,0.24,0.0,0.0,169583702.0,156706734.0,1064476.0,183434.0,12876968.0,0.0,-11809667.0,217273266.99,216745939.99,6.974415853238605,5.803046327289379,0.0,0.0,-0.021148410401872982,6.974415853238605,0.03504867889085098,0.0,9.889788212780507,1.3864960454730682,0.0,0.0,0.0,0.0,2.874750591493398,0.03238733401397264,-999.0448222603354,0.0,16.391304347826086,0.0,0.0,0.0,0.0,20.784289538919186,-0.016397447884188683,0.0,0.0,0.0,Shell Companies,Financial Services,TWCB
2021Q4,2021,Q4,2022-03-31,2021-12-31,252125.0,0.0,-1252451.0,0.0138,0.0,0.0,169840557.0,-13918934.0,1309593.0,177738.0,15243511.0,0.0,-13919355.0,178296557.95000002,177573924.95000002,-0.7595840849489601,7.368109239442325,0.0,0.0,-0.045358545350003505,-0.7595840849489601,-0.018113815325225338,0.0,176.79381056023797,-12.809641740524096,0.0,0.0,0.0,0.0,4.0657203299238205,0.0014844805295828134,-192.98127509725018,0.0,1.1254545454545455,0.0,0.0,0.0,0.0,1.1254021947435777,-0.2703283305964843,0.0,0.0,0.0,Shell Companies,Financial Services,TWCB
2021Q3,2021,Q3,2022-02-04,2021-09-30,-2010531.0,0.0,-985927.0,-0.11,0.0,0.0,170062370.0,155074749.0,1541954.0,247503.0,14987621.0,0.0,-13441652.0,177389499.4075,176545247.4075,8.462739410780644,6.230041656060735,0.0,0.0,-0.006357753318046641,8.462739410780644,-0.012964915390577224,0.0,-22.057543431001562,1.1438967372276707,,0.0,,0.0,3.4110778455210644,-0.011822315542233123,0.0,0.0,-47.910626945309026,0.0,0.0,0.0,0.0,-38.77862414181984,-18.506697267673072,0.0,0.0,0.0,Shell Companies,Financial Services,TWCB
2021Q2,2021,Q2,2021-08-31,2021-06-30,-50543.0,0.0,-50543.0,-0.002249,0.0,0.0,529018.0,-64855.0,25000.0,593873.0,593873.0,0.0,-89855.0,217048579.02,217123934.02,-0.0028864473696566845,0.04209654252676919,0.18970053949014967,-1.5473749132680594,-1.4237464788732395,-0.0028864473696566845,0.7793231053889446,0.0,-1073.5837753002395,-3346.6745666486777,,0.0,,0.0,0.04209654252676919,-0.09554117251208843,0.0,0.0,0.0,0.0,0.0,0.0,0.0,0.0,0.0,0.0,0.0,0.0,Shell Companies,Financial Services,TWCB
2021Q1,2021,Q1,2021-03-31,2021-03-31,,,,,,,394370.0,-14312.0,25000.0,408682.0,408682.0,0.0,-39312.0,0.0,25251.0,0.0,0.06117225617962132,0.12742094986941196,-3.511109558412521,,0.0,,0.0,0.0,0.0,0.0,0.0,,,0.06117225617962132,,0.0,0.0,0.0,0.0,0.0,0.0,0.0,0.0,0.0,0.0,0.0,0.0,Shell Companies,Financial Services,TWCB
