Year,Date,FillingDate,NetIncome,Revenue,OperatingIncome,EPSDiluted,GrossProfit,GrossProfitRatio,TotalAssets,CommonStockEquity,CurrentAssets,CurrentLiability,TotalLiability,Inventory,RetainedEarnings,EnterpriseValue,bookValuePerShare,currentRatio,debtToAssets,debtToEquity,roic,shareholdersEquityPerShare,roe,priceToSalesRatio,peRatio,pbRatio,payoutRatio,inventoryTurnover,dividendYield,assetTurnover,quickRatio,returnOnAssets,priceToFreeCashFlowsRatio,grossProfitMargin,epsdilutedGrowth,fiveYNetIncomeGrowthPerShare,fiveYRevenueGrowthPerShare,fiveYShareholdersEquityGrowthPerShare,grossProfitGrowth,netIncomeGrowth,operatingIncomeGrowth,threeYNetIncomeGrowthPerShare,threeYRevenueGrowthPerShare,threeYShareholdersEquityGrowthPerShare,Industry,Sector,Price,MarketCap,AvgVolume,Symbol
2022,2022-12-31,2023-02-17,2238000000.0,7254000000.0,3835000000.0,2.2,7254000000.0,1.0,182906000000.0,17731000000.0,25062.0,2485.0,165137000000.0,0.0,3419000000.0,22054225280.0,17.423595504513862,10.085311871227365,0.064038358501088,0.660594439117929,0.10597903872464318,17.423595504513862,0.1262196153629237,2.3792700964984834,7.7118969079535304,0.9733926614404151,0.451295799821269,0.0,0.058519428515159864,0.03965971591965272,14935211.267605634,0.012235793248991286,4.526416281143456,1.0,0.0,1.0113329962970892,0.7951934899496442,0.7476539775669615,0.21081622433650477,0.7281853281853282,1.2854588796185935,0.0,0.0,0.0,Banks—Regional,Financial Services,17.67,25498151861,69300,HBANP
2021,2021-12-31,2022-02-18,1295000000.0,5991000000.0,1678000000.0,0.0,5991000000.0,1.0,174064000000.0,19297000000.0,39330000000.0,334000000.0,154746000000.0,0.0,2202000000.0,1528000000.0,0.0,117.75449101796407,0.04275438919018292,0.38565580141990985,0.05115835740556882,0.0,0.06710887702751724,0.0,0.0,0.0,0.6857142857142857,0.0,,0.03441837485062965,117.75449101796407,0.007439792260318044,0.0,1.0,0.0,-1.0,-1.0,-1.0,0.2442367601246106,0.5850673194614443,0.2028673835125448,-1.0,-1.0,-1.0,Banks—Regional,Financial Services,17.67,25498151861,69300,HBANP
2020,2020-12-31,2021-02-26,817000000.0,4815000000.0,1395000000.0,0.0,4815000000.0,1.0,123038000000.0,12993000000.0,23197000000.0,183000000.0,110045000000.0,0.0,1878000000.0,1823000000.0,0.0,126.75956284153006,0.06936881288707554,0.6568921727083814,0.054466104435911204,0.0,0.0628800123143231,0.0,0.0,0.0,0.8543451652386781,0.0,,0.03913425120694419,126.75956284153006,0.0066402249711471255,0.0,1.0,0.0,-1.0,-1.0,-1.0,0.03171202056995929,-0.4209780297661233,-0.4729882886286362,-1.0,-1.0,-1.0,Banks—Regional,Financial Services,17.67,25498151861,69300,HBANP
2019,2019-12-31,2020-02-14,1411000000.0,4667000000.0,2647000000.0,0.0,4667000000.0,1.0,109002000000.0,11795000000.0,15421000000.0,2606000000.0,97207000000.0,0.0,2088000000.0,11183000000.0,0.0,5.917498081350729,0.1142639584594778,1.055955913522679,0.09283736942512878,0.0,0.11962696057651548,0.0,0.0,0.0,0.4755492558469171,0.0,,0.04281572815177703,5.917498081350729,0.01294471661070439,0.0,1.0,-1.0,-1.0,-1.0,-1.0,0.034811529933481154,0.012921751615218953,0.0,-1.0,-1.0,-1.0,Banks—Regional,Financial Services,17.67,25498151861,69300,HBANP
2018,2018-12-31,2019-02-15,1393000000.0,4510000000.0,0.0,1.2595107528583118,4510000000.0,1.0,108781000000.0,11102000000.0,82995000000.0,13000000.0,97679000000.0,0.0,1361000000.0,32897472900.0,10.264973528536109,6384.2307692307695,0.07940724942774934,0.7780580075662042,0.0,10.264973528536109,0.12547288776796975,5.983253414634146,19.371480904522613,2.4305956494325347,0.4192390524048816,0.0,0.0216420755063183,0.041459446042967064,223.84615384615384,0.012805545085998474,16.698312438118812,1.0,0.20660917727409267,0.6821151481961741,0.28713377536145396,0.403941427986756,0.04713257487810541,0.1745362563237774,0.0,0.4932748653426799,0.12066988892025639,0.2505679509144673,Banks—Regional,Financial Services,17.67,25498151861,69300,HBANP
2017,2017-12-31,2018-02-16,1186000000.0,4307000000.0,0.0,1.0438431735648916,4307000000.0,1.0,104185000000.0,10814000000.0,76098000000.0,3738000000.0,93371000000.0,0.0,588000000.0,38439915700.0,9.969705518463408,20.357945425361155,0.12424053366607477,1.1969668947660441,0.0,9.969705518463408,0.10967264656926207,6.283472416995589,22.818647301854973,2.502581440724986,0.35834738617200673,0.0,0.015704146763462,0.04133992417334549,1.1848582129481007,0.011383596487018284,15.376656647727273,1.0,0.3473509062526771,0.463442867535512,0.21792616260432696,0.4772567849482347,0.22391020983225865,0.6661492144794829,0.0,0.417634187409425,0.15600238144703515,0.29173695390325516,Banks—Regional,Financial Services,17.67,25498151861,69300,HBANP
2016,2016-12-31,2017-02-22,711821000.0,3519049000.0,0.0,0.7747374263977622,3519049000.0,1.0,99714097000.0,10308146000.0,72774633000.0,2444565000.0,89405951000.0,0.0,-226844000.0,31876415100.0,11.397294231334818,29.769972571807255,0.10784557373066318,1.0432258138369401,0.0,11.397294231334818,0.06905422177761161,6.412450664938169,31.701408219201173,2.1891160738313173,0.42087547290681226,0.0,0.013276239023725541,0.035291389140293776,1.7556497781813942,0.007138619527387386,20.61053071431703,1.0,-0.086436216828783,0.2527378376312448,0.2845103795864031,0.8168251697007807,0.17714930454157882,0.02722246834940696,0.0,0.0278742586821118,0.2009835176792924,0.5588090406510136,Banks—Regional,Financial Services,17.67,25498151861,69300,HBANP
2015,2015-12-31,2016-02-17,692957000.0,2989467000.0,0.0,0.8480386817748483,2989467000.0,1.0,71044551000.0,6594606000.0,54720136000.0,14007000.0,64449945000.0,0.0,-594067000.0,26227756400.0,8.208249316664427,3906.6278289426714,0.09967859463282412,1.0738505075208435,0.0,8.208249316664427,0.105079363346347,6.705251939559794,28.9269455391893,3.0396250208124638,0.3238151862236762,0.0,0.011194240532066609,0.04207876547773523,244.28892696508888,0.009753837419565084,21.31859571503778,1.0,0.11716295122593641,1.00736161397471,0.01662447574296217,0.19803336840852626,0.06147987444608567,0.0957712937545067,0.0,0.1544180008728292,0.14131512397190946,0.21625377731900353,Banks—Regional,Financial Services,17.67,25498151861,69300,HBANP
2014,2014-12-31,2015-02-13,632392000.0,2816320000.0,0.0,0.7591002555573828,2816320000.0,1.0,66298010000.0,6328170000.0,52277625000.0,1339005000.0,59969840000.0,0.0,-1052324000.0,24846772150.0,7.7180617062458765,39.04214323322169,0.08559784826120724,0.8967785315501954,0.0,7.7180617062458765,0.09993283998375518,7.263709077803659,32.348494525547444,3.232676927136913,0.3143445837391997,0.0,0.00971744089948124,0.04247970640446071,2.835527873308912,0.009538627177497485,24.6772883598841,1.0,0.003005723890883149,1.062068376956627,-0.643418145816874,-0.6398432075446705,0.0420768422147093,-0.00993986608030485,0.0,0.22767857252285423,0.13397430286255432,0.23032436336154868,Banks—Regional,Financial Services,17.67,25498151861,69300,HBANP
2013,2013-12-31,2014-02-14,638741000.0,2702603000.0,0.0,0.756825447229417,2702603000.0,1.0,59476344000.0,6099323000.0,47123233000.0,3538000.0,53377021000.0,0.0,-1470154000.0,24017049750.0,7.311539729443003,13319.172696438665,0.07165554762411086,0.6987349251712034,0.0,7.311539729443003,0.10472326190955947,7.70124755652236,32.585061472490416,3.412413926922709,0.28568230315573917,0.0,0.008767278324667989,0.04543996517338053,926.4937817976257,0.010739412631011752,22.845850113661683,1.0,0.019379373545327806,2.6752753301416767,-0.6365657279405101,-0.7480921719070781,-0.033806026389586026,-0.003558380211599602,0.0,0.7820079957169291,-0.11485467935565594,0.06715430201831842,Banks—Regional,Financial Services,17.67,25498151861,69300,HBANP
2012,2012-12-31,2013-02-15,641022000.0,2797164000.0,0.0,0.7424374740850728,2797164000.0,1.0,56153185000.0,5790211000.0,45558247000.0,13915000.0,50362974000.0,0.0,-1917933000.0,22451173900.0,6.7487965667477114,3274.0385914480776,0.04236178232810837,0.41082250715906554,0.0,6.7487965667477114,0.11070788266610664,7.652805448661573,33.393786640708115,3.696955413196514,0.26416410045209054,0.0,0.00791057639836705,0.049813096087069686,260.4696370822853,0.011415594680871619,24.534580837122302,1.0,0.1871381095100691,1.4749444536149654,-0.5896091321873539,-0.7175305430498896,0.0691795435937463,0.18136130170121248,0.0,1.0601255129822107,-0.6615480599127177,-0.6850731418166297,Banks—Regional,Financial Services,17.67,25498151861,69300,HBANP
2011,2011-12-31,2012-02-17,542613000.0,2616178000.0,0.0,0.625401095405383,2616178000.0,1.0,54450652000.0,5418100000.0,44502189000.0,6782000.0,49032552000.0,0.0,-2389639000.0,23446818450.0,6.273192611709512,6561.809053376585,0.0570174807089546,0.5730124951551282,0.0,6.273192611709512,0.10014820693601077,8.236859437698811,39.71355358238745,3.97724118233329,0.17029448243960243,0.0,0.00428806961548579,0.04804677086327635,563.1477440283103,0.009965225026139264,14.85095384363043,1.0,0.46071552450729436,1.6534547127708308,2.7596299941834754,3.0540337069083203,-0.016719516902366064,0.7372121390632854,0.0,2.374567236919913,-0.66019848695675,-0.7838668208748566,Banks—Regional,Financial Services,17.67,25498151861,69300,HBANP
2010,2010-12-31,2011-02-18,312347000.0,2660663000.0,0.0,0.4281470860771015,2660663000.0,1.0,53819642000.0,4980542000.0,42574504000.0,75055000.0,48839100000.0,0.0,-2814433000.0,21042959300.0,6.851436306459734,567.2440743454799,0.0722576712791958,0.7808150197307843,0.0,6.851436306459734,0.0627134556841404,6.816723237779455,58.06684008490557,3.6415722023827928,0.43701076046832527,0.0,0.007525995212230016,0.049436653629171295,55.49555659183265,0.005803587470908855,23.47458372323889,1.0,1.034454575650988,0.8663893956635619,3.10838212764375,3.7953337998940855,0.10927098615883053,1.1009466485293837,0.0,0.42332124342867944,-0.5392740236435604,-0.713234578391419,Banks—Regional,Financial Services,17.67,25498151861,69300,HBANP
2009,2009-12-31,2010-02-18,-3094179000.0,2398569000.0,0.0,-12.426421686746988,2398569000.0,1.0,51554665000.0,5336002000.0,41653707000.0,24956000.0,46218663000.0,0.0,-2922026000.0,8199457000.0,21.42972690763052,1669.0858711331944,0.07424402815923642,0.7173209455318795,0.0,21.42972690763052,-0.5798684108439239,2.590106851210034,-2.0078185521910656,1.1642705531219817,-0.05244945428173354,0.0,0.026122606659101336,0.046524771327677135,212.90282897900303,-0.06001743974090414,3.240700893409054,1.0,-26.188188671950513,-13.023810919557153,1.1493200990313404,2.2596747788082387,0.08061074713850251,-26.188188671950513,0.0,-53.48388396405006,10.956087365808253,12.848902877812238,Banks—Regional,Financial Services,17.67,25498151861,69300,HBANP
2008,2008-12-31,2009-02-24,-113806000.0,2219642000.0,0.0,-0.45705220883534137,2219642000.0,1.0,54352859000.0,7227141000.0,45948537000.0,20030000.0,47125718000.0,0.0,365599000.0,12004031000.0,29.02466265060241,2293.98587119321,0.12677778366727682,0.9534524094659285,0.0,29.02466265060241,-0.015747029150254575,2.798897299654629,-54.58894961601322,0.8596137808851384,-2.661107498725902,0.0,0.04874809860685226,0.040837631006678046,248.34623065401897,-0.0020938364990147067,5.276570770453819,1.0,-2.5140195072059806,-1.4737907703247686,0.793869376121845,3.9246197511617704,0.12209957459500585,-2.5140017826497627,0.0,-2.985298038091735,9.005977683655175,19.314418701919692,Banks—Regional,Financial Services,17.67,25498151861,69300,HBANP
TTM,,,,,,,,,,,,,,,,34896151861.0,12.999306999306999,5.549530999771219,0.10562225630718781,1.064612432029001,0.09439369437070684,12.999306999306999,0.13300733496332517,4.113268569285369,10.71336554621849,1.3593032306216017,0.42478991596638654,0.0,0.06361063950198076,0.0327867985402232,9.465339739190117,0.012587930396149574,8.115261572565245,1.0,,,,,,,,,,,Banks—Regional,Financial Services,17.67,25498151861,69300,HBANP
