Quarters,Year,Quarter,FillingDate,Date,NetIncome,Revenue,OperatingIncome,EPSDiluted,GrossProfit,GrossProfitRatio,TotalAssets,CommonStockEquity,CurrentAssets,CurrentLiability,TotalLiability,Inventory,RetainedEarnings,MarketCap,EnterpriseValue,bookValuePerShare,currentRatio,debtToAssets,debtToEquity,roic,shareholdersEquityPerShare,roe,priceToSalesRatio,peRatio,pbRatio,payoutRatio,inventoryTurnover,dividendYield,assetTurnover,quickRatio,returnOnAssets,priceToFreeCashFlowsRatio,grossProfitMargin,epsdilutedGrowth,fiveYNetIncomeGrowthPerShare,fiveYRevenueGrowthPerShare,fiveYShareholdersEquityGrowthPerShare,grossProfitGrowth,netIncomeGrowth,operatingIncomeGrowth,threeYNetIncomeGrowthPerShare,threeYRevenueGrowthPerShare,threeYShareholdersEquityGrowthPerShare,Industry,Sector,Symbol
2023Q2,2023,Q2,2023-04-28,2023-03-31,433000000.0,4160000000.0,537000000.0,1.36,1284000000.0,0.3086538462,21490000000.0,11020000000.0,7439000000.0,4393000000.0,10364000000.0,2811000000.0,11824000000.0,41443400000.0,44740400000.0,34.87341772151899,1.693375825176417,0.19553280595625872,0.3813067150635209,0.02855828969348875,34.87341772151899,0.03929219600725953,9.962355769230768,23.928060046189376,3.7607441016333936,0.40877598152424943,1.0231234436143721,0.0042708851107775905,0.1935784085621219,0.8998406555884362,0.02014890646812471,93.13123595505618,0.30865384615384617,0.09677419354838718,-0.018451304572461913,0.2338476618613848,0.29119932703092466,0.08171861836562763,0.0906801007556675,0.0697211155378486,2.012532205668198,0.37620094689090966,0.28476963589094895,Electronic Components,Technology,TEL
2023Q1,2023,Q1,2023-01-27,2022-12-30,397000000.0,3841000000.0,502000000.0,1.24,1187000000.0,0.3090341057,21353000000.0,11364000000.0,7318000000.0,4420000000.0,9885000000.0,2927000000.0,13200000000.0,36391600000.0,39816600000.0,35.84858044164038,1.655656108597285,0.19753664590455675,0.37117212249208026,0.026437589235266172,35.84858044164038,0.03493488208377332,9.47451184587347,22.91662468513854,3.202358324533615,0.44836272040302266,0.9067304407242911,0.004891238637487772,0.1798810471596497,0.8377828054298643,0.018592235283098394,91.43618090452262,0.3090341057016402,-0.43891402714932126,12.303405322332768,0.22559918778780955,0.31021704033406855,-0.12008895478131949,-0.4392655367231638,-0.23939393939393938,15.136253336568796,0.2812818643851767,0.13756507037506172,Electronic Components,Technology,TEL
2022Q4,2022,Q4,2022-11-15,2022-09-30,708000000.0,4359000000.0,660000000.0,2.21,1349000000.0,0.3094746501,20782000000.0,10802000000.0,7268000000.0,4632000000.0,9885000000.0,2676000000.0,12832000000.0,35204840000.0,38322840000.0,33.86206896551724,1.569084628670121,0.20238668078144548,0.3893723384558415,0.047356093337149276,33.86206896551724,0.06554341788557674,8.076356962606102,12.431087570621468,3.259103869653768,0.2528248587570621,1.1248131539611361,0.005084528150106633,0.20974882109517853,0.8534110535405872,0.034067943412568566,48.09404371584699,0.3094746501491168,0.20765027322404364,0.8052092512604193,0.39571632270985707,0.22585481948800998,0.01581325301204819,0.1919191919191919,-0.08205841446453407,1.0046516331277175,0.39130236534625246,0.07641013930121027,Electronic Components,Technology,TEL
2022Q3,2022,Q3,2022-07-29,2022-06-24,594000000.0,4097000000.0,719000000.0,1.83,1328000000.0,0.3241396144,21348000000.0,10434000000.0,7583000000.0,5058000000.0,10811000000.0,3028000000.0,12084000000.0,38121580000.0,41503580000.0,32.40372670807454,1.4992091735863977,0.19683342701892448,0.4027218708069772,0.04107664253300044,32.40372670807454,0.056929269695227144,9.304754698559922,16.044436026936026,3.6535921027410385,0.30303030303030304,0.9144649933949802,0.004721735038264415,0.19191493348323027,0.7813364966389877,0.02782462057335582,101.92935828877005,0.32413961435196487,0.0701754385964913,0.5054615549368174,0.3415143694646801,0.2584315699996128,-0.006731488406881077,0.060714285714285714,0.019858156028368795,-0.17877039966523622,0.26522692158957833,0.028060242950585495,Electronic Components,Technology,TEL
2022Q2,2022,Q2,2022-04-29,2022-03-25,560000000.0,4007000000.0,705000000.0,1.71,1337000000.0,0.3336660844,21451000000.0,10442000000.0,7417000000.0,5046000000.0,10902000000.0,2999000000.0,12160000000.0,42978000000.0,46280000000.0,32.129230769230766,1.469877130400317,0.1888490047084052,0.3879524995211645,0.03913898980958703,32.129230769230766,0.05362957287875886,10.725729972548042,19.18660714285714,4.11587818425589,0.2910714285714286,0.8902967655885295,0.003792638093908511,0.1867978182835299,0.7564407451446691,0.02610600904386742,183.66666666666666,0.3336660843523833,-0.005813953488372098,0.5146058879392215,0.36015065195108575,0.3067526738085403,0.08699186991869919,-0.012345679012345678,0.049107142857142856,0.3266514806378132,0.2213599062133645,0.08661997198318983,Electronic Components,Technology,TEL
2022Q1,2022,Q1,2022-01-28,2021-12-24,567000000.0,3818000000.0,672000000.0,1.72,1230000000.0,0.322158198,21409000000.0,11020000000.0,7244000000.0,4274000000.0,10281000000.0,2845000000.0,12285000000.0,51813150000.0,54834150000.0,33.70030581039755,1.6948993916705661,0.18697743939464712,0.3632486388384755,0.03746338332429909,33.70030581039755,0.0514519056261343,13.570756940806705,22.84530423280423,4.70173774954628,0.2874779541446208,0.9096660808435852,0.0031459195204306244,0.17833621374188424,0.8951801591015442,0.026484188892521836,143.92541666666668,0.322158198009429,-0.2833333333333333,0.5092528207083736,0.3570353863464593,0.35762236828126387,-0.026128266033254157,-0.2858942065491184,0.01818181818181818,0.5483268258797038,0.1930497803044216,0.12597739225830032,Electronic Components,Technology,TEL
2021Q4,2021,Q4,2021-11-09,2021-09-24,794000000.0,3818000000.0,660000000.0,2.4,1263000000.0,0.3308014667,21462000000.0,10634000000.0,7263000000.0,4656000000.0,10714000000.0,2511000000.0,11709000000.0,47248400000.0,50137400000.0,32.420731707317074,1.5599226804123711,0.1906625663964216,0.3848034605980816,0.0563048688819867,32.420731707317074,0.07466616513071281,12.3751702462022,14.876700251889169,4.4431446304306945,0.20654911838790932,1.0175228992433294,0.0034710170079833387,0.1778958158605908,0.8872422680412371,0.03699562016587457,87.82230483271375,0.3308014667365113,0.3793103448275862,0.9664982977060894,0.2401820484291278,0.3564360348965895,-0.003943217665615142,0.3689655172413793,-0.07563025210084033,-0.4942842249012496,0.15108710007020285,0.038684692312715804,Electronic Components,Technology,TEL
2021Q3,2021,Q3,2021-07-29,2021-06-25,580000000.0,3845000000.0,714000000.0,1.74,1268000000.0,0.3297789337,21058000000.0,10046000000.0,7394000000.0,4662000000.0,10896000000.0,2392000000.0,10892000000.0,44154000000.0,46872000000.0,30.44242424242424,1.586014586014586,0.19631493969037894,0.4115070674895481,0.041496263841790955,30.44242424242424,0.057734421660362335,11.483485045513653,19.031896551724138,4.3951821620545495,0.28448275862068967,1.0773411371237458,0.0037369207772795215,0.18259093931047582,0.944015444015444,0.02754297654098205,86.23828125,0.329778933680104,0.152317880794702,-0.25213999349875393,0.33277504296408517,0.3149359291646043,0.047933884297520664,0.14624505928853754,0.16666666666666666,0.3510879722333466,0.08033442823559721,0.11930110204446485,Electronic Components,Technology,TEL
2021Q2,2021,Q2,2021-04-23,2021-03-26,506000000.0,3738000000.0,612000000.0,1.51,1210000000.0,0.3237025147,20967000000.0,9669000000.0,7422000000.0,5039000000.0,11184000000.0,2134000000.0,10541000000.0,42616250000.0,45389250000.0,29.211480362537763,1.4729112919230005,0.2156245528687938,0.46757679180887374,0.0356466887886977,29.211480362537763,0.05233219567690557,11.400815944355271,21.055459486166008,4.407513703588789,0.3142292490118577,1.1846298031865041,0.003730971167101751,0.17828015452854484,0.9265727326850566,0.02413316163495016,97.29737442922375,0.32370251471375067,0.32456140350877205,0.4643345523930671,0.3925036229214256,0.4357249327523286,0.055846422338568937,0.32808398950131235,-0.0208,0.0950490165854861,0.05844086173306593,0.08156430456231592,Electronic Components,Technology,TEL
2021Q1,2021,Q1,2021-01-28,2020-12-25,381000000.0,3522000000.0,625000000.0,1.14,1146000000.0,0.3253833049,20266000000.0,9861000000.0,6481000000.0,4083000000.0,10287000000.0,2066000000.0,10672000000.0,39660420000.0,42763420000.0,29.79154078549849,1.5873132500612295,0.20729300305931117,0.42602170165297637,0.03831553857547119,29.79154078549849,0.03863705506540919,11.260766609880749,26.023897637795272,4.021947064192272,0.41732283464566927,1.1500484027105518,0.004009034700086384,0.17378861146748248,0.9155033063923586,0.01879996052501727,79.63939759036144,0.32538330494037476,0.6521739130434783,0.25540254871922163,0.4460240390819037,0.3372674830846355,0.1826625386996904,0.6565217391304348,0.32696390658174096,11.389030908668373,0.07627877903948328,0.08884044818767202,Electronic Components,Technology,TEL
2020Q4,2020,Q4,2020-11-10,2020-09-25,230000000.0,3261000000.0,471000000.0,0.69,969000000.0,0.2971481141,19242000000.0,9383000000.0,5784000000.0,3690000000.0,9747000000.0,1950000000.0,10348000000.0,31472100000.0,34673100000.0,28.433333333333334,1.5674796747967479,0.21546616775802932,0.441862943621443,0.023353518043913436,28.433333333333334,0.024512416071618887,9.651057957681692,34.20880434782609,3.3541617819460727,0.691304347826087,1.1753846153846155,0.0050520937592343695,0.16947302775179296,0.9002710027100271,0.011953019436648997,52.54106844741236,0.297148114075437,4.833333333333333,1.049910873440285,0.3246405069461369,0.18657624760911154,0.37057991513437055,4.9655172413793105,0.9146341463414634,-0.43310990085183626,0.00934080387205373,0.02932690664205382,Electronic Components,Technology,TEL
2020Q3,2020,Q3,2020-07-30,2020-06-26,-58000000.0,2548000000.0,246000000.0,-0.18,707000000.0,0.2774725275,18840000000.0,9036000000.0,5319000000.0,3727000000.0,9696000000.0,2227000000.0,10125000000.0,25964400000.000004,29576400000.000004,27.381818181818183,1.4271532063321706,0.21687898089171975,0.45219123505976094,-0.008561686990772244,27.381818181818183,-0.006418769366976538,10.190109890109891,-111.91551724137932,2.8734395750332005,-2.7413793103448274,0.8266726537943422,0.006123769468965198,0.13524416135881104,0.7029782667024417,-0.0030785562632696392,103.85760000000002,0.2774725274725275,0.8666666666666667,-1.2309306658821222,0.005391956771045949,0.21776954560391965,-0.3129251700680272,0.8716814159292036,-0.5401869158878505,-1.1434343434343435,-0.1859131859131858,0.06340066235044907,Electronic Components,Technology,TEL
2020Q2,2020,Q2,2020-05-04,2020-03-27,-452000000.0,3195000000.0,535000000.0,-1.35,1029000000.0,0.3220657277,19367000000.0,9066000000.0,5715000000.0,3959000000.0,10196000000.0,2001000000.0,11122000000.0,20968520000.0,24527520000.0,27.143712574850298,1.4435463500884063,0.22486704187535497,0.4803662033973086,0.04394641815429406,27.143712574850298,-0.04985660710346349,6.562917057902974,-11.597632743362832,2.3128744760644167,-0.33849557522123896,1.0824587706146926,0.007296652314994096,0.16497134300614447,0.8226824955796919,-0.023338668869726856,60.25436781609196,0.3220657276995305,-17.875,-2.743007655574926,0.2632408771036771,0.22900111446924803,-0.000970873786407767,-18.384615384615383,0.13588110403397027,-2.1895616175057295,0.0552987610153105,0.10398282607639742,Electronic Components,Technology,TEL
2020Q1,2020,Q1,2020-01-29,2019-12-27,26000000.0,3168000000.0,471000000.0,0.08,1030000000.0,0.3251262626,19976000000.0,10557000000.0,5566000000.0,3404000000.0,9419000000.0,2003000000.0,12206000000.0,31995850000.0,35226850000.0,31.513432835820897,1.635135135135135,0.19888866639967961,0.37633797480344794,0.001586299805245201,31.513432835820897,0.0024628208771431278,10.099700126262626,307.6524038461539,3.0307710523823057,5.923076923076923,1.0673989016475287,0.004813124202044952,0.15859030837004406,0.9048178613396005,0.001301561874249099,136.15255319148937,0.32512626262626265,-0.9272727272727272,-0.9330761447002277,0.11046843107026903,0.3996035753141756,-0.02091254752851711,-0.9301075268817204,0.060810810810810814,-0.9324453526986097,0.09911558758606583,0.26952383043479006,Electronic Components,Technology,TEL
2019Q4,2019,Q4,2019-11-12,2019-09-27,372000000.0,3300000000.0,444000000.0,1.1,1052000000.0,0.3187878788,19694000000.0,10570000000.0,5554000000.0,3540000000.0,9124000000.0,1836000000.0,12256000000.0,31150559999.999996,34188559999.999996,31.458333333333332,1.5689265536723165,0.2013303544226668,0.3751182592242195,0.026282964106996525,31.458333333333332,0.035193945127719964,9.439563636363635,20.934516129032257,2.947072847682119,0.41397849462365593,1.224400871459695,0.004943731348649912,0.16756372499238348,0.9172316384180791,0.018889001726414136,44.5644635193133,0.3187878787878788,-0.506726457399103,-0.3170114199525964,0.12362637362637365,0.42849542948077407,-0.05225225225225225,-0.5085865257595773,-0.14615384615384616,-0.10060477280156903,0.0464007031383982,0.3161706933804754,Electronic Components,Technology,TEL
2019Q3,2019,Q3,2019-07-26,2019-06-28,757000000.0,3389000000.0,520000000.0,2.23,1110000000.0,0.3275302449,19748000000.0,10622000000.0,5422000000.0,3694000000.0,9126000000.0,1961000000.0,11893000000.0,32277860000.0,35767860000.0,31.519287833827892,1.4677855982674608,0.20437512659509824,0.37996610807757486,0.052418002450677265,31.519287833827892,0.07126718132178497,9.524302154027737,10.659795244385734,3.038774242138957,0.2047556142668428,1.162162162162162,0.00480205317205044,0.17161231517115658,0.8145641580942068,0.0383329957464047,61.834980842911875,0.32753024491000293,0.7286821705426356,1.2797343366884861,0.14889925898910858,0.4579720339330024,-0.007155635062611807,0.724373576309795,-0.018867924528301886,-0.04418853870829699,0.15031323179723466,0.3614501822960143,Electronic Components,Technology,TEL
2019Q2,2019,Q2,2019-04-26,2019-03-29,439000000.0,3412000000.0,530000000.0,1.29,1118000000.0,0.3276670574,19262000000.0,9994000000.0,5446000000.0,3867000000.0,9268000000.0,1970000000.0,11710000000.0,27293500000.0,30710500000.0,29.568047337278106,1.408326868373416,0.20672827328418647,0.39843906343806285,0.031285775615340586,29.568047337278106,0.04392635581348809,7.999267291910903,15.542995444191343,2.7309885931558937,0.33940774487471526,1.164467005076142,0.00545917526150915,0.17713633059910705,0.7830359451771399,0.02279098743640328,74.77671232876712,0.3276670574443142,0.1621621621621621,0.4710353395011279,0.20630036958535036,0.44440598216180416,0.003590664272890485,0.1462140992167102,0.09504132231404959,0.24412955465587044,0.24473629351678144,0.453249963646939,Electronic Components,Technology,TEL
2019Q1,2019,Q1,2019-01-24,2018-12-28,383000000.0,3347000000.0,484000000.0,1.11,1114000000.0,0.332835375,19188000000.0,10236000000.0,5378000000.0,3471000000.0,8952000000.0,1986000000.0,11886000000.0,25564500000.0,29026500000.0,29.92982456140351,1.5494093921060212,0.20674379820721284,0.3875537319265338,0.02831151586776372,29.92982456140351,0.03741695974990231,7.638034060352554,16.687010443864228,2.497508792497069,0.391644908616188,1.1243705941591138,0.005867511588335386,0.17443193662705858,0.8311725727456064,0.019960391911611423,293.8448275862069,0.33283537496265314,-0.7663157894736842,0.30388648675513164,0.20934213163696958,0.42771099056834294,-0.05752961082910321,-0.769416014449127,-0.15087719298245614,0.22140218345675344,0.3299758691941052,0.3434746946648422,Electronic Components,Technology,TEL
2018Q4,2018,Q4,2018-11-13,2018-09-28,1661000000.0,3509000000.0,570000000.0,4.75,1182000000.0,0.3368481049,20386000000.0,10831000000.0,6199000000.0,4410000000.0,9555000000.0,1857000000.0,12114000000.0,30511710000.000004,33663710000.000004,31.213256484149856,1.4056689342403628,0.19621308741293045,0.3693103129904903,0.11783308054631635,31.213256484149856,0.1533561074693011,8.695272157309775,4.592370559903673,2.8170722924937683,0.09211318482841661,1.253096392030156,0.005014468215645731,0.17212793093299322,0.7276643990929705,0.08147748454821936,46.090196374622366,0.33684810487318323,2.682170542635659,4.108333519498991,0.21690497302889233,0.5383144305434235,-0.02875924404272802,2.658590308370044,0.021505376344086023,13.078657399559248,0.35554851619781963,0.3025876467042194,Electronic Components,Technology,TEL
2018Q3,2018,Q3,2018-07-26,2018-06-29,454000000.0,3764000000.0,558000000.0,1.29,1217000000.0,0.3233262487,19013000000.0,9492000000.0,5941000000.0,4046000000.0,9521000000.0,1961000000.0,10432000000.0,31430940000.0,34668940000.0,27.197707736389685,1.4683638161146813,0.21080313469731238,0.4222503160556258,0.035075389408099684,27.197707736389685,0.04782975136957438,8.350409139213603,17.307786343612335,3.311308470290771,0.3392070484581498,1.2988271290158082,0.004899630746010141,0.1979698101299111,0.8306969846762234,0.023878398990164623,56.02663101604278,0.3233262486716259,-0.06521739130434773,0.6115126373861353,0.29771429948134975,0.43200313506745996,-0.02091713596138375,-0.07346938775510205,-0.10576923076923077,0.7092200554520081,0.404345964186138,0.2095814811013487,Electronic Components,Technology,TEL
2018Q2,2018,Q2,2018-04-25,2018-03-30,490000000.0,3745000000.0,624000000.0,1.38,1243000000.0,0.3319092123,19247000000.0,9480000000.0,5960000000.0,4164000000.0,9767000000.0,2045000000.0,9957000000.0,35064900000.0,38515900000.0,27.00854700854701,1.431316042267051,0.2083441575310438,0.4229957805907173,0.03793031875463307,27.00854700854701,0.05168776371308017,9.363124165554073,17.89025510204082,3.698829113924051,0.2857142857142857,1.2234718826405868,0.003992596585189178,0.19457577804333143,0.7689721421709894,0.025458513015015328,205.05789473684212,0.33190921228304404,13.545454545454545,1.116695979511864,0.37249512440936644,0.4680457801979737,0.056074766355140186,13.564102564102564,0.07401032702237521,0.7980273360020196,0.4089853593422706,0.22288114723313293,Electronic Components,Technology,TEL
2018Q1,2018,Q1,2018-01-24,2017-12-29,-39000000.0,3480000000.0,581000000.0,-0.11,1177000000.0,0.3382183908,18811000000.0,9631000000.0,5733000000.0,3635000000.0,9180000000.0,1984000000.0,10047000000.0,33454080000.000004,36755080000.0,27.360795454545453,1.5771664374140302,0.2129073414491521,0.4158446682587478,-0.0029620397720409824,27.360795454545453,-0.004049423735852975,9.613241379310345,-214.44923076923078,3.473583220849341,-3.6153846153846154,1.1607862903225807,0.0042147325528007346,0.18499813938652915,0.8478679504814305,-0.002073255010366275,306.9181651376147,0.3382183908045977,-1.0901639344262295,-1.168793075155891,0.33122063004003016,0.420378359185408,0.033362598770851626,-1.0898617511520738,0.05253623188405797,-1.0955376059322035,0.1609203693017889,0.2151728230030554,Electronic Components,Technology,TEL
2017Q4,2017,Q4,2017-11-14,2017-09-29,434000000.0,3456000000.0,552000000.0,1.22,1139000000.0,0.3295717593,19403000000.0,9751000000.0,5926000000.0,3847000000.0,9652000000.0,1813000000.0,10175000000.0,29320180000.0,32446180000.0,27.623229461756374,1.5404211073563816,0.2238829047054579,0.4454927699723105,0.032309329549485635,27.623229461756374,0.04450825556353195,8.48384837962963,16.88950460829493,3.0068895497897654,0.3248847926267281,1.277992277992278,0.0048089745697332004,0.1781167860640107,0.9118793865349623,0.022367675101788383,47.06288924558587,0.32957175925925924,0.0,0.31018399290353954,0.22816153708824993,0.4624266507164961,0.0008787346221441124,-0.0022988505747126436,0.029850746268656716,-0.2415537581343281,0.12007290160264676,0.2543467136514218,Electronic Components,Technology,TEL
2017Q3,2017,Q3,2017-07-26,2017-06-30,435000000.0,3367000000.0,536000000.0,1.22,1138000000.0,0.337986338,18520000000.0,9141000000.0,5354000000.0,3872000000.0,9379000000.0,1787000000.0,9747000000.0,27931400000.000004,31167400000.000004,25.749295774647887,1.3827479338842976,0.21549676025917927,0.43660431025051966,0.03505497626485982,25.749295774647887,0.04758779127010174,8.295634095634096,16.052528735632187,3.0556175473142986,0.3264367816091954,1.247341913822048,0.005083884087442806,0.18180345572354212,0.78150826446281,0.023488120950323974,77.58722222222224,0.337986337986338,0.07964601769911513,1.6354306744992566,0.1601511900784528,0.4249674930888667,0.02707581227436823,0.07407407407407407,0.1331923890063425,0.24359556844790817,0.08356519002281838,0.19107237862824986,Electronic Components,Technology,TEL
2017Q2,2017,Q2,2017-04-26,2017-03-31,405000000.0,3227000000.0,473000000.0,1.13,1108000000.0,0.3433529594,18056000000.0,8753000000.0,5146000000.0,3935000000.0,9303000000.0,1660000000.0,9661000000.0,26539800000.0,29718800000.0,24.587078651685392,1.307750952986023,0.21887461231723526,0.45150234205415285,0.03396663261831801,24.587078651685392,0.0462698503370273,8.224295010845987,16.382592592592594,3.0320804295670056,0.3234567901234568,1.2765060240963855,0.004935982938831491,0.17872175454142666,0.7667090216010165,0.02243021710234825,73.31436464088398,0.34335295940502014,-0.008771929824561412,0.8901652603506317,0.1913164292556742,0.36808477772604403,0.04037558685446009,-0.009779951100244499,-0.026748971193415638,0.28848780184989753,0.0832086167429156,0.2010845046099142,Electronic Components,Technology,TEL
2017Q1,2017,Q1,2017-01-26,2016-12-30,409000000.0,3063000000.0,486000000.0,1.14,1065000000.0,0.347698335,17615000000.0,8837000000.0,4809000000.0,3513000000.0,8778000000.0,1636000000.0,9256000000.0,24663680000.0,28026680000.0,24.823033707865168,1.3689154568744664,0.2286687482259438,0.45581079551884124,0.03334223288666588,24.823033707865168,0.04628267511598959,8.05213189683317,15.07559902200489,2.790956206857531,0.32273838630806845,1.2212713936430317,0.0053519993772218905,0.1738858927050809,0.7682892115001423,0.023218847573091117,90.0134306569343,0.3476983349657199,-0.06557377049180334,0.8779710458081242,0.10506840384243167,0.391609197446603,-0.035326086956521736,-0.06407322654462243,-0.059961315280464215,0.3376436324283032,0.06320393630030997,0.1841071093236518,Electronic Components,Technology,TEL
2016Q4,2016,Q4,2016-11-15,2016-09-30,437000000.0,3332000000.0,517000000.0,1.22,1104000000.0,0.331332533,17608000000.0,8485000000.0,4775000000.0,3066000000.0,9123000000.0,1596000000.0,8682000000.0,22854900000.0,26277900000.0,23.901408450704224,1.5574037834311807,0.23114493412085416,0.47967000589275194,0.03679988011848073,23.901408450704224,0.05150265173836181,6.85921368547419,13.074885583524027,2.693565114908662,0.30205949656750575,1.3959899749373434,0.005775566727485135,0.18923216719672875,0.8783431180691454,0.024818264425261246,48.01449579831933,0.33133253301320525,-0.4741379310344827,0.604812926639592,0.019947349656620282,0.3591247781039999,0.08023483365949119,-0.4791418355184744,0.0465587044534413,0.31368781162426745,0.12948225483436754,0.1779572422602439,Electronic Components,Technology,TEL
2016Q3,2016,Q3,2016-07-22,2016-06-24,839000000.0,3121000000.0,494000000.0,2.32,1022000000.0,0.3274591477,17500000000.0,8265000000.0,4929000000.0,3311000000.0,9235000000.0,1610000000.0,8245000000.0,20463240000.0,23805240000.0,23.15126050420168,1.4886741165810933,0.23062857142857143,0.48832425892317,-0.13932471614773867,23.15126050420168,0.10151240169388989,6.556629285485421,6.097508939213349,2.47589110707804,0.1573301549463647,1.303726708074534,0.006450591401948079,0.17834285714285714,0.8613711869525823,0.04794285714285714,36.026830985915495,0.3274591477090676,1.2524271844660193,1.8929893083994163,0.02450623585449185,0.33559087001137095,0.062370062370062374,1.2078947368421054,-0.07663551401869159,1.911367532087462,0.05191453212192381,0.21895116838920292,Electronic Components,Technology,TEL
2016Q2,2016,Q2,2016-04-21,2016-03-25,380000000.0,2952000000.0,535000000.0,1.03,962000000.0,0.3258807588,17841000000.0,7406000000.0,5414000000.0,3097000000.0,10435000000.0,1635000000.0,7406000000.0,22189440000.0,24923440000.0,20.346153846153847,1.7481433645463351,0.2177008015245782,0.5244396435322711,0.035517475010709086,20.346153846153847,0.051309748852281935,7.516747967479675,14.598315789473684,2.9961436672967863,0.3105263157894737,1.217125382262997,0.005317844884774019,0.16546157726584831,1.047788182111721,0.021299254526091587,964.7582608695652,0.3258807588075881,0.13186813186813187,0.5467308611121322,0.034758444320656286,0.2304909425045944,0.01798941798941799,0.0764872521246459,0.3442211055276382,0.5828936406553736,0.04323241842384258,0.10591233536749256,Electronic Components,Technology,TEL
2016Q1,2016,Q1,2016-01-22,2015-12-25,353000000.0,2833000000.0,398000000.0,0.91,945000000.0,0.3335686551,19223000000.0,8577000000.0,6505000000.0,3266000000.0,10646000000.0,1700000000.0,7026000000.0,25136650000.000004,26783650000.000004,22.277922077922078,1.9917330067360686,0.20132133381886283,0.45120671563483733,0.027120645989256224,22.277922077922078,0.041156581555322376,8.872802682668551,17.802160056657225,2.930704208930862,0.3597733711048159,1.1105882352941177,0.0050523836708551055,0.1473755397180461,1.2556644213104715,0.018363418821203768,110.73414096916301,0.33356865513589834,1.6764705882352942,0.5362117128154863,0.020983766233766268,0.3477854479625838,-0.023760330578512397,1.5955882352941178,-0.022113022113022112,0.39683998312157165,-0.009169643375131547,0.15651163942466692,Electronic Components,Technology,TEL
2015Q4,2015,Q4,2015-11-10,2015-09-25,136000000.0,2984000000.0,407000000.0,0.34,968000000.0,0.3243967828,20608000000.0,9585000000.0,7887000000.0,3577000000.0,11023000000.0,1615000000.0,6673000000.0,23368000000.0,23942000000.0,23.9625,2.2049203242941013,0.1893924689440994,0.40719874804381845,0.010576793728828068,23.9625,0.014188836724047992,7.831099195710456,42.955882352941174,2.4379760041731875,0.9705882352941176,1.248297213622291,0.0056487504279356384,0.14479813664596272,1.523343584008946,0.006599378881987578,52.0445434298441,0.32439678284182305,-0.5466666666666666,-0.4917171717171717,0.0558622888109659,0.5095559023836548,-0.07633587786259542,-0.5598705501618123,-0.13219616204690832,-0.6376767676767677,-0.06417360285374554,0.2686206247647723,Electronic Components,Technology,TEL
2015Q3,2015,Q3,2015-07-23,2015-06-26,309000000.0,3118000000.0,469000000.0,0.75,1048000000.0,0.3361128929,20441000000.0,9129000000.0,7736000000.0,4041000000.0,11306000000.0,1717000000.0,5633000000.0,26844720000.0,30169720000.0,22.485221674876847,1.9143776292996784,0.19695709603248374,0.44101215905356556,0.027746778348886423,22.485221674876847,0.03384817614196516,8.609595894804361,21.719029126213595,2.940598093986198,0.4336569579288026,1.2055911473500291,0.00499167061530163,0.1525365686610244,0.7141796585003712,0.015116677266278558,58.10545454545454,0.3361128928800513,-0.025974025974025997,0.04014778325123157,0.12308402496917197,0.49305579731588006,-0.0028544243577545195,-0.022151898734177215,0.046875,0.6369037304750352,-0.06060141039593304,0.244333446708985,Electronic Components,Technology,TEL
2015Q2,2015,Q2,2015-04-23,2015-03-27,316000000.0,3082000000.0,448000000.0,0.77,1051000000.0,0.3410123297,20243000000.0,8989000000.0,7612000000.0,4141000000.0,11248000000.0,1684000000.0,5324000000.0,28709780000.000004,32138780000.000004,22.085995085995087,1.8382033325283749,0.20382354394111546,0.45900545110690844,0.026327701477548517,22.085995085995087,0.03515407720547336,9.315308241401688,22.7134335443038,3.1938791856713764,0.37341772151898733,1.2060570071258907,0.00411009767403303,0.1522501605493257,0.6739917894228448,0.015610334436595366,118.63545454545456,0.3410123296560675,-0.3245614035087719,0.16717315401525934,0.1703158872587347,0.48693278643190263,-0.10247651579846286,-0.3305084745762712,-0.06079664570230608,0.2899932121722005,-0.004786201462101753,0.22891841304663824,Electronic Components,Technology,TEL
2015Q1,2015,Q1,2015-01-28,2014-12-26,472000000.0,3466000000.0,477000000.0,1.14,1171000000.0,0.3378534334,20153000000.0,9164000000.0,6045000000.0,3876000000.0,10983000000.0,1942000000.0,4725000000.0,26353250000.0,29708250000.0,22.515970515970515,1.5595975232198143,0.2095469657123009,0.4608249672632038,0.044610363710468545,22.515970515970515,0.0515058926233086,7.6033612233121755,13.958289194915254,2.875736577913575,0.25,1.181771369721936,0.004477626099247721,0.1719843199523644,0.8299793601651186,0.023420830645561455,172.24346405228758,0.3378534333525678,-0.2830188679245284,2.0947945831666765,0.3516011296094283,0.47682630277657423,-0.022537562604340568,-0.28808446455505277,-0.08445297504798464,0.8956718956718956,0.09377076738817436,0.26227245340818756,Electronic Components,Technology,TEL
2014Q4,2014,Q4,2014-11-12,2014-09-26,663000000.0,3575000000.0,521000000.0,1.59,1198000000.0,0.3351048951,20152000000.0,9007000000.0,7544000000.0,3954000000.0,11139000000.0,1745000000.0,4253000000.0,24049200000.0,25540200000.0,22.022004889975552,1.907941325240263,0.19591107582373957,0.43832574664150104,0.053918807036764986,22.022004889975552,0.0736094148995226,6.727048951048951,9.068325791855203,2.6700566226268454,0.1794871794871795,1.3621776504297993,0.004948189544766562,0.17740174672489084,1.2382397572078907,0.032899960301707026,43.56739130434783,0.3351048951048951,0.6391752577319589,7.000552094013724,0.48704283350340094,0.4407212435146491,-0.0049833887043189366,0.6451612903225806,-0.026168224299065422,1.1133019334903327,-0.05015256948772798,0.25225476026754207,Electronic Components,Technology,TEL
2014Q3,2014,Q3,2014-07-24,2014-06-27,403000000.0,3580000000.0,535000000.0,0.97,1204000000.0,0.3363128492,18871000000.0,8842000000.0,6873000000.0,3860000000.0,10023000000.0,1810000000.0,3590000000.0,25333460000.0,26720460000.0,21.618581907090466,1.7805699481865285,0.15897408722378253,0.33928975344944584,0.03532270780201873,21.618581907090466,0.04557792354670889,7.076385474860335,15.715545905707195,2.8651277991404656,0.29528535980148884,1.312707182320442,0.0046973449343279605,0.18970907742038048,1.066321243523316,0.021355519050394785,77.94910769230769,0.33631284916201115,0.11494252873563215,15.117184771219002,0.5984448785890043,0.4002701899939801,0.026427962489343565,0.1132596685082873,0.049019607843137254,0.21292744240504147,0.02576711573401103,0.2471709958281893,Electronic Components,Technology,TEL
2014Q2,2014,Q2,2014-04-24,2014-03-28,362000000.0,3431000000.0,510000000.0,0.87,1173000000.0,0.341882833,18628000000.0,8393000000.0,6566000000.0,4087000000.0,10229000000.0,1850000000.0,3187000000.0,24399100000.0,25965100000.0,20.470731707317075,1.6065573770491803,0.16077947176293753,0.3568449898725128,0.0326027397260274,20.470731707317075,0.04313118074585964,7.111366948411542,16.850207182320442,2.907077326343381,0.281767955801105,1.2205405405405405,0.004180482066961487,0.1841850977023835,0.9373623684854416,0.019433111445136354,86.82953736654804,0.3418828329932964,0.03571428571428575,1.1247317975955824,0.5605366648129024,0.3259220933320917,0.050134288272157566,0.025495750708215296,0.06471816283924843,0.30814911493596553,0.06772858828818716,0.2380251394322818,Electronic Components,Technology,TEL
2014Q1,2014,Q1,2014-01-23,2013-12-27,353000000.0,3326000000.0,479000000.0,0.84,1117000000.0,0.3358388455,18443000000.0,8616000000.0,6358000000.0,3409000000.0,9821000000.0,1836000000.0,2825000000.0,22411830000.0,24012830000.0,20.963503649635037,1.8650630683484892,0.16255489887762295,0.3479572887650882,0.030376309319057628,20.963503649635037,0.0409702878365831,6.73837342152736,15.872400849858359,2.6011873259052924,0.29178470254957506,1.2031590413943356,0.004595787135633279,0.18033942417177248,1.07978879436785,0.019140053136691426,88.93583333333333,0.335838845460012,-0.0869565217391305,12.263607924921793,0.3223346230702669,-0.08438022883409634,-0.03373702422145329,-0.08785529715762273,0.030107526881720432,0.4390304365789835,0.12282846715328473,0.268264834505785,Electronic Components,Technology,TEL
2013Q4,2013,Q4,2013-11-15,2013-09-27,387000000.0,3432000000.0,465000000.0,0.92,1156000000.0,0.3368298368,18461000000.0,8380000000.0,6309000000.0,3924000000.0,10075000000.0,1762000000.0,2472000000.0,21459480000.0,23070480000.0,20.290556900726394,1.6077981651376148,0.16326309517360924,0.3596658711217184,0.03511008828313186,20.290556900726394,0.04618138424821002,6.252762237762238,13.862713178294573,2.560797136038186,0.2661498708010336,1.2917139614074915,0.004799743516618296,0.18590542224148204,0.9495412844036697,0.020963111424083202,55.024307692307694,0.3368298368298368,0.15,2.9824455205811136,0.02921118688495449,-0.15891216315059922,0.02120141342756184,0.15522388059701492,0.05922551252847381,0.40083645168390925,0.17615803257380278,0.27823599090841633,Electronic Components,Technology,TEL
2013Q3,2013,Q3,2013-07-25,2013-06-28,335000000.0,3449000000.0,439000000.0,0.8,1132000000.0,0.3282110757,18090000000.0,7882000000.0,6018000000.0,4003000000.0,10202000000.0,1762000000.0,2085000000.0,18899100000.0,20655100000.0,18.99277108433735,1.5033724706470148,0.16683250414593698,0.3828977416899264,0.03146206152185645,18.99277108433735,0.04250190307028673,5.479588286459843,14.103805970149253,2.3977543770616596,0.31044776119402984,1.314982973893303,0.005502907545861972,0.1906578220011056,0.8790906819885086,0.018518518518518517,41.35470459518599,0.32821107567410845,0.23076923076923078,0.1692588535962031,0.01652587833421708,-0.21675915983838728,0.07604562737642585,0.20938628158844766,0.22284122562674094,0.10321285140562257,0.21536652446361318,0.2611513190571472,Electronic Components,Technology,TEL
2013Q2,2013,Q2,2013-04-24,2013-03-29,277000000.0,3265000000.0,359000000.0,0.65,1052000000.0,0.3222052067,18140000000.0,7727000000.0,5864000000.0,3901000000.0,10407000000.0,1803000000.0,1750000000.0,17610600000.0,19567600000.0,18.39761904761905,1.5032043065880543,0.16703417861080486,0.3921314869936586,0.02744930643758598,18.39761904761905,0.03584832405849618,5.39375191424196,15.89404332129964,2.2790992623269055,0.3176895306859206,1.2273987798114254,0.004996990448934165,0.17998897464167585,0.8426044603947705,0.015270121278941565,55.37924528301887,0.3222052067381317,0.0,0.06487897484575221,0.031696184754622755,-0.22720459315964933,0.06370070778564206,0.0,1.1369047619047619,-0.008544799498746806,0.20143082596582765,0.23861401071919647,Electronic Components,Technology,TEL
2013Q1,2013,Q1,2013-01-25,2012-12-28,277000000.0,3134000000.0,168000000.0,0.65,989000000.0,0.3155711551,18136000000.0,8129000000.0,5753000000.0,3111000000.0,10002000000.0,1808000000.0,1473000000.0,15335480000.000002,17401480000.0,19.26303317535545,1.8492446158791385,0.16751213056903397,0.37372370525279863,0.12345197772849628,19.26303317535545,0.03407553204576209,4.893261008296108,13.84068592057762,1.8865149464878832,0.3212996389891697,1.1863938053097345,0.005803535331140597,0.1728054697838553,1.0231436837029895,0.01527348919276577,57.652180451127826,0.3155711550733886,-0.3010752688172043,-0.6569299686874186,0.0023303349775929696,-0.1640157096004635,-0.07048872180451128,-0.3005050505050505,-0.5810473815461347,0.7516670340570925,0.17869363434347413,0.2634655940966206,Electronic Components,Technology,TEL
2012Q4,2012,Q4,2012-11-13,2012-09-28,396000000.0,3364000000.0,401000000.0,0.93,1064000000.0,0.3162901308,19306000000.0,7971000000.0,6503000000.0,4004000000.0,11329000000.0,1808000000.0,1196000000.0,14352220000.0,16474220000.0,18.88862559241706,1.6241258741258742,0.1922200352222107,0.4655626646593903,0.03595229728146766,18.88862559241706,0.049680090327436956,4.266414982164091,9.060744949494948,1.8005545100991092,0.22474747474747475,1.2721238938053097,0.006201131253562167,0.17424634828550709,0.9820179820179821,0.02051175800269346,25.4021592920354,0.3162901307966706,1.0217391304347827,0.8181279620853081,0.09253819690443675,-0.17651768534421536,0.04518664047151277,0.9899497487437185,0.08086253369272237,3.6314019263109616,0.3561704474790875,0.23572963895658933,Electronic Components,Technology,TEL
2012Q3,2012,Q3,2012-07-26,2012-06-29,199000000.0,3499000000.0,371000000.0,0.46,1018000000.0,0.2909402686,18942000000.0,7734000000.0,6432000000.0,4070000000.0,11202000000.0,1868000000.0,800000000.0,13657480000.0,16114480000.0,18.070093457943926,1.5803439803439803,0.1984478935698448,0.4860356865787432,0.024117628821541545,18.070093457943926,0.025730540470649082,3.903252357816519,17.157638190954774,1.7659012154124643,0.45226130653266333,1.3281584582441113,0.006589795482036217,0.1847217822827579,0.9078624078624079,0.010505754408193433,35.019179487179485,0.2909402686481852,-0.23333333333333328,1.2479418194216036,0.1908238925836247,-0.17840669210519336,-0.002938295788442703,-0.22568093385214008,-0.03636363636363636,6.60530707610147,0.49292544232288477,0.1704289073311156,Electronic Components,Technology,TEL
2012Q2,2012,Q2,2012-04-30,2012-03-30,257000000.0,3249000000.0,385000000.0,0.6,1021000000.0,0.3142505386,19029000000.0,7674000000.0,8311000000.0,4371000000.0,11346000000.0,1833000000.0,601000000.0,15692250000.0,16798250000.0,17.971896955503514,1.9013955616563716,0.20873403752167743,0.5175918686473807,0.024678814249707123,17.971896955503514,0.03348970549908783,4.829870729455217,15.264834630350194,2.044859265050821,0.29571984435797666,1.215493726132024,0.004843155060619096,0.1707393977613117,1.1791352093342484,0.013505701823532503,41.079188481675395,0.3142505386272699,-0.016393442622950834,0.07989583949813579,0.1802818198563271,-0.23125632267103483,0.038657171922685654,-0.011538461538461539,0.018518518518518517,1.0850271682989798,0.4189234031840964,0.16406856252589583,Electronic Components,Technology,TEL
2012Q1,2012,Q1,2012-01-27,2011-12-30,260000000.0,3309000000.0,378000000.0,0.61,983000000.0,0.2970686008,17523000000.0,7581000000.0,6577000000.0,3820000000.0,9933000000.0,1918000000.0,344000000.0,13094250000.0,14550250000.0,17.837647058823528,1.7217277486910996,0.16241511156765395,0.3754122147473948,0.026612767764435486,17.837647058823528,0.03429626698324759,3.9571622846781507,12.590625,1.7272457459438069,0.29615384615384616,1.2127215849843587,0.005880443706206924,0.18883752782057867,0.9505235602094241,0.014837641956286025,170.05519480519482,0.2970686007857359,-0.1973684210526316,0.08201800293070965,0.25067340963534746,0.0,-0.2021103896103896,-0.20245398773006135,-0.1870967741935484,9.022857142857145,0.27223923104307585,-0.2209077933200115,Electronic Components,Technology,TEL
2011Q4,2011,Q4,2011-11-18,2011-09-30,326000000.0,3911000000.0,465000000.0,0.76,1232000000.0,0.3150089491,17723000000.0,7474000000.0,6632000000.0,3401000000.0,10239000000.0,1939000000.0,84000000.0,11959500000.0,13409500000.0,17.585882352941177,1.950014701558365,0.15059527168086667,0.3571046293818571,0.03391657666411046,17.585882352941177,0.04361787530104362,3.0579135770902584,9.171395705521473,1.60014717687985,0.2331288343558282,1.3816400206291903,0.006354780718257453,0.22067370084071544,1.0714495736548073,0.018394177058060148,28.2063679245283,0.3150089491178727,-0.050000000000000044,0.03313884903554925,0.21637484355444317,-0.2168294328484082,0.0951111111111111,-0.08169014084507042,-0.012738853503184714,2.26,0.13974096060442528,-0.2710268219994581,Electronic Components,Technology,TEL
2011Q3,2011,Q3,2011-07-22,2011-06-24,355000000.0,3729000000.0,471000000.0,0.8,1125000000.0,0.301689461,18032000000.0,7575000000.0,6860000000.0,3691000000.0,10446000000.0,1996000000.0,-242000000.0,15150790000.0,16593790000.0,17.334096109839816,1.8585749119479815,0.1472382431233363,0.3504950495049505,0.038136094875859866,17.334096109839816,0.04686468646864687,4.062963260927862,10.66957042253521,2.000104290429043,0.22253521126760564,1.3046092184368738,0.005214249553983653,0.20679902395740904,1.0365754538065566,0.019687222715173026,51.53329931972789,0.3016894609814964,0.19402985074626866,0.3548369757191344,0.32282933458575236,0.0,0.07758620689655173,0.18729096989966554,0.16296296296296298,0.17668677622911044,0.04372067858221945,-0.2851610783794813,Electronic Components,Technology,TEL
2011Q2,2011,Q2,2011-04-26,2011-03-25,299000000.0,3472000000.0,405000000.0,0.67,1044000000.0,0.3006912442,18080000000.0,7325000000.0,6743000000.0,3750000000.0,10744000000.0,1912000000.0,-596000000.0,15119590000.000002,16624590000.000002,16.534988713318285,1.7981333333333334,0.1517699115044248,0.3746075085324232,0.03226400935151731,16.534988713318285,0.04081911262798635,4.3547206221198165,12.641797658862878,2.0641078498293517,0.23411371237458195,1.2698744769874477,0.0046297551719325725,0.1920353982300885,0.9957333333333334,0.016537610619469026,34.13,0.30069124423963134,0.1355932203389832,0.21099982886619775,0.2157376642627866,-0.2927197357329213,0.022526934378060724,0.12830188679245283,0.0125,0.08977599124063496,0.04014508101630679,-0.30544472647599946,Electronic Components,Technology,TEL
2011Q1,2011,Q1,2011-01-24,2010-12-24,265000000.0,3200000000.0,400000000.0,0.59,1021000000.0,0.3190625,18102000000.0,7339000000.0,6788000000.0,3868000000.0,10756000000.0,1836000000.0,-895000000.0,15819720000.000002,17627720000.0,16.52927927927928,1.7549120992761116,0.17760468456524142,0.4380705818231367,0.026688970311745032,16.52927927927928,0.03610846164327565,4.9436625,14.924264150943397,2.155568878593814,0.2679245283018868,1.1868191721132897,0.004488069321075215,0.1767760468456524,0.9896587383660806,0.01463926637940559,427.56000000000006,0.3190625,0.053571428571428416,0.05563303517040166,0.15771880477762837,0.0,0.028197381671701913,-0.10774410774410774,0.04712041884816754,-0.6880547565479073,-0.02727217012931296,-0.2826561796725416,Electronic Components,Technology,TEL
2010Q4,2010,Q4,2010-11-10,2010-09-24,297000000.0,3137000000.0,382000000.0,0.56,993000000.0,0.3165444692,16992000000.0,7048000000.0,6731000000.0,3460000000.0,9936000000.0,1583000000.0,-1161000000.0,12991440000.0,13414440000.0,15.873873873873874,1.9453757225433526,0.14200800376647835,0.342366628830874,0.0257398795053377,15.873873873873874,0.04213961407491487,4.141357985336309,10.935555555555556,1.8432803632236097,0.23905723905723905,1.354390397978522,0.0054651370440844125,0.1846162900188324,1.228034682080925,0.017478813559322032,38.43621301775148,0.3165444692381256,-0.22222222222222213,-0.09904416611733675,-0.0661006085873107,-0.2930721043624269,0.008121827411167513,-0.1,-0.18201284796573874,0.29603040540540554,-0.0316672018799678,-0.30795100277389104,Electronic Components,Technology,TEL
2010Q3,2010,Q3,2010-07-23,2010-06-25,330000000.0,3084000000.0,467000000.0,0.72,985000000.0,0.3193904021,16469000000.0,6792000000.0,6333000000.0,3337000000.0,9669000000.0,1586000000.0,-1459000000.0,12425050000.0,13025050000.0,15.059866962305987,1.8978124063530117,0.14663914020280527,0.35556537102473496,0.03534541796001898,15.059866962305987,0.04858657243816254,4.028874837872892,9.412916666666668,1.8293654299175501,0.21818181818181817,1.3234552332912988,0.005794745292775481,0.1872609144453215,1.2079712316451903,0.020037646487339852,43.9047703180212,0.31939040207522695,0.09090909090909081,0.22033065968243565,0.06006061251561297,0.0,0.028183716075156576,0.08552631578947369,0.17336683417085427,1.3901915628598345,-0.003940702308014284,-0.31527272159307695,Electronic Components,Technology,TEL
2010Q2,2010,Q2,2010-04-29,2010-03-26,304000000.0,2957000000.0,398000000.0,0.66,958000000.0,0.3239770037,16552000000.0,6788000000.0,6111000000.0,3280000000.0,9756000000.0,1550000000.0,-1798000000.0,12649760000.0,13224760000.0,14.853391684901531,1.863109756097561,0.1458434026099565,0.3556275780789629,0.03001122205021978,14.853391684901531,0.04478491455509723,4.277903280351707,10.402763157894737,1.863547436652917,0.23684210526315788,1.2896774193548388,0.005691807591606482,0.17864910584823587,1.1832317073170733,0.01836636056065732,30.19035799522673,0.3239770037199865,0.7837837837837839,0.1935318234601742,0.0036886331910057665,-0.3646496542390859,0.13912009512485138,0.7674418604651163,0.4795539033457249,0.1935318234601742,0.0036886331910057665,-0.3646496542390859,Electronic Components,Technology,TEL
2010Q1,2010,Q1,2010-01-28,2009-12-25,172000000.0,2892000000.0,269000000.0,0.37,841000000.0,0.290802213,16283000000.0,6998000000.0,5820000000.0,2761000000.0,9276000000.0,1458000000.0,-2102000000.0,11084850000.0,11804850000.0,15.246187363834423,2.1079319087287214,0.14831419271632992,0.3450985995998857,0.020429369265118662,15.246187363834423,0.024578450985996,3.832935684647303,16.111700581395347,1.5840025721634752,0.43023255813953487,1.406721536351166,0.006675778201779907,0.1776085487932199,1.3502354219485693,0.010563164036111282,43.641141732283465,0.29080221300138315,0.8499999999999999,-0.33722543980027764,0.01209593943157959,0.0,0.2170767004341534,0.8494623655913979,0.5284090909090909,-0.33722543980027764,0.01209593943157959,0.0,Electronic Components,Technology,TEL
2009Q4,2009,Q4,2009-11-18,2009-09-25,93000000.0,2698000000.0,176000000.0,0.2,691000000.0,0.2561156412,16220000000.0,7016000000.0,5579000000.0,2615000000.0,9194000000.0,1435000000.0,-2274000000.0,10355040000.0,11251040000.0,15.285403050108933,2.133460803059273,0.14901356350184958,0.3444982896237172,0.018438398363691922,15.285403050108933,0.013255416191562144,3.838042994810971,27.836129032258064,1.4759179019384263,0.7849462365591398,1.3986062717770036,0.007049707195723049,0.16633785450061653,1.3369024856596559,0.005733662145499384,21.394710743801653,0.25611564121571534,2.278688524590164,-0.7271020422622526,-0.22304153339822924,-0.31927909355697676,0.17717206132879046,2.3214285714285716,0.3435114503816794,-0.7271020422622526,-0.22304153339822924,-0.31927909355697676,Electronic Components,Technology,TEL
2009Q3,2009,Q3,2009-07-31,2009-06-26,28000000.0,2508000000.0,131000000.0,0.061,587000000.0,0.2340510367,16292000000.0,7071000000.0,5558000000.0,2625000000.0,9211000000.0,1640000000.0,-2361000000.0,8404300000.000001,9725300000.0,15.43886462882096,2.1173333333333333,0.15829855143628774,0.3647291755055862,0.012261407320742101,15.43886462882096,0.003959835949653515,3.350996810207337,75.03839285714287,1.1885589025597512,2.642857142857143,1.1713414634146342,0.008805016479659221,0.15394058433587038,1.163047619047619,0.001718634912840658,31.01217712177122,0.23405103668261562,1.0086158192090395,-0.8980393306175082,-0.15110314448618456,0.0,0.3340909090909091,1.0086366440468846,0.6172839506172839,-0.8980393306175082,-0.15110314448618456,0.0,Electronic Components,Technology,TEL
2009Q2,2009,Q2,2009-05-04,2009-03-27,-3242000000.0,2456000000.0,81000000.0,-7.08,440000000.0,0.1791530945,16820000000.0,7071000000.0,5487000000.0,2807000000.0,9740000000.0,1989000000.0,-2286000000.0,5486840000.0,7679840000.0,15.43886462882096,1.9547559672247952,0.17330558858501782,0.41224720690142835,0.006855322164272944,15.43886462882096,-0.4584924338848819,2.2340553745928338,-0.42310610734114745,0.7759637957856033,-0.022516964836520666,1.0135746606334841,0.013304561459783775,0.1460166468489893,0.8956180976131101,-0.19274673008323426,16.677325227963525,0.1791530944625407,-92.2806324110672,-13.70059748080652,-0.16818496529992538,-0.3396061863736968,-0.20577617328519857,-91.62857142857143,-0.43356643356643354,-13.70059748080652,-0.16818496529992538,-0.3396061863736968,Electronic Components,Technology,TEL
2009Q1,2009,Q1,2009-02-03,2008-12-26,-35000000.0,2809000000.0,143000000.0,-0.0759,554000000.0,0.1972232111,20246000000.0,10509000000.0,5809000000.0,2717000000.0,9727000000.0,2306000000.0,1026000000.0,6990570000.0,9464570000.0,22.895424836601308,2.13801987486198,0.14911587474068952,0.2872775716052907,0.006378851526336182,22.895424836601308,-0.0033304786373584546,2.4886329654681383,-49.93264285714286,0.6651984013702541,-2.1142857142857143,0.9778837814397224,0.010585689006761967,0.1387434554973822,1.0128818549871181,-0.00172873654055122,-84.22373493975904,0.19722321110715557,-1.31625,-1.134866916319711,-0.016951074044499574,0.0,-0.3918770581778266,-1.3240740740740742,-0.78,-1.134866916319711,-0.016951074044499574,0.0,Electronic Components,Technology,TEL
2008Q4,2008,Q4,2008-11-20,2008-09-26,108000000.0,3706000000.0,650000000.0,0.24,911000000.0,0.2458175931,21600000000.0,11073000000.0,7095000000.0,3332000000.0,10517000000.0,2312000000.0,1141000000.0,12572009541.0,14667009541.0,24.124183006535947,2.1293517406962783,0.14726851851851852,0.28727535446581776,0.031170464253427416,24.124183006535947,0.009753454348415064,3.3923393256880736,29.1018739375,1.1353751956109455,0.6111111111111112,1.208910034602076,0.0052497573903964945,0.17157407407407407,1.1440576230492197,0.005,27.75278044370861,0.2458175930922828,-0.6470588235294118,-0.6830862426271322,0.06723798266351465,0.07434757654555246,-0.08625877632898696,-0.6727272727272727,0.21042830540037244,-0.6830862426271322,0.06723798266351465,0.07434757654555246,Electronic Components,Technology,TEL
2008Q3,2008,Q3,2008-08-01,2008-06-27,330000000.0,3908000000.0,537000000.0,0.68,997000000.0,0.2551177073,22114000000.0,11591000000.0,7137000000.0,3419000000.0,10513000000.0,2427000000.0,928000000.0,17222339522.0,19684339522.0,24.248953974895397,2.08745247148289,0.14434295016731483,0.27538607540333015,0.023129415929691043,24.248953974895397,0.02847036493831421,4.406944606448311,13.04722691060606,1.4858372463117935,0.20909090909090908,1.199423156159868,0.004006424325328081,0.17672062946549696,1.0535244223457152,0.014922673419553225,68.07248822924902,0.25511770726714433,0.09677419354838718,0.15139984836146123,0.2674170031609142,0.0,0.027835051546391754,0.09634551495016612,0.0718562874251497,0.15139984836146123,0.2674170031609142,0.0,Electronic Components,Technology,TEL
2008Q2,2008,Q2,2008-05-05,2008-03-28,301000000.0,3662000000.0,501000000.0,0.62,970000000.0,0.2648825778,22475000000.0,11570000000.0,7288000000.0,3648000000.0,10894000000.0,2427000000.0,665000000.0,16441380972.0,18888380972.0,23.80658436213992,1.9978070175438596,0.1421579532814238,0.27614520311149526,0.021690449960777927,23.80658436213992,0.026015557476231632,4.489727190606226,13.65563203654485,1.4210355204840104,0.21926910299003322,1.1091882983106716,0.004014261339263369,0.16293659621802004,0.9742324561403509,0.01339265850945495,-27.26597176119403,0.2648825778263244,-0.6736842105263157,0.11123739061966102,0.16881547242901104,0.018321062740643736,0.05779716466739367,-0.6828240252897787,7.958333333333333,0.11123739061966102,0.16881547242901104,0.018321062740643736,Electronic Components,Technology,TEL
2008Q1,2008,Q1,2008-02-07,2007-12-28,949000000.0,3675000000.0,-72000000.0,1.9,917000000.0,0.2495238095,24968000000.0,11429000000.0,9779000000.0,6169000000.0,13527000000.0,2343000000.0,432000000.0,18748799504.0,21116799504.0,23.04233870967742,1.5851839844383206,0.13152835629605897,0.2873392247790708,-0.004147709013691742,23.04233870967742,0.0830343862105171,5.1017141507482995,4.939093652265543,1.6404584394085222,0.0737618545837724,1.1771233461374306,0.003733572380731135,0.14718840115347645,0.5913438158534609,0.038008651073373916,70.22022286142322,0.24952380952380954,2.725490196078431,2.3840331190448856,0.19017752882790837,0.0,0.006586169045005488,2.70703125,-1.162528216704289,2.3840331190448856,0.19017752882790837,0.0,Electronic Components,Technology,TEL
2007Q4,2007,Q4,2007-12-14,2007-09-28,256000000.0,3619000000.0,443000000.0,0.51,911000000.0,0.2517269964,23688000000.0,11377000000.0,9873000000.0,6185000000.0,12296000000.0,2047000000.0,186000000.0,17573280000.0,20015280000.0,22.9375,1.5962813257881971,0.14260385005065856,0.29691482816208137,0.01941000834452638,22.9375,0.022501538191087283,4.855838629455651,17.16140625,1.5446321525885558,0.0,1.3229115779189058,0.0,0.1527777777777778,0.585610347615198,0.010807159743329957,35.35871227364185,0.25172699640784746,1.2712765957446808,-0.3048343386659673,-0.03555947580645165,0.021499775985663057,0.0568445475638051,1.2746781115879828,-0.3635057471264368,-0.3048343386659673,-0.03555947580645165,0.021499775985663057,Electronic Components,Technology,TEL
2007Q3,2007,Q3,2007-08-13,2007-06-29,-932000000.0,3412000000.0,696000000.0,-1.88,862000000.0,0.2526377491,23065000000.0,10931000000.0,9504000000.0,8694000000.0,12118000000.0,2070000000.0,883000000.0,19412820497.0,22373820497.0,21.993963782696177,1.093167701863354,0.16089312811619336,0.33949318452108684,0.05636405154678948,21.993963782696177,-0.08526209861860763,5.689572244138335,-5.2073016354613735,1.7759418623181777,0.0,1.2318840579710144,0.0,0.1479297637112508,0.3812974465148378,-0.04040754389768047,132.0600033809524,0.25263774912075027,-4.357142857142857,-4.12751677852349,0.06425452276980659,0.0,0.036057692307692304,-4.364620938628159,0.6610978520286396,-4.12751677852349,0.06425452276980659,0.0,Electronic Components,Technology,TEL
2007Q2,2007,Q2,2007-03-30,2007-03-30,277000000.0,3204000000.0,419000000.0,0.56,832000000.0,0.2596754057,19364000000.0,11619000000.0,6118000000.0,3177000000.0,7745000000.0,2198000000.0,0.0,19308449006.0,22499449006.0,23.378269617706238,1.925716084356311,0.16003924808923775,0.2667183062225665,0.021408343524935453,23.378269617706238,0.023840261640416558,6.026357367665418,17.426398019855597,1.6617995529735776,0.0,1.0791628753412192,0.0,0.1654616814707705,0.9675794774944917,0.014304895682710183,89.8067395627907,0.2596754057428215,-0.01754385964912263,0.0,0.0,0.0,0.020858895705521473,-0.014234875444839857,0.06345177664974619,0.0,0.0,0.0,Electronic Components,Technology,TEL
2007Q1,2007,Q1,2006-12-31,2006-12-31,281000000.0,3094000000.0,394000000.0,0.57,815000000.0,0.2634130575,,,,,,,,,,,,,,,,,,,,,,,,,,,,,,,,,,,,,,Electronic Components,Technology,TEL
