Quarters,Year,Quarter,FillingDate,Date,NetIncome,Revenue,OperatingIncome,EPSDiluted,GrossProfit,GrossProfitRatio,TotalAssets,CommonStockEquity,CurrentAssets,CurrentLiability,TotalLiability,Inventory,RetainedEarnings,MarketCap,EnterpriseValue,bookValuePerShare,currentRatio,debtToAssets,debtToEquity,roic,shareholdersEquityPerShare,roe,priceToSalesRatio,peRatio,pbRatio,payoutRatio,inventoryTurnover,dividendYield,assetTurnover,quickRatio,returnOnAssets,priceToFreeCashFlowsRatio,grossProfitMargin,epsdilutedGrowth,fiveYNetIncomeGrowthPerShare,fiveYRevenueGrowthPerShare,fiveYShareholdersEquityGrowthPerShare,grossProfitGrowth,netIncomeGrowth,operatingIncomeGrowth,threeYNetIncomeGrowthPerShare,threeYRevenueGrowthPerShare,threeYShareholdersEquityGrowthPerShare,Industry,Sector,Symbol
2023Q1,2023,Q1,2023-05-08,2023-03-31,8741000.0,153504000.0,9806000.0,0.17,62017000.0,0.4040090161,1167248000.0,585559000.0,643270000.0,267175000.0,581689000.0,225717000.0,-493060000.0,1068311670.0,1215816670.0,11.581696631658064,2.4076728735847293,0.24996230449741613,0.49827259080639186,0.010451423070187106,11.581696631658064,0.014927616175312821,6.959503791432145,30.55461817869809,1.824430450219363,0.0,0.4053172778302033,0.0,0.13150932792345757,1.4623711050809394,0.007488554274669993,153.2288683304647,0.404009016051699,-0.915,1.5130029638828082,-0.10082324374924635,-0.34306827659823197,-0.014320226326329509,-0.93219563278129,-0.26777180406212664,15.578317793314133,0.3890710060410754,0.46853716519265615,Semiconductor Equipment & Materials,Technology,VECO
2022Q4,2022,Q4,2023-02-22,2022-12-31,128915000.0,153799000.0,13392000.0,2.0,62918000.0,0.4090923868,1128183000.0,577824000.0,668901000.0,257904000.0,550359000.0,206908000.0,-501801000.0,927364959.9999999,1080680960.0,11.57685526526687,2.593604597059371,0.273218972453937,0.5334513623525503,0.15863413412950933,11.57685526526687,0.22310426704325192,6.0297203492870555,1.798403909552806,1.60492634435399,0.0,0.4392338623929476,0.0,0.13632451472855026,1.7182401203548607,0.11426780938907961,30.630365966442064,0.4090923868165593,6.4074074074074066,22.632713372544224,0.010513453061067516,-0.35228723581964616,-0.10054180783691441,7.570906189748022,-0.2375313140514689,4.733815520670644,0.2934859982639602,0.46889975581614585,Semiconductor Equipment & Materials,Technology,VECO
2022Q3,2022,Q3,2022-11-07,2022-09-30,15041000.0,171913000.0,17564000.0,0.27,69951000.0,0.406897675,996617000.0,441115000.0,649703000.0,260185000.0,555502000.0,187737000.0,-630716000.0,913929840.0,1054302840.0,8.842283560847516,2.497080923189269,0.3105345383432151,0.7015948222118948,0.022050592486893086,8.842283560847516,0.034097684277342645,5.316234607039608,15.190642909381026,2.0718629835757114,0.0,0.5431108412300186,0.0,0.17249655584843526,1.7057977977208525,0.015092056426892176,22.37063298575415,0.40689767498676654,0.5000000000000001,1.6467180083981208,0.22665116468849292,-0.5091053853507765,0.0884435246705152,0.5578456758156396,0.36972627310301803,2.216792696458729,0.5020043021037592,0.04333541387205917,Semiconductor Equipment & Materials,Technology,VECO
2022Q2,2022,Q2,2022-08-08,2022-06-30,9655000.0,163999000.0,12823000.0,0.18,64267000.0,0.3918743407,916652000.0,420737000.0,569284000.0,200270000.0,495915000.0,176491000.0,-645757000.0,964121799.9999999,1157262800.0,8.466044228021811,2.842582513606631,0.33824941199059183,0.7369378019998242,0.01585043245430414,8.466044228021811,0.022947827265013536,5.878827309922621,24.964313827032626,2.2915070459693347,0.0,0.5650826387747817,0.0,0.17891086257380118,1.869091726169671,0.010532895799060058,-860.0551293487956,0.3918743406971994,-0.10000000000000009,1.4506794314726272,0.22333144322762044,-0.5846649653639817,-0.02644933573690031,-0.27569392348087024,-0.2236483622933947,1.5880368214806075,0.5893005378824131,-0.02961789358686894,Semiconductor Equipment & Materials,Technology,VECO
2022Q1,2022,Q1,2022-05-09,2022-03-31,13330000.0,156426000.0,16517000.0,0.2,66013000.0,0.4220078504,920364000.0,403570000.0,569950000.0,220696000.0,516794000.0,179066000.0,-655412000.0,1349004660.0,1532102660.0,8.134195993066474,2.582511690288904,0.33760772911587156,0.7699333448967961,0.021375295728116923,8.134195993066474,0.03303020541665634,8.623915845191975,25.3001624156039,3.342678246648661,0.0,0.5049143891079266,0.0,0.16996101542433212,1.6129970638344147,0.01448340004606873,97.26060994953136,0.4220078503573575,0.3333333333333335,8.721097466045174,0.32342893545904333,-0.5153970565380372,0.03106647507184806,0.6250152383274412,0.13981091712097163,1.6792686055506634,0.4864013547134319,-0.09655613852323121,Semiconductor Equipment & Materials,Technology,VECO
2021Q4,2021,Q4,2022-02-18,2021-12-31,8203000.0,152972000.0,14491000.0,0.15,64024000.0,0.4185341108,898976000.0,437628000.0,549387000.0,189204000.0,461348000.0,170858000.0,-681283000.0,1400353890.0,1547315890.0,8.897228942606786,2.9036753979831293,0.2966808902573595,0.609442266034166,0.023516196484515087,8.897228942606786,0.018744230259489795,9.15431510341762,42.678102218700474,3.199872700101456,0.0,0.5205960505214857,0.0,0.1701624959954437,1.8595272827212956,0.00912482646922721,177.19269770973048,0.418534110817666,-0.11764705882352951,2.3102490309967076,0.3045830345148291,-0.4124278056671505,0.013535120074720195,-0.08784610252418548,-0.11726364522417154,1.0536612644828152,0.46277752248817533,-0.05390918963556972,Semiconductor Equipment & Materials,Technology,VECO
2021Q3,2021,Q3,2021-11-02,2021-09-30,8993000.0,150246000.0,16416000.0,0.17,63169000.0,0.42043714974109125,997808000.0,435313000.0,653504000.0,187222000.0,562495000.0,170835000.0,-689486000.0,1088756410.0,1333518410.0,8.88013300422268,3.490529959086005,0.36716883408431283,0.8416105193274724,0.018774477132554233,8.88013300422268,0.02065869845375626,7.246491820081733,30.266774435672193,2.501088664937643,0.0,0.5097140515702285,0.0,0.15057606272950308,2.4025648695131983,0.009012755961066658,144.2252497019473,0.42043714974109125,0.4166666666666668,1.1031446279959356,0.40303021559696234,-0.4176866822822785,0.049911910381278464,0.4166666666666667,0.23875641412616963,1.9626875228933824,0.13600515131487,-0.27829823399524656,Semiconductor Equipment & Materials,Technology,VECO
2021Q2,2021,Q2,2021-08-03,2021-06-30,6348000.0,146344000.0,13252000.0,0.12,60166000.0,0.4111272071284098,975509000.0,423735000.0,638624000.0,179413000.0,551774000.0,164041000.0,-698479000.0,1171781720.0,1420460720.0,8.693248261288801,3.559519098393093,0.3725501251141712,0.8576728379765656,0.015343328206486612,8.693248261288801,0.014981061276505362,8.0070362980375,46.14767328292375,2.7653644848785204,0.0,0.5253442736876757,0.0,0.15001809311856681,2.518089547580164,0.006507372048848345,376.1739069020867,0.4111272071284098,1.3999999999999997,1.1581750239356683,0.5526215776954122,-0.48849345992507354,0.09564045598572313,1.5453087409783481,0.4075411577270313,1.0259285489047505,-0.09972416187455378,-0.30751726888718456,Semiconductor Equipment & Materials,Technology,VECO
2021Q1,2021,Q1,2021-05-04,2021-03-31,2494000.0,133714000.0,9415000.0,0.05,54914000.0,0.41068250145833646,945242000.0,412461000.0,618167000.0,163695000.0,532781000.0,156216000.0,-704827000.0,1008461759.9999999,1228153760.0,8.482662882527148,3.7763340358593727,0.38130447017800734,0.8738401933758586,0.010399766370705473,8.482662882527148,0.006046632287658712,7.541930987032023,101.08878909382517,2.4449869442201804,0.0,0.5044297639166283,0.0,0.14146007054278165,2.656916827025871,0.0026384777654822784,118.19758087201124,0.41068250145833646,24.69668246445498,1.1291550976599047,0.37876890702578897,-0.5194832602078521,-0.03396956636467587,25.693069306930692,-0.11229492739958515,1.1521959149950831,-0.18557696520128697,-0.5188502579818488,Semiconductor Equipment & Materials,Technology,VECO
2020Q4,2020,Q4,2021-02-22,2020-12-31,-101000.0,138947000.0,10606000.0,-0.00211,56845000.0,0.4091128271931024,898064000.0,408374000.0,586931000.0,146681000.0,489690000.0,145906000.0,-707321000.0,839182400.0,1041125400.0,8.447952006619776,4.001411225721123,0.3692030857488999,0.811922404462576,0.0020277313039375015,8.447952006619776,-0.00024732230749264155,6.0395863170849315,-2077.1841584158415,2.054935916586267,0.0,0.5627047551163078,0.0,0.1547183719645816,2.8676720229613926,-0.00011246414509433626,70.17161970064387,0.4091128271931024,-1.2109999999999999,0.9915046214615412,0.07357187713015188,-0.5295679461648197,0.15674982703186682,-1.1741379310344828,0.5183965640658554,0.9825004353952947,-0.057381218106597236,-0.5273460520589376,Semiconductor Equipment & Materials,Technology,VECO
2020Q3,2020,Q3,2020-10-27,2020-09-30,580000.0,112078000.0,6985000.0,0.01,49142000.0,0.43846249933082315,889625000.0,398093000.0,572485000.0,146934000.0,491532000.0,143469000.0,-707219000.0,564139470.0,748339470.0,8.235100639208953,3.896205098887936,0.3729526485878882,0.8334434416078655,0.006913326197918828,8.235100639208953,0.00145694599000736,5.033454112314638,243.16356465517242,1.4171047217609956,0.0,0.43867316284354113,0.0,0.1259834199803288,2.795316264445261,0.000651960095545876,65.09051228798893,0.43846249933082315,1.0588235294117647,-0.9076377187933944,-0.3271405044300253,-0.5391579442405122,0.17300806798109514,1.069862683690677,16.078239608801955,1.025735819064383,-0.17471398308418842,-0.5428141919377012,Semiconductor Equipment & Materials,Technology,VECO
2020Q2,2020,Q2,2020-08-03,2020-06-30,-8302000.0,98637000.0,409000.0,-0.17,41894000.0,0.4247290570475582,865070000.0,395331000.0,538375000.0,127483000.0,469739000.0,136555000.0,-707799000.0,648990410.0,791209410.0,8.217402149285997,4.223112101221339,0.3819598414001179,0.8358110039435309,0.0005569762881045111,8.217402149285997,-0.021000123946768656,6.579583827569776,-19.54319471211756,1.6416380450812105,0.0,0.4155322031415913,0.0,0.11402198666003907,2.9882651020136017,-0.009596911232617014,34.051650663728424,0.4247290570475582,-16.0,0.1832004958411948,-0.38070291746381446,-0.547170146450633,-0.09748163467545617,-13.641975308641975,-0.9104444931026933,0.5996848448071114,-0.23994217100448162,-0.5968630786270683,Semiconductor Equipment & Materials,Technology,VECO
2020Q1,2020,Q1,2020-05-07,2020-03-31,-567000.0,104502000.0,4567000.0,-0.01,46419000.0,0.4441924556467819,832886000.0,377064000.0,500490000.0,128509000.0,455822000.0,129611000.0,-699497000.0,457551270.0,612194270.0,7.886553303633055,3.8945910403162425,0.38056588776855416,0.8406212208007129,0.012239049546586543,7.886553303633055,-0.001503723505823945,4.378397255554917,-201.74218253968255,1.2134578480045828,0.0,0.44813326029426515,0.0,0.12546975216296108,2.650530313052004,-0.0006807654348854465,-132.01133006347374,0.4441924556467819,0.9855072463768115,0.9754010123653093,-0.11898187249490959,-0.5681068125545392,0.03219852794022815,0.9827507529433239,1.6652585579024035,-1.4290862737783447,-0.08252824517791962,-0.5301506199299897,Semiconductor Equipment & Materials,Technology,VECO
2019Q4,2019,Q4,2020-02-21,2019-12-31,-32871000.0,113202000.0,-6865000.0,-0.69,44971000.0,0.39726329923499587,818088000.0,374512000.0,475878000.0,118224000.0,443576000.0,133067000.0,-698930000.0,697816515.0,883086515.0,7.88131063364128,4.025223304912708,0.38451120172890935,0.8399303627120093,-0.009868432768655249,7.88131063364128,-0.08777021831076173,6.164347935548842,-5.307235214931095,1.8632687737642588,0.0,0.5127567315713137,0.0,0.13837386687006778,2.669195763973474,-0.04018027400475255,54.073344827586205,0.39726329923499587,-1.7599999999999998,0.520548428750069,-0.17257245240920435,-0.5792763349609789,0.06508301162873316,-1.7934902693974675,0.06788866259334692,-4.434719004291882,-0.0006976153870726075,-0.47951895886915946,Semiconductor Equipment & Materials,Technology,VECO
2019Q3,2019,Q3,2019-11-04,2019-09-30,-11767000.0,108954000.0,-7365000.0,-0.25,42223000.0,0.38753051746608663,862276000.0,402470000.0,486281000.0,142037000.0,459806000.0,135190000.0,-666058000.0,554671520.0,720952520.0,8.47501526669334,3.423622013982272,0.3497024154679012,0.7492235446120208,-0.010366928165180747,8.47501526669334,-0.029236961761125054,5.090877985204766,-11.78447182799354,1.3781686088404104,0.0,0.49360899474813225,0.0,0.12635629427236755,2.2842217168765884,-0.013646442670328295,-33.3898097760655,0.38753051746608663,0.24242424242424246,0.30150064703287643,-0.031532726636990346,-0.5784414992173081,0.1636488907261954,0.24400899453902988,0.34293870996520653,0.8606853090870912,0.050259035062152166,-0.4442522138677659,Semiconductor Equipment & Materials,Technology,VECO
2019Q2,2019,Q2,2019-08-05,2019-06-30,-15565000.0,97822000.0,-11209000.0,-0.33,36285000.0,0.3709288299155609,875863000.0,411026000.0,491517000.0,149200000.0,464837000.0,139708000.0,-654291000.0,582775440.0,719111440.0,8.724443878417388,3.2943498659517427,0.3402940870889625,0.7251390422990273,-0.015699555004740216,8.724443878417388,-0.037868650644971365,5.957508944818139,-9.360350787022165,1.4178554154725005,0.0,0.4404686918429868,0.0,0.11168641671128932,2.125924932975871,-0.017771044101646035,58.931685711396504,0.3709288299155609,0.17500000000000002,0.14468812698097142,-0.14041524036292347,-0.5713191020005386,0.04519529899758037,0.16001079330814894,0.20728429985855729,0.5987354163478332,0.0737617963207123,-0.4866579248404492,Semiconductor Equipment & Materials,Technology,VECO
2019Q1,2019,Q1,2019-05-07,2019-03-31,-18530000.0,99371000.0,-14140000.0,-0.4,34716000.0,0.3493574584134204,885594000.0,421798000.0,498764000.0,150028000.0,463796000.0,148103000.0,-638726000.0,528445439.99999994,654276440.0,9.00354337431694,3.324472765083851,0.3334146346971637,0.7000270271551785,-0.019563912689293243,9.00354337431694,-0.043930981180565105,5.317904016262289,-7.129593092282784,1.2528400798486476,0.0,0.43655428991985307,0.0,0.1122083031276183,2.146219372383822,-0.020923809330234848,-21.59476278043398,0.3493574584134204,0.8713826366559486,-1.80876069375877,-0.08521744191368599,-0.5658370038247519,-0.015428247305728872,0.8719189349848625,0.8982594743166332,0.0040210722482611734,0.06349116953863451,-0.4899769837941424,Semiconductor Equipment & Materials,Technology,VECO
2018Q4,2018,Q4,2019-02-25,2018-12-31,-144674000.0,98972000.0,-138981000.0,-3.11,35260000.0,0.3562623772380067,900816000.0,437775000.0,520080000.0,160053000.0,463041000.0,156311000.0,-619983000.0,344942910.0,468250910.0,9.404201843139782,3.249423628423085,0.31903518587591695,0.6564833533207698,-0.1932675311908271,9.404201843139782,-0.3304757009879504,3.4852575475892174,-0.5960692833543,0.7879456570155902,0.0,0.4075976738681219,0.0,0.10986927408038934,2.1097199052813758,-0.1606032752526598,-66.00514925373135,0.3562623772380067,-15.368421052631579,-4.474674805458863,0.12983002940094954,-0.5310856176954102,-0.23984046566778053,-15.159276220261365,-34.8845855925639,-11.636577976224071,-0.20590597244445347,-0.47631828586594954,Semiconductor Equipment & Materials,Technology,VECO
2018Q3,2018,Q3,2018-11-01,2018-09-30,-8953000.0,126757000.0,-3873000.0,-0.19,46385000.0,0.3659363979898546,1050566000.0,578087000.0,540872000.0,171734000.0,472479000.0,149832000.0,-475284000.0,493311000.0,616237000.0,12.304435741347751,3.1494753514155613,0.2706817087170154,0.4919138468777191,-0.004646892469021186,12.304435741347751,-0.015487288245540897,3.8917850690691638,-13.77501954652072,0.8533507932197056,0.0,0.5364141171445352,0.0,0.12065591309827274,2.1185437944728474,-0.008522072863580204,30.69763534536403,0.3659363979898546,0.9621513944223107,-0.2282827689069979,0.05505877280113451,-0.40056543740687006,-0.162650058669555,0.9623244148564599,0.9851730764813524,-2.466963713380828,-0.21700300586171029,-0.31143507402868836,Semiconductor Equipment & Materials,Technology,VECO
2018Q2,2018,Q2,2018-08-02,2018-06-30,-237634000.0,157779000.0,-261214000.0,-5.02,55395000.0,0.351092350693058,1088109000.0,593930000.0,575695000.0,195605000.0,494179000.0,145939000.0,-466331000.0,674181750.0,824176750.0,12.553740144997992,2.9431507374555865,0.25861471598893127,0.4737948916538986,-0.266936637256209,12.553740144997992,-0.400104389406159,4.272949822219687,-0.7092648253196092,1.135119879447073,0.0,0.7015533887446125,0.0,0.14500293628671393,2.0456174433168886,-0.21839172362327672,-14.292595929616281,0.351092350693058,-13.76470588235294,-46.70989280599594,0.3267853480605716,-0.3919494613000822,-0.022671136203246296,-14.014468945472926,-21.843375601224313,-22.774178370227585,0.007331883780083279,-0.30821101266777,Semiconductor Equipment & Materials,Technology,VECO
2018Q1,2018,Q1,2018-05-07,2018-03-31,-15827000.0,158574000.0,-11435000.0,-0.34,56680000.0,0.3574356451877357,1362028000.0,827957000.0,583358000.0,208624000.0,534071000.0,130964000.0,-228697000.0,798371000.0,896465000.0,17.629985307582565,2.796217117877138,0.20446642800294854,0.3363568397875735,-0.010186855384977142,17.629985307582565,-0.019115727024471077,5.034690428443502,-12.610902255639097,0.9642662602043343,0.0,0.7780306038300602,0.0,0.11642491931149727,2.017303857657796,-0.011620172272523032,-56.758922223802074,0.3574356451877357,-1.8333333333333337,-0.29556932187786583,1.1159806750051062,-0.15011142647628423,-0.02842058349617745,-1.8181980056980056,0.04708333333333333,0.3009555804160067,0.36101909686446554,-0.03452493681861587,Semiconductor Equipment & Materials,Technology,VECO
2017Q4,2017,Q4,2018-02-21,2017-12-31,-5616000.0,143432000.0,-12000000.0,-0.12,58338000.0,0.40672932121144517,1387287000.0,840713000.0,596992000.0,223456000.0,546574000.0,120266000.0,-213376000.0,698499450.0,742173450.0,17.873440057826816,2.671631104109981,0.19868275273969985,0.3278526679140206,-0.003603231624880966,17.873440057826816,-0.006680044200577367,4.869899673712979,-31.09417067307692,0.8308417379058014,0.0,0.7075482680059202,0.0,0.1033902862205153,1.9081250895030788,-0.004048189019287285,58.203437213565536,0.40672932121144517,0.7446808510638298,0.48950732970333266,0.10490886640457632,-0.1469700826925353,0.09945157460281563,0.7433741546335222,0.3659516009722075,0.9172464550649027,0.059130825170619725,-0.04587199292893452,Semiconductor Equipment & Materials,Technology,VECO
2017Q3,2017,Q3,2017-11-03,2017-09-30,-21884000.0,131872000.0,-18926000.0,-0.47,53061000.0,0.40236744722154816,1406906000.0,845529000.0,602587000.0,231251000.0,561377000.0,113681000.0,-207760000.0,1004537399.9999999,1127947400.0,18.012590272895764,2.605770353425499,0.1939184280968309,0.32266782097361535,-0.01564352437326652,18.012590272895764,-0.025882021787543657,7.617518502790584,-11.475705995247669,1.188057890385782,0.0,0.6932644857100131,0.0,0.09373191954544227,1.8807097050391133,-0.015554699461086953,57.339882413379755,0.40236744722154816,-0.09302325581395345,-2.530220739252736,-0.18340127932858516,-0.1496920032336027,0.3703770661157025,-0.19012399390907114,0.29919277197659777,-0.3142187168666654,0.18586445186096823,-0.10402986759249751,Semiconductor Equipment & Materials,Technology,VECO
2017Q2,2017,Q2,2017-08-03,2017-06-30,-18388000.0,115066000.0,-27006000.0,-0.43,38720000.0,0.3365025289833661,1369669000.0,869485000.0,560282000.0,172659000.0,500184000.0,119935000.0,-185877000.0,1187969600.0,1253489600.0,20.383650600150037,3.2450205317996743,0.19791935131772714,0.31177536127707783,-0.013916724681344623,20.383650600150037,-0.021148150916922084,10.3242452157892,-16.15142484228845,1.3662910803521626,0.0,0.6365614707966816,0.0,0.08401007834739634,2.3804087826293445,-0.013425141402776876,-54.51652517094213,0.3365025289833661,-15.333333333333332,-2.399594350906224,-0.24198722556095828,-0.018995348437775488,0.13216374269005848,-17.79269406392694,-3.6203592814371257,-0.11599252164957623,0.11673621111407871,0.0015631672977950723,Semiconductor Equipment & Materials,Technology,VECO
2017Q1,2017,Q1,2017-05-05,2017-03-31,1095000.0,94386000.0,-5845000.0,0.03,34200000.0,0.3623418727353633,1081642000.0,665016000.0,822448000.0,132813000.0,416626000.0,64697000.0,-167489000.0,1182627150.0,1027439150.0,16.78527978999975,6.192526334018507,0.24820874189426817,0.40370908369121944,0.0007463039042247933,16.78527978999975,0.0016465769244649753,12.5296881952832,270.006198630137,1.7783439045075606,0.0,0.9302749741100824,0.0,0.08726177422844157,5.521221567165865,0.0010123497423361889,551.3413286713287,0.3623418727353633,1.2307692307692308,-0.9355674353788935,-0.3484995259214177,-0.17661576346361002,-0.05018468631099508,1.2190876350540216,-0.13407062475746992,-0.9434872707950325,0.027432601158958177,-0.19059118590418245,Semiconductor Equipment & Materials,Technology,VECO
2016Q4,2016,Q4,2017-02-22,2016-12-31,-4998000.0,93609000.0,-5154000.0,-0.13,36007000.0,0.38465318505699236,758532000.0,594595000.0,501508000.0,143509000.0,163937000.0,77063000.0,-168583000.0,1144633050.0,868383050.0,15.142358723610156,3.494610094140437,0.0015740931167043711,0.00200808953993895,-0.008807550729395111,15.142358723610156,-0.008405721541553494,12.227809825978271,-57.25455432172868,1.925063362456798,0.0,0.7474663586935365,0.0,0.1234081093480565,2.802967061299291,-0.0065890430463052315,-3841.0505033557047,0.38465318505699236,0.9269662921348314,-1.239875567877629,-0.5247725446018733,-0.23917870464078356,0.07628157226124645,0.9281875915974597,0.9250021827071389,0.7757846289192397,0.2668338676154057,-0.2449683762693955,Semiconductor Equipment & Materials,Technology,VECO
2016Q3,2016,Q3,2016-11-01,2016-09-30,-69598000.0,85482000.0,-68722000.0,-1.78,33455000.0,0.3913689431693222,765068000.0,596738000.0,508360000.0,147761000.0,168330000.0,86651000.0,-163585000.0,768141530.0,495404530.0,15.249750836932355,3.440420679340286,0.0016743609718351832,0.002146670733219604,-0.11682290064045857,15.249750836932355,-0.1166307491730039,8.98600325214665,-2.75920834650421,1.2872341463087653,0.0,0.6004200759368039,0.0,0.1117312448043834,2.6212329369725436,-0.0909696915829704,145.3437142857143,0.3913689431693222,-1.1707317073170733,-2.9507802563204937,-0.679325420221072,-0.1841586977380079,0.06412417697763924,-1.1693784676765788,-1.198892906280997,-10.46402405230737,-0.14574027877790716,-0.25707867351668656,Semiconductor Equipment & Materials,Technology,VECO
2016Q2,2016,Q2,2016-08-01,2016-06-30,-32082000.0,75348000.0,-31253000.0,-0.82,31439000.0,0.4172506237723629,819150000.0,662225000.0,497441000.0,136757000.0,156925000.0,90771000.0,-93987000.0,645260400.0,388986400.0,16.99538046965225,3.637407957179523,0.0016688030275285356,0.002064253086186719,-0.04863385641414822,16.99538046965225,-0.048445769942240174,8.563736263736264,-5.02821208154105,0.9743824228925214,0.0,0.4837337916294852,0.0,0.09198315326863211,2.7241530598068104,-0.03916498809741806,-36.821524766035154,0.4172506237723629,-1.0499999999999998,-2.757569471845964,-0.7006238918661998,-0.17910776987996874,-0.016178495431217924,-1.065409128951265,-1.046290840044523,-6.8207561350759525,-0.2306735856326477,-0.17681502638879365,Semiconductor Equipment & Materials,Technology,VECO
2016Q1,2016,Q1,2016-05-04,2016-03-31,-15533000.0,78011000.0,-15273000.0,-0.4,31956000.0,0.4096345387188986,861756000.0,690470000.0,517488000.0,157077000.0,171286000.0,77205000.0,-61906000.0,761921240.0,519650240.0,17.653209930202234,3.294486143738421,0.0016837712763241566,0.002101467116601735,-0.02285005146037553,17.653209930202234,-0.022496270656219678,9.766843650254451,-12.262944054593445,1.1034820339768565,0.0,0.596528722233016,0.0,0.09052562442269041,2.577016367768674,-0.01802482373200767,-33.43813043096638,0.4096345387188986,-0.6000000000000001,-1.300568154368115,-0.6879761235273288,-0.14630351686952828,-0.17607322418460744,-0.5871053438234393,-0.5335877096093985,-0.5266943539617978,0.24988560021309986,-0.14899183726253895,Semiconductor Equipment & Materials,Technology,VECO
2015Q4,2015,Q4,2016-02-25,2015-12-31,-9787000.0,106544000.0,-9959000.0,-0.25,38785000.0,0.36402800720828954,890789000.0,714615000.0,542135000.0,162231000.0,176174000.0,77469000.0,-45058000.0,818164640.0,550465640.0,17.957857968537972,3.3417472616207755,0.001720946262246166,0.002145211057702399,-0.013866671693845086,17.957857968537972,-0.01369548638077846,7.6791244931671425,-20.899270460815366,1.1449026958572097,0.0,0.8746595412358492,0.0,0.1196063265262593,2.6801659362267385,-0.010986889151078425,-92.14603446334047,0.36402800720828954,-2.923076923076923,-1.04969976261292,-0.6444225806490383,-0.06168430505685172,-0.28506912442396315,-2.844515642668677,-2.513986013986014,-0.051559906794425306,-0.029866679688333956,-0.14294114348663953,Semiconductor Equipment & Materials,Technology,VECO
2015Q3,2015,Q3,2015-10-28,2015-09-30,5306000.0,140744000.0,6578000.0,0.13,54250000.0,0.38545160006820894,918689000.0,729905000.0,563513000.0,164092000.0,188784000.0,69973000.0,-35271000.0,837751460.0000001,505251460.0000001,17.869681241737258,3.434128415766765,0.0017568513392453812,0.002211246669087073,0.007080110694159066,17.869681241737258,0.007269439173591084,5.95230674131757,39.4718931398417,1.1477541049862654,0.0,1.236105354922613,0.0,0.15320092000666166,2.7410781756575577,0.005775621565078062,131.9293637795276,0.38545160006820894,1.619047619047619,-0.9397759166319005,-0.5032629745265782,0.3261367614931419,0.10558601153477756,1.6327212020033388,2.633879781420765,-0.5736194087077373,0.001587270505233669,-0.15643821186674234,Semiconductor Equipment & Materials,Technology,VECO
2015Q2,2015,Q2,2015-08-03,2015-06-30,-8386000.0,131410000.0,-4026000.0,-0.21,49069000.0,0.37340385054409864,965881000.0,720300000.0,605751000.0,222252000.0,245581000.0,63564000.0,-40576000.0,1140776820.0,828617820.0,18.14677650971204,2.7255142810863346,0.0017538392410659284,0.0023517978620019434,-0.011968828083008877,18.14677650971204,-0.01164237123420797,8.681050300585952,-34.00837169091342,1.5837523531861724,0.0,1.2954030583349065,0.0,0.1360519567110234,2.1567769918830875,-0.008682228970235463,231.67685215272135,0.37340385054409864,0.5625000000000001,-1.160333755704015,-0.4797853112824297,0.5286251089534452,0.39654485428051,0.5611721611721612,0.7455924170616114,-1.6859441355404934,-0.0696976298813032,-0.12664946450972892,Semiconductor Equipment & Materials,Technology,VECO
2015Q1,2015,Q1,2015-05-06,2015-03-31,-19110000.0,98341000.0,-15825000.0,-0.48,35136000.0,0.3572873979316867,942090000.0,723825000.0,574717000.0,196093000.0,218265000.0,57197000.0,-32190000.0,1210971450.0,909619450.0,18.2604253386816,2.930838938666857,0.0018798628581133438,0.0024467240009670844,-0.026607670353381747,18.2604253386816,-0.026401409180395814,12.314003823430715,-15.842117346938776,1.673016889441509,0.0,1.1050404741507422,0.0,0.10438599284569415,2.3274925673022495,-0.020284686176479955,-2456.3315415821503,0.3572873979316867,0.6666666666666666,-1.717931334595136,-0.41052975566829286,0.7143349414575884,-0.07229233775149178,0.6642184425077312,0.7549437106090404,-2.1239132875640627,-0.321542582883074,-0.10425405090490156,Semiconductor Equipment & Materials,Technology,VECO
2014Q4,2014,Q4,2015-02-24,2014-12-31,-56912000.0,113569000.0,-64577000.0,-1.44,37874000.0,0.33348889221530525,929455000.0,738932000.0,555662000.0,168408000.0,190523000.0,61471000.0,-13080000.0,1375876480.0,1106912480.0,18.73274856766212,3.2994988361598026,0.001987186039130458,0.0024995534095153546,-0.07720262285752787,18.73274856766212,-0.07701926564284671,12.114894733598076,-6.0438768625246,1.8619798303497481,0.0,1.2313936653055912,0.0,0.12218880957120033,2.680799011923424,-0.06123158194856125,31.587953256652202,0.33348889221530525,-3.114285714285714,-3.9851628679510496,-0.23710238345490545,1.023430468107491,0.16327784261932551,-3.071832295914717,-2.692646386093321,-3.7190573262930893,-0.4260573861776459,-0.05878111257099753,Semiconductor Equipment & Materials,Technology,VECO
2014Q3,2014,Q3,2014-10-29,2014-09-30,-13977000.0,93341000.0,-17488000.0,-0.35,32558000.0,0.34880706227702724,956398000.0,792118000.0,658000000.0,139441000.0,164280000.0,46594000.0,43832000.0,1377064950.0,1114978950.0,20.10400751249968,4.718841660630661,0.002009623608581365,0.002426406166757983,-0.017914831964996,20.10400751249968,-0.017645098331309225,14.753055463301228,-24.63091060313372,1.7384593583279262,0.0,1.3045241876636477,0.0,0.0975963981522337,3.9339218737674,-0.014614208729001942,327.1715253029223,0.34880706227702724,0.10256410256410266,-9.828766207021006,-0.24297739560414303,2.207386783035988,0.06145469957291429,0.081125501281967,-0.10887071206645108,-1.389080315241303,-0.6522428955621107,0.07553755107660369,Semiconductor Equipment & Materials,Technology,VECO
2014Q2,2014,Q2,2014-07-31,2014-06-30,-15211000.0,95122000.0,-15771000.0,-0.39,30673000.0,0.3224595782258573,957072000.0,801435000.0,633593000.0,127974000.0,155637000.0,48364000.0,57809000.0,1467261540.0,1236925540.0,20.351837273673784,4.950950974416679,0.002085527525619807,0.0024905326071359498,-0.01901938299077599,20.351837273673784,-0.018979705153880227,15.42504930510292,-24.1151393728223,1.8307929401635816,0.0,1.3325820858489785,0.0,0.09938855174950265,4.241642833700595,-0.01589326612835816,-1966.8385254691689,0.3224595782258573,-1.8125,0.17122580964570322,0.05640965816573902,2.3599877273360725,-0.09189685288805992,-1.793893528183716,-1.846674182638106,-1.8245534811421227,-0.6260303314579756,-0.016987874060350974,Semiconductor Equipment & Materials,Technology,VECO
2014Q1,2014,Q1,2014-05-05,2014-03-31,19160000.0,90841000.0,18627000.0,0.48,33777000.0,0.3718254972974758,954557000.0,812441000.0,625204000.0,113522000.0,142116000.0,52073000.0,73020000.0,1642691610.0,1430076610.0,20.737703244250454,5.507337784746569,0.002165402380371209,0.002544184746953933,0.02331810064739898,20.737703244250454,0.02358325096837801,18.08315199084114,21.43386756263048,2.021921111809965,0.0,1.0958462158892324,0.0,0.09516561085404014,4.693398636387661,0.020072138175090643,-79.97914260674814,0.3718254972974758,1.8421052631578947,1.7373841465211115,0.16270534598908737,2.205948923217743,1.1593785960874567,1.8675571654969436,1.5256073816981293,-0.6298539847274468,-0.6372529904723117,0.0028603521862255615,Semiconductor Equipment & Materials,Technology,VECO
2013Q4,2013,Q4,2014-02-28,2013-12-31,-22085000.0,73209000.0,-35439000.0,-0.57,15642000.0,0.21366225464082286,947969000.0,780230000.0,613643000.0,128191000.0,167739000.0,59726000.0,53860000.0,1280330639.9999998,1071668639.9999998,20.055264240180957,4.786942921109906,0.002254293125619087,0.0027389359547825643,-0.02821410973567762,20.055264240180957,-0.028305755995027108,17.48870548703028,-14.49321530450532,1.6409656639708803,0.0,0.9638515889227472,0.0,0.07722720890662037,4.026491719387477,-0.023297175329573015,-251.98398740405426,0.21366225464082286,-2.5624999999999996,0.751553044825117,-0.4625490853224505,1.9440145538821765,-0.48389864062293786,-2.6649518752074344,-2.566368119150649,-1.1147163891874947,-0.7500846165419018,0.04790723012528286,Semiconductor Equipment & Materials,Technology,VECO
2013Q3,2013,Q3,2013-11-08,2013-09-30,-6026000.0,99324000.0,-9937000.0,-0.16,30308000.0,0.3051427650920221,909113000.0,797279000.0,715767000.0,97908000.0,111834000.0,57585000.0,75945000.0,1445700860.9999998,1200241860.9999998,20.526737210679435,7.310607917636966,0.0024276410083234976,0.0027681652219611955,-0.007685846570993439,20.526737210679435,-0.00755820735275857,14.555403135193908,-59.977632799535336,1.8132935409060065,0.0,1.1985065555266128,0.0,0.10925374513399325,6.209124892756465,-0.006628438928934027,-130.0324573664328,0.3051427650920221,-0.4545454545454546,-1.9172516338739243,-0.3047711811098646,1.2718416616480681,-0.12505773672055429,-0.4765988728252879,-0.4587492660011744,-1.0719268780846287,-0.6313536194858073,0.523321006141506,Semiconductor Equipment & Materials,Technology,VECO
2013Q2,2013,Q2,2013-11-04,2013-06-30,-4081000.0,97435000.0,-6812000.0,-0.11,34640000.0,0.3555190639913789,938068000.0,800317000.0,743984000.0,123809000.0,137751000.0,64107000.0,81971000.0,1366043360.0,1126769360.0,20.645882777835105,6.009126961690992,0.002424131299649919,0.0028413741055106916,-0.005267264703618771,20.645882777835105,-0.005099229430338229,14.020047826756299,-83.68312668463612,1.7068778496520753,0.0,0.9795342162322367,0.0,0.10386773666727785,5.061150643329645,-0.0043504308856074396,-1225.150995515695,0.3555190639913789,0.576923076923077,-1.7830715847434415,-0.3135737148963442,1.2903311737649648,0.5360056757715502,0.5947770827127395,0.6528740317977986,-1.0798954489873995,-0.605038717738375,0.7391416483152052,Semiconductor Equipment & Materials,Technology,VECO
2013Q1,2013,Q1,2013-11-04,2013-03-31,-10071000.0,61781000.0,-19624000.0,-0.26,22552000.0,0.3650313203088328,935883000.0,803120000.0,742283000.0,118822000.0,132763000.0,67689000.0,86052000.0,1463077640.0,1242297640.0,20.743878499845025,6.2470165457575195,0.0025013810486994633,0.002914881960354617,-0.012626939872076992,20.743878499845025,-0.012539844606036459,23.681676243505287,-36.319075563499155,1.8217422552047018,0.0,0.5795476369868073,0.0,0.06601359357953933,5.291780983319588,-0.010760960504678469,165.0025532874704,0.3650313203088328,-0.11168120403625792,-4.120502544175944,-0.5139617047423856,1.3347540198427752,-0.4176672605675627,-0.11220320265046936,-2.1065379135665663,-1.3873709299983947,-0.620847076230089,0.9474878089670343,Semiconductor Equipment & Materials,Technology,VECO
2012Q4,2012,Q4,2013-11-04,2012-12-31,-9055000.0,106849000.0,-6317000.0,-0.23388,38727000.0,0.36244606875122837,937304000.0,811212000.0,744484000.0,112287000.0,126092000.0,59807000.0,96123000.0,1141734840.0,759583840.0,20.952887695009814,6.630188712851888,0.002566936660891237,0.002965932456620464,-0.011088618394308353,20.952887695009814,-0.01116231022223537,10.685498600829208,-31.522220872446162,1.407443233088268,0.0,1.1390305482635812,0.0,0.11399609945119193,5.699324053541372,-0.009660686394168807,297.32678125,0.36244606875122837,-1.6878823529411766,0.2225286204995592,-0.1949355264368936,1.3857062649188672,-0.2236588886216021,-1.7704415893814345,-1.8464424494171245,-1.4839105905046799,-0.26871038263870484,1.2632402929971414,Semiconductor Equipment & Materials,Technology,VECO
2012Q3,2012,Q3,2013-11-04,2012-09-30,11753000.0,132715000.0,7463000.0,0.34,49884000.0,0.37587311155483555,954555000.0,817200000.0,758210000.0,129822000.0,137355000.0,74360000.0,105178000.0,1174669650.0,790091650.0,21.18360681234933,5.840381445363652,0.0025875931716873306,0.003022515907978463,0.009175205460456307,21.18360681234933,0.01438203622124327,8.851069208454206,24.986591721262656,1.4374322687224668,0.0,1.1139187735341582,0.0,0.1390333715710462,4.876369182419005,0.012312543541231255,29.982124352331606,0.37587311155483555,0.13333333333333347,2.667258798992165,0.09490737162101896,1.349352660861359,-0.18562053090410421,-0.005500084616686411,-0.5064153439153439,6.582520285127669,0.09934803114819597,2.3796257022245992,Semiconductor Equipment & Materials,Technology,VECO
2012Q2,2012,Q2,2012-07-27,2012-06-30,11818000.0,136547000.0,15120000.0,0.3,61254000.0,0.4485927922253876,949975000.0,797265000.0,764459000.0,145088000.0,152710000.0,90729000.0,93425000.0,1318393200.0,1003879200.0,20.778342455043003,5.268933337009264,0.002666385957525198,0.0031771117507980407,0.01347404107167327,20.778342455043003,0.014823176735464369,9.655233729045676,27.88951599255373,1.6536448984967356,0.0,0.8298669664605584,0.0,0.14373746677544147,4.369789369210411,0.012440327377036238,125.621076703192,0.4485927922253876,-0.2857142857142857,4.670612809160175,0.11427774998055086,1.275415602942784,-0.06150027578599007,-0.27991713380453326,-0.27814379833858494,1.6608384765005018,0.5563470152826543,2.4304016244096083,Semiconductor Equipment & Materials,Technology,VECO
2012Q1,2012,Q1,2012-05-09,2012-03-31,16412000.0,139909000.0,20946000.0,0.42,65268000.0,0.46650322709761344,944352000.0,779978000.0,758138000.0,156574000.0,164374000.0,103276000.0,281729000.0,1094264600.0,821526600.0,20.385719139593842,4.842042740173976,0.002746857104130663,0.0033257348284182375,0.020833851023051526,20.385719139593842,0.021041619122590637,7.821259532982153,16.668666219839142,1.4029429035177916,0.0,0.7227332584530772,0.0,0.14815344278404663,3.918268678069156,0.017379112873165938,32.70855178598117,0.46650322709761344,-0.19230769230769237,44.23577087246899,0.13938622461186467,1.2266703985121679,-0.21447140381282495,-0.1905701321759716,-0.3494626995465557,1.6467473526380958,0.8336155160907907,2.151533877924505,Semiconductor Equipment & Materials,Technology,VECO
2011Q4,2011,Q4,2012-02-22,2011-12-31,20276000.0,191685000.0,32198000.0,0.52,83088000.0,0.43346114719461615,936063000.0,760520000.0,754544000.0,167468000.0,175543000.0,113434000.0,265317000.0,794809600.0,579541600.0,19.902648382707003,4.5056010700551745,0.0028352792493667625,0.0034897175616683323,0.030606431057410358,19.902648382707003,0.026660705832851208,4.146436080027128,9.799881633458275,1.0450870457055699,0.0,0.9573584639526068,0.0,0.20477788353988993,3.5024661427854875,0.021660935214830625,18.701842396291678,0.43346114719461615,-0.4222222222222222,1.14995879682275,0.2590193295977065,1.1826787921862343,-0.3349448508812653,-0.4346262164347656,-0.5642028612806735,1.23222717820449,0.4327055669037454,1.9216112935623078,Semiconductor Equipment & Materials,Technology,VECO
2011Q3,2011,Q3,2011-10-31,2011-09-30,35863000.0,267959000.0,73883000.0,0.9,124934000.0,0.4662429700066055,934223000.0,735252000.0,760973000.0,195746000.0,198971000.0,127518000.0,0.0,959774000.0,749251000.0,18.69205542138045,3.8875532577932628,0.0029040175632584512,0.0036898913569769274,0.07106543447318736,18.69205542138045,0.048776473916425936,3.5817942297142475,6.690558514346262,1.3053674114453275,0.0,1.1216063614548535,0.0,0.2868255223859828,2.764454956933986,0.038388050818701745,-30.525221041918453,0.4662429700066055,1.0,5.207588125749412,0.8607242484231087,1.1009592931136734,0.24849102610225046,0.8672810580027075,2.1215091469855083,18.14362383410816,0.852051938198808,1.0687842306488577,Semiconductor Equipment & Materials,Technology,VECO
2011Q2,2011,Q2,2011-08-01,2011-06-30,19206000.0,264815000.0,23669000.0,0.45,100068000.0,0.3778788965881842,1120443000.0,848804000.0,953218000.0,268801000.0,271639000.0,113339000.0,0.0,1984713179.9999998,1789815179.9999998,20.70354651446412,3.5461847240151636,0.002472236427912888,0.003263415346770279,0.025999916000952115,20.70354651446412,0.02262713182312996,7.4947158582406574,25.834546235551386,2.3382467330502683,0.0,1.4535773211339433,0.0,0.2363484800208489,2.627125643133768,0.017141434236279757,-92.46706951174058,0.3778788965881842,-0.6370967741935484,3.6957689288612747,0.7544353807186208,1.3978371073900757,-0.22627037392138064,-0.6351582386687435,-0.7029082830209994,2.4844778534721015,0.7639546319784466,1.2967280449967915,Semiconductor Equipment & Materials,Technology,VECO
2011Q1,2011,Q1,2011-04-29,2011-03-31,52642000.0,254676000.0,79669000.0,1.24,129332000.0,0.5078295559848592,1163011000.0,823875000.0,1031810000.0,336150000.0,339136000.0,121342000.0,0.0,2025567280.0000002,1846297280.0000002,20.678555293408966,3.0694927859586496,0.08389172587361599,0.11842451828250644,0.05879154780903676,20.678555293408966,0.06389561523289335,7.953506730119839,9.619539911097604,2.4585856835078137,0.0,1.0329811606863246,0.0,0.21897987207343697,2.3706767811988696,0.04526354436888387,30.9317749102848,0.5078295559848592,-0.7327586206896551,165.2359221818746,1.0473416567985547,1.4748119985718238,-0.1535974660017539,-0.7329985798336377,-0.2101970814497581,27.008884208225776,0.9469416035148293,1.3274017969295555,Semiconductor Equipment & Materials,Technology,VECO
2010Q4,2010,Q4,2011-02-24,2010-12-31,197160000.0,299998000.0,100872000.0,4.64,152802000.0,0.5093433956226375,1148034000.0,762512000.0,1022573000.0,382434000.0,385522000.0,108487000.0,137436000.0,1711612320.0,1570501320.0,19.138396666833994,2.673854835082655,0.09060794366717362,0.13641883668716034,0.11312174257895968,19.138396666833994,0.2585664225612187,5.7054124360829075,2.170334144856969,2.244702142392513,0.0,1.3568077281148894,0.0,0.26131456037016326,2.065297541536579,0.17173707398909788,469.964942339374,0.5093433956226375,1.2745098039215685,54.378435669107255,1.0071483833044963,1.3158978954451899,0.12783986064569464,1.2882211622158002,0.10063394035941473,17.449932321211563,1.196483320646012,1.179107409593112,Semiconductor Equipment & Materials,Technology,VECO
2010Q3,2010,Q3,2010-10-28,2010-09-30,86163000.0,277094000.0,91649000.0,2.04,135482000.0,0.4889387716803684,943696000.0,538272000.0,827244000.0,299027000.0,405424000.0,80544000.0,0.0,1392917020.0,1218061020.0,13.474991238171532,2.7664525276981675,0.10945050100879944,0.19188811604541942,0.14458641377068004,13.474991238171532,0.16007334581772784,5.026875428554931,4.041517298608451,2.5877567846739193,0.0,1.7581942789034566,0.0,0.2936263372950611,1.8888896320399162,0.09130376731489802,18.086073283473564,0.4889387716803684,0.7000000000000001,40.27338022230394,1.0769664854424112,0.6384505392888703,0.19096678914889503,0.6445517530967877,0.43706781654253235,12.804028435044007,1.207697895587275,0.4944342009797184,Semiconductor Equipment & Materials,Technology,VECO
2010Q2,2010,Q2,2010-07-29,2010-06-30,52393000.0,253040000.0,63775000.0,1.2,113758000.0,0.4495652861207714,806366000.0,472015000.0,661704000.0,231588000.0,334351000.0,84210000.0,0.0,1363007080.0,1104197080.0,11.871306053670683,2.857246489455412,0.12720278384753325,0.21730665339025243,0.09377459482902228,11.871306053670683,0.1109985911464678,5.386528137843819,6.503765197640907,2.887635096342277,0.0,1.6539840874005463,0.0,0.3138029133172778,2.3991053077016082,0.0649742176629471,21.896047807996915,0.4495652861207714,0.9354838709677419,88.64013975709764,0.8377303104805749,0.4488538843033598,0.6170521258297915,1.0117109506988173,1.188872872048325,16.703713289990542,0.9926681315610136,0.3000149112122955,Semiconductor Equipment & Materials,Technology,VECO
2010Q1,2010,Q1,2010-04-28,2010-03-31,26044000.0,163231000.0,29136000.0,0.62,70349000.0,0.4309781842909741,681647000.0,413112000.0,537601000.0,161130000.0,268535000.0,84959000.0,0.0,1686328319.9999998,1594146319.9999998,10.651608910891088,3.3364426239682246,0.14943951928197438,0.2465796200546099,0.05386776286402896,10.651608910891088,0.0630434361625903,10.330931747033343,16.187301489786513,4.082012432463835,0.0,1.0932567473722619,0.0,0.23946558849375116,2.726835474461615,0.03820745928611143,41.55257915876105,0.4309781842909741,0.40909090909090906,5.263728468364701,0.33885283228143015,0.291590481475862,0.06770580378824673,0.3893838356895172,0.41870769830062815,69.81608157616103,0.31138940851062563,0.16344300125004851,Semiconductor Equipment & Materials,Technology,VECO
2009Q4,2009,Q4,2010-02-24,2009-12-31,18745000.0,146367000.0,20537000.0,0.44,65888000.0,0.45015611442469955,605372000.0,359059000.0,456435000.0,139118000.0,246313000.0,77564000.0,-224324000.0,1281423360.0,1234010360.0,9.257915635313532,3.280919794706652,0.16713029343940586,0.28178098863975004,0.04461095628682449,9.257915635313532,0.05220590487914242,8.754865236016315,17.090202187249933,3.568837879011527,0.0,1.03758186787685,0.0,0.24178026073224398,2.644855446455527,0.03096443178739684,37.45209294169224,0.45015611442469955,10.0,1.2328195104788688,0.11881070983600267,0.09527592922697455,0.6106385059157133,13.759842519685039,4.887901376146789,0.958305618929812,-0.052815437863590706,0.015294835565988554,Semiconductor Equipment & Materials,Technology,VECO
2009Q3,2009,Q3,2009-10-26,2009-09-30,1270000.0,98913000.0,3488000.0,0.04,40908000.0,0.4135755664068424,409825000.0,198120000.0,258985000.0,104534000.0,211705000.0,74999000.0,0.0,737098560.0,728151560.0,6.268033409263477,2.4775192760250255,0.24521198072347952,0.5072380375529982,0.008097380787155143,6.268033409263477,0.00641025641025641,7.451988717357678,145.09814173228347,3.720465172622653,0.0,0.7734103121374951,0.0,0.24135423656438723,1.6616698873093922,0.0030988836698590864,67.69825128581925,0.4135755664068424,1.0851063829787235,1.8193345283850886,0.005210613361628857,-0.3966866354383837,0.6776574803149606,1.0865122615803815,1.276759501705943,-0.7264339899572784,-0.14523017802699378,-0.2954823456345962,Semiconductor Equipment & Materials,Technology,VECO
2009Q2,2009,Q2,2009-07-30,2009-06-30,-14680000.0,72020000.0,-12603000.0,-0.47,24384000.0,0.33857261871702304,370858000.0,190781000.0,216419000.0,73464000.0,180077000.0,78497000.0,0.0,365050230.0,367386230.0,6.057116550782614,2.945919089622128,0.26918658893700553,0.5232701369633245,-0.04458630042150359,6.057116550782614,-0.07694686577803869,5.068734101638434,-6.2167954700272485,1.9134517064068226,0.0,0.6068512172439711,0.0,0.19419831849387098,1.7652319503430252,-0.03958388385851188,77.91893916755603,0.33857261871702304,0.28787878787878796,-9.740475208054212,-0.34105959886008386,-0.420090775007415,0.19634972034147777,0.29767486364941154,0.3316540276820279,-5.671854724718633,-0.37892879648132927,-0.2984787017477296,Semiconductor Equipment & Materials,Technology,VECO
2009Q1,2009,Q1,2009-05-07,2009-03-31,-20902000.0,62849000.0,-18857000.0,-0.66,20382000.0,0.32430110264284234,387275000.0,203855000.0,227982000.0,76995000.0,182678000.0,88729000.0,0.0,210205050.0,216328050.0,6.468507060130097,2.960997467368011,0.2560738493318701,0.48647813396777123,-0.06337274305156262,6.468507060130097,-0.10253366363346496,3.344604528313895,-2.514173882882021,1.0311498368938705,0.0,0.4786146581162867,0.0,0.16228519785682008,1.700876680303916,-0.053971983732489834,-734.9826923076923,0.32430110264284234,0.7111483603292909,-26.857010640676155,-0.3759122794071562,-0.3795381739764137,-0.4924168845722824,0.7097307281034315,0.7553485475563397,-81.44179434429098,-0.3612594402811758,-0.22584829268227558,Semiconductor Equipment & Materials,Technology,VECO
2008Q4,2008,Q4,2009-03-02,2008-12-31,-72009000.0,110344000.0,-77077000.0,-2.28491,40155000.0,0.36390741680562605,429541000.0,214687000.0,266998000.0,98470000.0,214070000.0,94930000.0,-202778000.0,199805100.0,204871100.0,6.812216404886562,2.711465420940388,0.253444956360394,0.5070870616292557,-0.23506279009116032,6.812216404886562,-0.3354138816043822,1.810747299354745,-0.6936809982085572,0.9306809448173388,0.0,0.7393763825977036,0.0,0.2568881666709348,1.659977658170001,-0.16764173850691785,10.26325765358537,0.36390741680562605,-44.6982,-13.075533614945265,0.3454422727064381,-0.3424376181292311,-0.12863745849879565,-42.0418410041841,-563.6058394160584,-26.57010277843884,-0.06667335719058771,-0.17566774740677235,Semiconductor Equipment & Materials,Technology,VECO
2008Q3,2008,Q3,2008-10-29,2008-09-30,-1673000.0,115709000.0,137000.0,-0.05,46083000.0,0.3982663405612355,539617000.0,284232000.0,305496000.0,126502000.0,254571000.0,105659000.0,0.0,465892980.0,494523980.0,9.03528514209422,2.4149499612654344,0.2711460165265364,0.5147731430662276,0.0006005805221648339,9.03528514209422,-0.0058860367587041575,4.026419552498077,-69.61939330543933,1.639129232457992,0.0,0.658968947273777,0.0,0.21442801097815672,1.498814247996079,-0.0031003470980343465,54.10439902450354,0.3982663405612355,-1.3846153846153846,0.2642022302392158,0.7045429483010645,-0.13530051730781956,-0.03450659962287869,-1.3981437410756783,-0.9780096308186196,-2.0176240379538264,0.10131536050237357,0.098617991806708,Semiconductor Equipment & Materials,Technology,VECO
2008Q2,2008,Q2,2008-07-31,2008-06-30,4202000.0,114449000.0,6230000.0,0.13,47730000.0,0.41704165174007635,542759000.0,281744000.0,310631000.0,132021000.0,260147000.0,115025000.0,0.0,502580399.99999994,539297400.0,9.014365701487762,2.3528908279743375,0.2696611203130671,0.5194822249985803,0.011429566467026713,9.014365701487762,0.014914248395706741,4.391304423804489,29.901261304140885,1.7838193537395648,0.0,0.5800391219300152,0.0,0.2108652274766517,1.4092985206898903,0.007741925974511708,82.30926957091384,0.41704165174007635,3.5999999999999996,4.464351966240468,0.45810210504374277,-0.13801824489414152,0.11973912635480692,3.6544535691724573,39.98684210526316,9.941772951071702,0.057407525949935936,0.10017370473682094,Semiconductor Equipment & Materials,Technology,VECO
2008Q1,2008,Q1,2008-04-30,2008-03-31,-1583000.0,102307000.0,152000.0,-0.05,42626000.0,0.4166479322040525,531960000.0,276860000.0,307019000.0,125798000.0,254162000.0,105169000.0,0.0,518207429.99999994,550183430.0,8.884823978691314,2.440571392231991,0.27521806150838407,0.5288051722892436,0.0008050927139441427,8.884823978691314,-0.005717691251896266,5.0652196819376964,-81.8394551484523,1.8717309470490497,0.0,0.5674771082733505,0.0,0.19232085119181894,1.519753891158842,-0.002975787653207008,-190.0283938393839,0.4166479322040525,0.8337876470979323,0.12516259152264825,0.45863407820816265,-0.15030402528544093,0.19477534546066094,0.8311286537230638,1.0176703092304116,0.6774448508126133,0.044423805305448115,0.07735405763279941,Semiconductor Equipment & Materials,Technology,VECO
2007Q4,2007,Q4,2008-02-28,2007-12-31,-9374000.0,106822000.0,-8602000.0,-0.30082,35677000.0,0.3339855086030967,529334000.0,273677000.0,302434000.0,127918000.0,254643000.0,98594000.0,-131715000.0,520388700.0,549890700.0,8.782677064279067,2.3642802420300506,0.2769234547563542,0.5356131498079854,-0.02082029201237635,8.782677064279067,-0.034252056256097514,4.871549868004718,-13.878512374653296,1.901470346430281,0.0,0.7215956346227965,0.0,0.2018045317323278,1.503228630841633,-0.017709045706491552,36.72467889908257,0.3339855086030967,-0.6712222222222222,0.9245582509254182,0.459440504036996,-0.16551532635669758,-0.006045578648242046,-0.649480907971142,-1.0544542631956055,0.8550894222379848,0.016284636526760564,0.03905189479002158,Semiconductor Equipment & Materials,Technology,VECO
2007Q3,2007,Q3,2007-10-31,2007-09-30,-5683000.0,97718000.0,-4187000.0,-0.18,35894000.0,0.3673222947665732,527364000.0,280422000.0,295523000.0,94146000.0,245782000.0,105659000.0,0.0,623866000.0,667348000.0,9.0167845659164,3.1389862553905634,0.2880060072359888,0.5416265485589575,-0.011589586387636656,9.0167845659164,-0.02026588498762579,6.384350887246976,-27.444395565722328,2.224739856359344,0.0,0.5851276275565735,0.0,0.18529516614710143,1.880111741337922,-0.01077623804431095,537.8155172413793,0.3673222947665732,-1.2499999999999998,-1.5572982168394849,0.258369282171898,-0.37628749641613557,-0.15033731802580186,-1.189980732177264,-3.1455445544554457,-2.726248549739782,0.00928748616634391,-0.13211269328101827,Semiconductor Equipment & Materials,Technology,VECO
2007Q2,2007,Q2,2007-08-07,2007-06-30,-2595000.0,98769000.0,-1010000.0,-0.08,42245000.0,0.42771517378934687,527274000.0,282406000.0,290925000.0,91463000.0,243066000.0,104658000.0,0.0,641405240.0,685311240.0,9.131669145702645,3.180794419601369,0.2882467180251634,0.5381790755153927,-0.003684661086249363,9.131669145702645,-0.009188898252869981,6.493993459486276,-61.79241233140654,2.2712167588507324,0.0,0.5400829368036844,0.0,0.18732006508949806,1.8946896559264401,-0.004921539844558996,49.9614612868048,0.42771517378934687,-9.0,-0.5073217475799593,0.20098492519176198,-0.3734160978358515,-0.03318457489415265,-9.856655290102388,-1.5811277330264673,-2.5735907383003145,-0.07963707739729733,-0.125732659628465,Semiconductor Equipment & Materials,Technology,VECO
2007Q1,2007,Q1,2007-05-02,2007-03-31,293000.0,99166000.0,1738000.0,0.01,43695000.0,0.44062481092309863,531152000.0,282888000.0,293788000.0,94351000.0,246752000.0,105620000.0,0.0,602530500.0,661048500.0,9.155247742645393,3.113777278460218,0.2882169322529144,0.5411576312887079,0.00039215095930731617,9.155247742645393,0.0010357455954299935,6.075978662041425,514.1045221843003,2.1299259777721216,0.0,0.525194092028025,0.0,0.18669985239630088,1.8647073162976544,0.0005516311714913999,313.0028571428571,0.44062481092309863,-0.9583333333333333,1.0786711980757462,0.16207092801906042,-0.3680051075881125,-0.2024567871940424,-0.9615788093364804,-0.8302900107411385,1.3982787855005605,0.004345061544512033,-0.12182491581205304,Semiconductor Equipment & Materials,Technology,VECO
