Year,Date,FillingDate,NetIncome,Revenue,OperatingIncome,EPSDiluted,GrossProfit,GrossProfitRatio,TotalAssets,CommonStockEquity,CurrentAssets,CurrentLiability,TotalLiability,Inventory,RetainedEarnings,EnterpriseValue,bookValuePerShare,currentRatio,debtToAssets,debtToEquity,roic,shareholdersEquityPerShare,roe,priceToSalesRatio,peRatio,pbRatio,payoutRatio,inventoryTurnover,dividendYield,assetTurnover,quickRatio,returnOnAssets,priceToFreeCashFlowsRatio,grossProfitMargin,epsdilutedGrowth,fiveYNetIncomeGrowthPerShare,fiveYRevenueGrowthPerShare,fiveYShareholdersEquityGrowthPerShare,grossProfitGrowth,netIncomeGrowth,operatingIncomeGrowth,threeYNetIncomeGrowthPerShare,threeYRevenueGrowthPerShare,threeYShareholdersEquityGrowthPerShare,Industry,Sector,Price,MarketCap,AvgVolume,Symbol
2022,2022-12-31,2023-03-21,-30001000.0,70971000.0,-24963000.0,-1.32,65859000.0,0.9279705795,2311989000.0,492700000.0,200408000.0,1390000.0,1819289000.0,0.0,92955000.0,707532588.76,21.713509218193355,144.17841726618704,0.23871523610190187,1.1201684595088288,-0.01883496301457089,21.713509218193355,-0.060891008727420336,2.9798028597596202,-7.049084655844805,0.42922587529937084,0.0,0.0,0.0,0.030696945357438984,144.17841726618704,-0.012976272810986558,22.7226376662727,0.9279705795324851,-1.8741721854304636,-4.564401769061271,0.6703957099742007,1.432849644529308,-0.04999639379733141,-2.1804446193192994,-1.5961171076511607,-3.4972233415364524,0.35887433963748794,1.3895960757280712,Banks—Regional,Financial Services,8.85,220229595,149688,PDLB
2021,2021-12-31,2022-03-31,25415000.0,69325000.0,41876000.0,1.51,69325000.0,1.0,1653510000.0,189256000.0,282092000.0,93198000.0,1464254000.0,0.0,122956000.0,207757134.5,11.302535790577013,3.026803150282195,0.073386311543323,0.6411685758971974,0.10190677984878821,11.302535790577013,0.13428900536838992,3.5022882726289217,9.553261243360222,1.2828979503952318,7.343576627975605,0.0,0.7686983995208541,0.04192596355631354,3.026803150282195,0.015370333411953964,16.88194510499235,1.0,5.565217391304348,7.849462525394617,0.17095138208663627,0.009824058693973695,0.39787873288568953,5.59615883726966,1.5220428812334377,9.118708785374873,0.9035419552777002,0.19235211802195207,Banks—Regional,Financial Services,8.85,220229595,149688,PDLB
2020,2020-12-31,2020-12-31,3853000.0,49593000.0,16604000.0,0.23,49593000.0,1.0,1355231000.0,159544000.0,103711000.0,30021000.0,1195687000.0,0.0,97541000.0,249117258.43,9.56889301287402,3.4546151027614003,0.10972225399212385,0.9320250213107356,0.039646223496234964,9.56889301287402,0.024150077721506295,3.53346759482185,45.480212413703605,1.0983506645815573,0.0,0.0,0.0,0.036593761506340985,3.4546151027614003,0.00284305775177811,-5.959977499149718,1.0,1.7931034482758623,-0.23749987957475738,-0.1672837931118317,-0.1269483748410092,0.23599342039677002,1.7518048780487805,1.6317958472024092,1.9725580335255513,0.5885196427621956,0.07212877158538322,Banks—Regional,Financial Services,8.85,220229595,149688,PDLB
2019,2019-12-31,2019-12-31,-5125000.0,40124000.0,6309000.0,-0.29,40124000.0,1.0,1053756000.0,158402000.0,53163000.0,97000.0,895354000.0,0.0,93688000.0,332982074.6,9.086686004695418,548.0721649484536,0.09907796491787473,0.6591078395474804,0.02033927819197338,9.086686004695418,-0.03235438946477948,6.3865784717376135,-50.00099016585366,1.617751509450638,0.0,0.0,0.0,0.03807712601399185,548.0721649484536,-0.004863554750815179,113.38720115044248,1.0,-2.933333333333333,-1.9700595934148413,-0.355616374374085,-0.17094422802768186,0.03369744435284419,-2.9144564811355997,0.0,-2.714112320153383,-0.34901372352599813,-0.18815084407967111,Banks—Regional,Financial Services,8.85,220229595,149688,PDLB
2018,2018-12-31,2019-03-29,2677000.0,38816000.0,0.0,0.15,38816000.0,1.0,1059901000.0,169172000.0,0.0,25063000.0,890729000.0,0.0,98813000.0,226992537.58,9.479192949585489,0.0,0.06548158743127896,0.41025701652755775,0.0,9.479192949585489,0.01582413165299222,5.857546825535862,84.93333491968622,1.343996273496796,0.0,0.0,0.0,0.03662228830805896,4.018553245820533,0.002525707589671111,107.04639245762712,1.0,1.9375,-0.5050618440337844,-0.39109565516083034,-0.13513247575273993,0.12279077839807931,1.610211989970367,0.0,-0.5050618440337844,-0.39109565516083034,-0.13513247575273993,Banks—Regional,Financial Services,8.85,220229595,149688,PDLB
2017,2017-12-31,2018-04-02,-4387000.0,34571000.0,0.0,-0.16,34571000.0,1.0,925522000.0,164785000.0,0.0,20042000.0,760737000.0,0.0,94855000.0,256944765.04000002,8.925134057100493,0.0,0.03932915695142849,0.2208938920411445,0.0,8.925134057100493,-0.026622568801772006,8.107048249689047,-63.88620128561659,1.7008147892101828,0.0,0.0,0.0,0.03735297486175369,4.5881648538070054,-0.004740027789722988,47.68908712608474,1.0,-1.9328684538871461,-1.7840150347235915,-0.47579105446867453,-0.1856839884373331,0.17684504357298475,-4.07859649122807,-1.0,-1.7840150347235915,-0.47579105446867453,-0.1856839884373331,Banks—Regional,Financial Services,8.85,220229595,149688,PDLB
2016,2016-12-31,2016-12-31,1425000.0,29376000.0,2430000.0,0.171514,29376000.0,1.0,744983000.0,92992000.0,666262000.0,3028000.0,651991000.0,0.0,99242000.0,118078593.8,11.192579235233131,220.03368560105682,0.008053875054867024,0.0645216792842395,0.014395102634556326,11.192579235233131,0.015323898830006882,4.214140584150327,86.87339915789474,1.3312391797143839,0.0,0.0,0.0,0.03943177226862895,22.164134742404226,0.001912795325530918,32.46645523210071,1.0,-0.43407420116937456,-0.43407466243050047,-0.010142534622771877,0.02119435110144752,-0.010142534622771843,-0.4340746624305004,-0.366031828854683,-0.43407466243050047,-0.010142534622771877,0.02119435110144752,Banks—Regional,Financial Services,8.85,220229595,149688,PDLB
2015,2015-12-31,2015-12-31,2518000.0,29677000.0,3833000.0,0.303068,29677000.0,1.0,703157000.0,91062000.0,593814000.0,0.0,612095000.0,0.0,97817000.0,119100593.8,10.96028314606417,0.0,0.011377259986034413,0.08785223254485955,0.02541842482485716,10.96028314606417,0.02765149019349454,4.171398517370354,49.16385774424146,1.3594539302892537,0.0,0.0,0.0,0.04220536807569291,0.0,0.0035809925806043314,24.988815865966895,1.0,0.0,0.0,0.0,0.0,0.0,0.0,0.0,0.0,0.0,0.0,Banks—Regional,Financial Services,8.85,220229595,149688,PDLB
TTM,,,,,,,,,,,,,,,,716980595.0,21.295699272567273,186.5800792303339,0.2688221539857312,1.3762632524327627,-0.0030612707126768954,21.295699272567273,-0.04552912917819424,3.1948354924346827,-9.021582715536105,0.4155768677387554,0.0,0.0,0.0,0.027143956332145978,186.5800792303339,-0.008997713753783174,64.96448230088495,0.9616874356258976,,,,,,,,,,,Banks—Regional,Financial Services,8.85,220229595,149688,PDLB
