Quarters,Year,Quarter,FillingDate,Date,NetIncome,Revenue,OperatingIncome,EPSDiluted,GrossProfit,GrossProfitRatio,TotalAssets,CommonStockEquity,CurrentAssets,CurrentLiability,TotalLiability,Inventory,RetainedEarnings,MarketCap,EnterpriseValue,bookValuePerShare,currentRatio,debtToAssets,debtToEquity,roic,shareholdersEquityPerShare,roe,priceToSalesRatio,peRatio,pbRatio,payoutRatio,inventoryTurnover,dividendYield,assetTurnover,quickRatio,returnOnAssets,priceToFreeCashFlowsRatio,grossProfitMargin,epsdilutedGrowth,fiveYNetIncomeGrowthPerShare,fiveYRevenueGrowthPerShare,fiveYShareholdersEquityGrowthPerShare,grossProfitGrowth,netIncomeGrowth,operatingIncomeGrowth,threeYNetIncomeGrowthPerShare,threeYRevenueGrowthPerShare,threeYShareholdersEquityGrowthPerShare,Industry,Sector,Symbol
2023Q1,2023,Q1,2023-05-03,2023-03-31,86211000.0,413136000.0,159248000.0,0.8,181255000.0,0.4387296193,3983475000.0,1697364000.0,200253000.0,384956000.0,1575745000.0,20837000.0,353259000.0,1378705269.34,2383346269.34,16.01698791691078,0.5201971134363408,0.2505972800130539,0.5881166326138648,0.04847742162648676,16.01698791691078,0.05079110903730726,3.3371704943166414,3.9980549736692534,0.8122625844191346,0.0,11.128329414023131,0.0,0.10371246210908817,0.4020147757146271,0.021642159170071357,18.204815197338014,0.43872961930211846,-0.5348837209302325,0.8540478345419653,1.6486246168868022,0.5431581777070557,-0.32101008436099915,-0.5343897341175327,0.2980233932428577,-0.346386535727193,1.547655721078557,0.2849584504560852,Oil & Gas E&P,Energy,ESTE
2022Q4,2022,Q4,2023-03-08,2022-12-31,185157000.0,494958000.0,122685000.0,1.72,266948000.0,0.5393346506,3937401000.0,1639314000.0,246265000.0,376284000.0,1613384000.0,37740000.0,292711000.0,1504882009.8600001,2571579009.86,15.501174223067604,0.6544657758501558,0.2692862626895254,0.6467876196994596,0.036834749431352634,15.501174223067604,0.11294785501740362,3.0404236518250034,2.0318999684862034,0.9179949722017868,0.0,6.041600423953365,0.0,0.1257067796752223,0.5040634201826281,0.04702518234744188,10.523650418601399,0.5393346506168201,-0.3722627737226278,7.416754566380409,2.4667494682265563,0.46729501945186663,-0.17752574969112694,-0.38139132410327686,-0.6170856247542119,10.088906522346443,1.0517314467925498,0.31322842929882555,Oil & Gas E&P,Energy,ESTE
2022Q3,2022,Q3,2022-11-02,2022-09-30,299312000.0,531495000.0,320398000.0,2.74,324567000.0,0.6106680213,3892297000.0,1545257000.0,251308000.0,390160000.0,1717834000.0,4205000.0,163089000.0,1296738864.96,2479697864.96,14.681110248505773,0.6441152347754767,0.30284276867875193,0.7628206829025851,0.09768723223639461,14.681110248505773,0.19369722965176667,2.4397950403296362,1.083099629283156,0.8391735905160113,0.0,49.20998810939358,0.0,0.13655047392323863,0.546093910190691,0.07689855116400418,-4.938941569962751,0.6106680213360427,0.2863849765258218,15.251196016830969,2.6973757136740755,0.4253489200140744,0.00991975206843011,0.372833390666208,0.0436552919256277,2.159965307790945,2.739525799299852,0.23768973784536473,Oil & Gas E&P,Energy,ESTE
2022Q2,2022,Q2,2022-08-04,2022-06-30,218025000.0,472551000.0,306996000.0,2.13,321379000.0,0.6800937888,3290959000.0,1278039000.0,269426000.0,432489000.0,1471575000.0,2586000.0,-48367000.0,1068672655.0500001,2006597655.0500002,16.324205796379985,0.6229661332426952,0.2842147228209163,0.7318548182019484,0.1254806517750056,16.324205796379985,0.1705933856478558,2.2614969708031514,1.2254015079119367,0.8361815680507403,0.0,58.45784996133024,0.0,0.14359066764429457,0.5777418616427239,0.06624968588183566,-1.837350130235645,0.6800937888185614,3.597560975609756,2.1514727002771377,4.321887630771816,0.5923806472516064,1.532976560160154,5.202729533319197,1.9707086248439631,3.119027803864785,2.9156426284644623,0.42694545147193874,Oil & Gas E&P,Energy,ESTE
2022Q1,2022,Q1,2022-05-04,2022-03-31,-51877000.0,196150000.0,103341000.0,-0.82,126878000.0,0.6468417028,2321271000.0,773948000.0,116933000.0,385583000.0,1078969000.0,0.0,-193252000.0,801318546.87,1427537546.87,12.198598520128622,0.30326285131865255,0.2699818332284339,0.8097456159845364,0.07153684961119015,12.198598520128622,-0.06702905104735718,4.085233478817232,-3.8616272474796154,1.0353648395887063,0.0,0.0,0.0,0.08450112029142655,0.286952484938392,-0.022348532334225516,-2.691598721142316,0.6468417027784858,-1.656,-25.986309063356444,3.488826401556997,0.11602249899798028,0.37285623086161934,-1.7512417638114546,0.4048149859982056,0.38915187210339747,1.1800722858632615,0.09714161243136726,Oil & Gas E&P,Energy,ESTE
2021Q4,2021,Q4,2022-03-09,2021-12-31,69055000.0,144016000.0,73562000.0,1.25,92419000.0,0.6417273081,1556367000.0,558494000.0,61415000.0,150615000.0,510106000.0,0.0,-159774000.0,573271841.12,891215841.12,10.65798792430316,0.4077615111376689,0.20686444778127525,0.5764735162777039,0.08078889852134177,10.65798792430316,0.12364501677726171,3.980612161982002,2.075417569763232,1.0264601609327941,0.0,0.0,0.0,0.09253344487514835,0.38188759419712515,0.044369355042865856,-15.387782609582606,0.6417273080768804,2.4722222222222223,1.8887931375026559,3.0811334600322886,-0.016148716712889876,0.464248934518434,5.628431560760223,0.3387810071523468,-0.5349941127462104,0.9046624346406081,-0.08984799299882916,Oil & Gas E&P,Energy,ESTE
2021Q3,2021,Q3,2021-11-03,2021-09-30,10418000.0,110384000.0,54947000.0,0.36,63117000.0,0.5717948253,1424973000.0,491280000.0,50157000.0,155170000.0,475079000.0,0.0,-199544000.0,453037301.99999994,732975302.0,9.976608945989176,0.3232390281626603,0.1967609210841188,0.5707112033870705,0.06935036619865449,9.976608945989176,0.021205829669434944,4.104193560660965,10.871503695526972,0.9221570224719101,0.0,0.0,0.0,0.07746392387785593,0.3130437584584649,0.007311015717490788,-12.544644791493601,0.5717948253370053,2.0,2.2091150980170906,3.720230027914172,-0.18573378791497341,0.3509342693863573,2.174388456769248,0.48268976496937316,9.599635834117082,0.3747288713306353,-0.04240603609486576,Oil & Gas E&P,Energy,ESTE
2021Q2,2021,Q2,2021-08-04,2021-06-30,-8871000.0,89671000.0,37059000.0,-0.36,46721000.0,0.5210268649,1277661000.0,416907000.0,42565000.0,131289000.0,409981000.0,0.0,-209962000.0,488493838.26,731671838.26,9.447735321368759,0.32420842568684355,0.1907047331021296,0.58443729656734,0.05424260947704524,9.447735321368759,-0.02127812677647533,5.447623403999063,-13.766594472438282,1.1717093698594652,0.0,0.0,0.0,0.07018371852940647,0.30759621902825063,-0.006943156283239451,-27.934685095213588,0.5210268648727013,-0.43999999999999995,0.7099068575813385,2.3394797622642107,-0.4474731742170812,0.32395363994445864,-0.5208297617006686,0.5118100599681802,-9.655895400953415,0.5308970000371129,-0.09007557851701681,Oil & Gas E&P,Energy,ESTE
2021Q1,2021,Q1,2021-05-05,2021-03-31,-5833000.0,75572000.0,24513000.0,-0.25,35289000.0,0.4669586619,1228953000.0,423903000.0,44478000.0,90721000.0,346876000.0,0.0,-201091000.0,305869249.40000004,530351249.40000004,9.909157118427217,0.490272373540856,0.18383860082525533,0.532973345317207,0.03651187011381079,9.909157118427217,-0.013760223447345265,4.047388575133648,-13.109431227498714,0.7215548118319522,0.0,0.0,0.0,0.061492994443237456,0.45279483250846,-0.00474631658004822,-2.8997843136139556,0.466958661938284,0.5901639344262295,0.7057177286815537,2.566633085019105,-0.2901475936186986,4.052835051546392,0.6826614438822697,17.084645669291337,-1.3107524718331949,0.20019731281562467,-0.045301343747637786,Oil & Gas E&P,Energy,ESTE
2020Q4,2020,Q4,2021-03-10,2020-12-31,-18381000.0,36675000.0,-1524000.0,-0.61,6984000.0,0.1904294479,1005257000.0,344881000.0,34733000.0,55494000.0,189721000.0,0.0,-195258000.0,161030978.03,277223978.03,11.415292588346208,0.6258874833315313,0.11707155483622596,0.3412394420104326,-0.0032361852834178017,11.415292588346208,-0.053296644349790215,4.390756047171098,-2.1901824986399,0.46691751076458254,0.0,0.0,0.0,0.0364832077767178,0.4633834288391538,-0.01828487640474028,13.936043100822156,0.19042944785276072,-0.564102564102564,0.9277557702381366,1.0217473006608526,-0.20983807659253076,1.5222101841820153,-0.5500927643784786,0.5071151358344114,-3.924751629051352,-0.10083465407908039,0.08053762375890107,Oil & Gas E&P,Energy,ESTE
2020Q3,2020,Q3,2020-11-04,2020-09-30,-11858000.0,41047000.0,-3092000.0,-0.39,2769000.0,0.067459254,1032002000.0,351268000.0,55613000.0,50117000.0,200169000.0,0.0,-186787000.0,77890714.64999999,205459714.64999998,11.680264125038427,1.1096633876728454,0.12875944038868142,0.37828666431328783,-0.006419083776341983,11.680264125038427,-0.03375770067299042,1.897598232513947,-1.6421553940377802,0.2217415610018561,0.0,0.0,0.0,0.03977414772451991,0.5777680228265858,-0.011490287809519748,1.8434363157645608,0.06745925402587279,0.6749999999999999,-4.175305704271489,0.44224655593411405,-0.4892347614174084,1.3333734649650855,0.6697763791807068,0.7998705501618123,-3.2533494161169565,-0.0006175526791106065,0.1340049610891738,Oil & Gas E&P,Energy,ESTE
2020Q2,2020,Q2,2020-08-05,2020-06-30,-35909000.0,21663000.0,-15450000.0,-1.2,-8306000.0,-0.3834187324,1068974000.0,353772000.0,56155000.0,39110000.0,227539000.0,0.0,-181342000.0,84797180.08,254664180.07999998,11.84841853292912,1.435822040398875,0.16059979007908518,0.48527582736903996,-0.028355081169855505,11.84841853292912,-0.10150322806779508,3.9143784369662558,-0.5903616090673647,0.2396944361905408,0.0,0.0,0.0,0.020265226282397887,0.5752237279468166,-0.03359202375361796,-4.3103329476948105,-0.3834187324008678,-1.967741935483871,-21.244457806952045,-0.3331692023576391,-0.4790527511690282,-2.022906403940887,-1.9780737593288664,-21.09102730819246,0.5027215521205989,-0.3602878651340459,0.15578011008397985,Oil & Gas E&P,Energy,ESTE
2020Q1,2020,Q1,2020-05-06,2020-03-31,36714000.0,45138000.0,769000.0,1.24,8120000.0,0.1798927733,1142521000.0,367685000.0,100654000.0,94884000.0,267575000.0,0.0,-165003000.0,51915473.28,202121473.28,12.464985082767216,1.0608110956536403,0.1359336064720036,0.4223914492024423,0.001418942407573387,12.464985082767216,0.09985177529678937,1.1501500571580487,0.3535127831344991,0.14119551594435456,0.0,0.0,0.0,0.039507370105232205,0.284979553981704,0.032134201472007955,5.670104115334207,0.17989277327307368,7.526315789473684,16.45772385314931,0.8702295606170766,-0.45324347004833326,-0.7074717198645436,7.509574468085106,-0.9662363891815947,37.03440725401355,1.2217976562217017,0.1403936098960764,Oil & Gas E&P,Energy,ESTE
2019Q4,2019,Q4,2020-03-11,2019-12-31,-5640000.0,66788000.0,22776000.0,-0.19,27758000.0,0.4156135833,1125543000.0,345599000.0,60268000.0,100158000.0,289792000.0,0.0,-181711000.0,185332620.15,344910620.15,11.803867383029603,0.601729267756944,0.15405897420178527,0.5017375628980408,0.052285256444748,11.803867383029603,-0.01631949166519579,2.7749389134275617,-8.215098410904256,0.5362649201820607,0.0,0.0,0.0,0.05933847040939351,0.49462848699055495,-0.005010914731822773,-4.287923283281662,0.41561358327843323,-1.2111111111111112,0.9771257322635291,2.7991746076110924,-0.18294108689397975,0.734007996001999,-1.2158686416350901,1.3814303638644918,0.8700788669619327,2.3873776960375483,0.08962875122640312,Oil & Gas E&P,Energy,ESTE
2019Q3,2019,Q3,2019-11-06,2019-09-30,26127000.0,39204000.0,9564000.0,0.9,16008000.0,0.4083256811,1098651000.0,344379000.0,55474000.0,115008000.0,258920000.0,0.0,-179087000.0,94356736.5,213215736.5,11.861704754911695,0.48234905397885364,0.11712090554689342,0.37364357292401684,0.01962970395108387,11.861704754911695,0.0758669953742824,2.406814011325375,0.9028661585715926,0.2739909707037886,0.0,0.0,0.0,0.03568376126722681,0.2852584168057874,0.02378098231376479,-8.862283882783883,0.4083256810529538,0.3432835820895522,0.388614146211542,-0.5530187674748979,-0.23323392552940633,-0.18455504049717283,0.3373771498771499,-0.22546161321671526,6.143152722672853,1.84343955469829,-0.0318769181049372,Oil & Gas E&P,Energy,ESTE
2019Q2,2019,Q2,2019-08-06,2019-06-30,19536000.0,44542000.0,12348000.0,0.67,19631000.0,0.4407300974,1017348000.0,330568000.0,43389000.0,78719000.0,205785000.0,0.0,-190857000.0,179154536.6,284748536.6,11.439964842062503,0.5511884043242419,0.1094797453771964,0.3369321894436243,0.02700570804037174,11.439964842062503,0.05909827932528254,4.02214845763549,2.292620503173628,0.5419597075336996,0.0,0.0,0.0,0.04378246185179506,0.357207281596565,0.019202868634921384,10.69068722997971,0.4407300974361277,1.5,0.16571089475765835,-0.49411175672829255,-0.2268524908779364,0.08650653088332964,1.5081809432146294,0.18230563002680966,1.9756091808803786,1.5332139163438514,-0.3309626861628429,Oil & Gas E&P,Energy,ESTE
2019Q1,2019,Q1,2019-05-03,2019-03-31,-38443000.0,40728000.0,10444000.0,-1.34,18068000.0,0.4436260067,1006329000.0,319319000.0,49883000.0,78694000.0,216298000.0,0.0,-199634000.0,208791070.33999997,330837070.34,11.118526890157233,0.6338856837878364,0.12170174962661316,0.3835412236666155,0.02327384484469273,11.118526890157233,-0.12039058120562823,5.126474915046159,-1.3577964150820696,0.6538635982825951,0.0,0.0,0.0,0.040471853638323056,0.5032022771748799,-0.03820122445045308,-5.038880933005116,0.44362600667845214,-1.4734982332155477,-3.129204806243224,-0.4853290026806211,-0.21046790870963908,-0.05259294216349431,-1.4746869829353222,0.17838203768475686,-1.8889608750933389,1.8631418681003733,-0.20351317735024263,Oil & Gas E&P,Energy,ESTE
2018Q4,2018,Q4,2019-03-12,2018-12-31,80986000.0,41235000.0,8863000.0,2.83,19071000.0,0.4624954529,1004308000.0,334640000.0,63556000.0,81865000.0,177816000.0,0.0,-182497000.0,129168017.39999999,207620017.39999998,11.710118576148401,0.7763513100836743,0.07848986565874214,0.23556060243844132,0.020831039029395267,11.710118576148401,0.24200932345206788,3.132484961804292,0.3987356376410737,0.3859909676069806,0.0,0.0,0.0,0.04105812161209509,0.22262261039516276,0.08063860887297522,-2.2800659723570633,0.4624954528919607,141.21105527638193,4.261593620955273,-0.44132528507312824,-0.12896690565263028,-0.2703447220415503,142.5921985815603,-0.623171768707483,1.3365190405676057,1.4031916763326155,-0.18943034128576205,Oil & Gas E&P,Energy,ESTE
2018Q3,2018,Q3,2018-11-07,2018-09-30,564000.0,46076000.0,23520000.0,0.0199,26137000.0,0.5672584426,898401000.0,294397000.0,35516000.0,95129000.0,154308000.0,0.0,-218627000.0,264771613.11999997,286342613.12,10.418412523512446,0.3733456674620778,0.038958104454469664,0.11888708105041831,0.05471658291019518,10.418412523512446,0.0019157803917838837,5.746410563416963,117.36330368794326,0.8993692636813553,0.0,0.0,0.0,0.05128667488126126,0.3582083276393108,0.0006277820260663111,-30.96744013099415,0.5672584425731401,-0.6209523809523809,-0.9717527336065819,-0.39542431722256766,-0.1910670061024458,0.3400153806716227,-0.13230769230769232,0.9217256311790178,-0.8392661691813006,0.7230066465003108,-0.5444141586818622,Oil & Gas E&P,Energy,ESTE
2018Q2,2018,Q2,2018-08-06,2018-06-30,650000.0,37150000.0,12239000.0,0.0525,19505000.0,0.5250336474,865780000.0,290594000.0,24830000.0,83080000.0,123486000.0,0.0,-218851000.0,247689454.64999998,265993454.64999998,10.382989068444784,0.29886856042368803,0.025988126313844163,0.07742761378417999,0.04918052244925325,10.382989068444784,0.0022367977315429777,6.667280071332436,95.26517486538462,0.8523557081357495,0.0,0.0,0.0,0.04290928411374714,0.2740852190659605,0.0007507680935110536,167.2447364280891,0.5250336473755047,-0.8806818181818182,-0.9419467623122332,-0.3604032516915924,-0.14507401778622125,-0.20365002245539543,-0.9466819785087359,-0.3320052396026635,1.4295667855997782,0.21998556399222838,-0.543484257007321,Oil & Gas E&P,Energy,ESTE
2018Q1,2018,Q1,2018-05-03,2018-03-31,12191000.0,40895000.0,18322000.0,0.44,24493000.0,0.5989240738,849416000.0,288378000.0,49626000.0,65069000.0,110019000.0,0.0,-219501000.0,281172106.59999996,300114106.59999996,10.37935588735956,0.7626673223808572,0.03531838345404372,0.10403012712481535,0.05639606202087959,10.37935588735956,0.042274375992620794,6.87546415454212,5.765977085554917,0.9750123331183377,0.0,0.0,0.0,0.04814484304510393,0.7381548817409211,0.0143522137562749,-16.916678093977495,0.5989240738476587,1.0952380952380953,0.15445776219512578,-0.2524447840348924,-0.12011615786529492,0.22495623905976495,1.2177551391668182,0.5135894258570839,6.4493612565963385,0.7989340616477275,-0.5447262415137785,Oil & Gas E&P,Energy,ESTE
2017Q4,2017,Q4,2018-03-15,2017-12-31,5497000.0,35676000.0,12105000.0,0.21,19995000.0,0.560460814,834417000.0,279174000.0,47073000.0,68859000.0,108685000.0,0.0,-224822000.0,280906041.40000004,282951041.40000004,10.564456375554478,0.6836143423517623,0.029961038665319618,0.08954988645074398,-0.26356658494690066,10.564456375554478,0.019690229032789587,7.873809883395,12.775424840822266,1.0062041644279196,0.0,0.0,0.0,0.042755600616957705,0.6638347928375375,0.006587833181730477,-4.377256231495622,0.5604608139926001,0.23529411764705868,-0.032603781896601264,-0.18029670341062182,-0.07286240327979304,0.4326144586945619,0.37150698602794413,0.855456774984672,1.02470097940771,1.2484711069355008,-0.26873261417894223,Oil & Gas E&P,Energy,ESTE
2017Q3,2017,Q3,2017-11-02,2017-09-30,4008000.0,31282000.0,6524000.0,0.17,13957000.0,0.4461671249,824972000.0,235922000.0,31957000.0,53753000.0,145435000.0,0.0,-227146000.0,251726202.77,313783202.77,10.300011486563449,0.5945156549401894,0.08861391659353288,0.30986512491416657,0.021618513256385242,10.300011486563449,0.016988665745458244,8.046998362316987,15.701484703717565,1.0669891013555328,0.0,0.0,0.0,0.03791886270079469,0.5676148308001414,0.004858346707524619,-33.8341670389785,0.4461671248641391,1.0702479338842974,-0.38046064566301346,-0.1633954394493647,-0.07690867890273102,0.5223603839441536,1.0729164771590227,2.932489451476793,-0.7299907943149724,-0.547923181123105,-0.3341851329351289,Oil & Gas E&P,Energy,ESTE
2017Q2,2017,Q2,2017-08-09,2017-06-30,-54967000.0,25777000.0,1659000.0,-2.42,9168000.0,0.3556659037,824111000.0,232995000.0,45666000.0,54942000.0,149953000.0,0.0,-228702000.0,227507390.10999998,284341390.11,10.251446991995913,0.8311674129081577,0.08919308199987623,0.3154788729371875,0.004585644749090524,10.251446991995913,-0.2359149337968626,8.825984021026496,-1.0347453477086253,0.9764475208051674,0.0,0.0,0.0,0.03127855349582762,0.7722689381529613,-0.06669853939578528,171.18690000752443,0.35566590371261203,-81.66666666666666,-16.41292364575866,-0.16849275339294542,-0.05548362301931516,2.943225806451613,-76.400548696845,1.6310384176492962,-5.169960421657619,-0.627786659917429,-0.3071761306803492,Oil & Gas E&P,Energy,ESTE
2017Q1,2017,Q1,2017-05-08,2017-03-31,729000.0,15343000.0,-2629000.0,0.03,2325000.0,0.1515349019,304494000.0,243497000.0,21490000.0,26308000.0,60997000.0,0.0,-211579000.0,284254468.96,288154468.96,10.930423473613768,0.8168617910901627,0.04566920858867498,0.05710953317700013,-0.010775227859990567,10.930423473613768,0.0029938767212737733,18.52665508440331,97.4809564334705,1.1673838649346808,0.0,0.0,0.0,0.05038851340256294,0.7918123764634332,0.0023941358450412817,1435.628631111111,0.15153490190966565,1.0202702702702704,-0.9239142144145281,-0.5765882713842466,0.01666282619291325,1.1040723981900453,1.0220588235294117,-0.5723684210526315,-0.9479466628502751,-0.7500415749639152,-0.22382522531368457,Oil & Gas E&P,Energy,ESTE
2016Q4,2016,Q4,2017-03-15,2016-12-31,-33048000.0,15010000.0,-1672000.0,-1.48,1105000.0,0.0736175883,316512000.0,241457000.0,27342000.0,38829000.0,75055000.0,0.0,-212308000.0,306253291.98,310350291.98,10.832925773795955,0.7041644131963224,0.04517048326761702,0.05921137096874392,-0.006565544194772992,10.832925773795955,-0.13686909056270888,20.403283942704864,-2.31673090640886,1.2683554089548035,0.0,0.0,0.0,0.04742316247093317,0.692678152926936,-0.10441310282074613,-23.162402963243082,0.07361758827448368,-7.705882352941177,-3.1964805272980694,-0.7027283476664873,0.050894789134316214,7.185185185185185,-7.473846153846154,0.6122448979591837,-3.7528025440834085,-0.7392668597766601,-0.19421508875203677,Oil & Gas E&P,Energy,ESTE
2016Q3,2016,Q3,2016-11-08,2016-09-30,-3900000.0,10585000.0,-4312000.0,-0.17,135000.0,0.012753897,333476000.0,273093000.0,37683000.0,39129000.0,60383000.0,0.0,-179260000.0,191686922.2,182572922.2,12.252269341304078,0.9630453116614276,0.04406613969221174,0.05380950811628273,-0.015797426624678923,12.252269341304078,-0.014280849380980105,18.109298271138403,-12.287623217948717,0.7019107857030388,0.0,0.0,0.0,0.031741414674519304,0.8975951340438039,-0.01169499454233588,36.0043054470323,0.012753897024090695,0.753623188405797,-1.4111870720292377,-0.6807658823627363,0.2767225848568878,-0.2931937172774869,0.6509129967776585,0.3297062023939064,-1.2476279864262303,-0.8239222154209641,-0.04867801136378353,Oil & Gas E&P,Energy,ESTE
2016Q2,2016,Q2,2016-08-09,2016-06-30,-11172000.0,9810000.0,-6433000.0,-0.69,191000.0,0.0194699286,327977000.0,275665000.0,35487000.0,31226000.0,52312000.0,0.0,-175360000.0,173790503.04,169979503.04,17.099143209891245,1.1364567988214949,0.04591480500157023,0.054627899805923856,-0.022502149119630232,17.099143209891245,-0.04052745179837847,17.71564760856269,-3.8889747368421053,0.63044094476992,0.0,0.0,0.0,0.02991063397738256,1.1128546723883943,-0.03406336419931885,-129.02041799554564,0.01946992864424057,-0.6829268292682926,-2.7848201366020975,-0.5872445652978178,0.8592213647715827,1.0807952622673436,-0.7399159009500078,0.05895260386190755,-2.7322117610997703,-0.7067936286713854,0.4079280742149496,Oil & Gas E&P,Energy,ESTE
2016Q1,2016,Q1,2016-05-10,2016-03-31,-6421000.0,6864000.0,-6836000.0,-0.41,-2364000.0,-0.3444055944,239914000.0,193452000.0,24060000.0,29864000.0,46462000.0,0.0,-164188000.0,167821930.07999998,173328930.07999998,13.959461191295102,0.80565229038307,0.046645881440849635,0.05784897545644398,-0.02942468966374977,13.959461191295102,-0.03319169613134008,24.449581888111886,-6.53410411462389,0.8675119930525401,0.0,0.0,0.0,0.028610252006969164,0.699136083578891,-0.026763757012929632,-9.547814193548387,-0.34440559440559443,0.9513064133016627,-2.8458447395646855,-0.6580225310492414,0.5725562369308558,0.35865436787845906,0.9448893237548386,-0.0611611300838249,-2.2190697102542933,-0.7484423712797416,0.18337828285524568,Oil & Gas E&P,Energy,ESTE
2015Q4,2015,Q4,2016-03-11,2015-12-31,-116511000.0,8307000.0,-6442000.0,-8.42,-3686000.0,-0.443722162,264944000.0,199873000.0,45909000.0,48578000.0,65071000.0,0.0,-157767000.0,184145553.68,172072553.68,14.446776350750062,0.9450574334060686,0.04223911468083821,0.055990554001791135,-0.02488799358307531,14.446776350750062,-0.5829251574749966,22.167515791501145,-0.3951248244371776,0.9213128020292887,0.0,0.0,0.0,0.03135379551905308,0.8587632261517559,-0.4397570807415907,-10.145760533333334,-0.4437221620320212,-71.16666666666666,-194.13398177548584,-0.487174245572407,0.6751558352370098,-26.924242424242426,-68.81781140861467,-1.6240325865580447,-40.164285842100924,-0.6354397020886905,0.2678503303948509,Oil & Gas E&P,Energy,ESTE
2015Q3,2015,Q3,2015-11-12,2015-09-30,1718000.0,13093000.0,-2455000.0,0.12,-132000.0,-0.0100817231,434830000.0,316384000.0,68209000.0,72004000.0,118446000.0,0.0,-41256000.0,210293945.6,180157945.6,22.868165730017097,0.9472945947447364,0.025736494722075294,0.035371573783756445,-0.005091140435603943,22.868165730017097,0.005430110245777283,16.061555457114487,30.601563678696156,0.664679457873976,0.0,0.0,0.0,0.03011061794264425,0.8822426531859341,0.003950969344341467,-60.4988336018412,-0.01008172305812266,3.2181146025878005,-0.7111800082190335,-0.20199840204746813,1.6428213845932196,-1.1075794621026895,3.2967914438502675,-0.9862459546925566,-0.5603451218952732,-0.4202878074329019,1.0494545411265197,Oil & Gas E&P,Energy,ESTE
2015Q2,2015,Q2,2015-08-13,2015-06-30,-748000.0,15053000.0,-1236000.0,-0.0541,1227000.0,0.081511991,419776000.0,314666000.0,65559000.0,59522000.0,105110000.0,0.0,-42974000.0,270200049.84000003,236521049.84000003,22.7439890689844,1.1014246833103727,0.026659456472023176,0.03556469399299575,-0.0027202492881585076,22.7439890689844,-0.0023771236803467803,17.94991362784827,-90.30750328877005,0.8586884183229202,0.0,0.0,0.0,0.035859601311175486,1.0715869762440777,-0.0017819027290745541,-14.786037530918247,0.08151199096525609,0.3279503105590062,-1.24125799396386,0.040390541387886225,1.7685509280452918,3.4945054945054945,0.32854578096947934,0.43920145190562615,-1.3445583980676392,-0.2023084750071848,1.0955158984188416,Oil & Gas E&P,Energy,ESTE
2015Q1,2015,Q1,2015-05-14,2015-03-31,-1114000.0,11320000.0,-2204000.0,-0.0805,273000.0,0.0241166078,414959000.0,315414000.0,79327000.0,53524000.0,99545000.0,0.0,-42226000.0,325817264.40000004,277318264.40000004,22.798054343985832,1.4820828039757865,0.026968929460500918,0.035480352806153186,-0.004424666814302374,22.798054343985832,-0.003531866055406545,28.78244385159011,-73.11877567324954,1.0329828872529436,0.0,0.0,0.0,0.027279803546856437,1.4081346685598983,-0.0026846025751941756,-8.008486491003834,0.02411660777385159,0.0,-1.6545858313816064,-0.19096686227709778,1.9083246739839226,0.0,0.0,0.0,-1.1872124112638873,-0.49699480423950343,1.1204973821012694,Oil & Gas E&P,Energy,ESTE
2014Q3,2014,Q3,2014-11-12,2014-09-30,1114000.0,5193000.0,1455000.0,0.64,2280000.0,0.4390525708,47162000.0,26592000.0,8240000.0,6498000.0,20570000.0,253000.0,3509000.0,48491974.440000005,52804974.440000005,15.469782962295895,1.2680824869190521,0.14842457911030066,0.26323706377858,0.0342940064417815,15.469782962295895,0.041892298435619736,9.337950017331023,10.882400008976662,1.8235549954873647,0.0,11.513833992094861,0.0,0.11010983418854162,1.087411511234226,0.023620711589839277,32.22058102325582,0.439052570768342,0.10344827586206906,3.092682036895973,1.5582566661232164,1.0350065476847887,-0.11696359411309062,0.11735205616850551,0.14476789929189615,0.5229557575837078,1.0307853020384385,0.6119969893426525,Oil & Gas E&P,Energy,ESTE
2014Q2,2014,Q2,2014-08-11,2014-06-30,997000.0,5238000.0,1271000.0,0.58,2582000.0,0.4929362352,46268000.0,25436000.0,7559000.0,6011000.0,20832000.0,310000.0,2395000.0,57622287.84,63503287.84,14.796613462614642,1.2575278655797704,0.1729056799515864,0.31451486082717406,0.031218188999298967,14.796613462614642,0.039196414530586574,11.000818602520047,14.448918716148446,2.265383230067621,0.0,8.567741935483872,0.0,0.1132099939483012,1.109965064049243,0.021548370363966455,128.62117821428572,0.49293623520427643,-0.07936507936507943,3.078662702807633,2.6149401959872094,1.0393704736914502,0.2383693045563549,-0.0844811753902663,-0.08231046931407943,0.4937553722110286,1.0668553285049243,0.608863060462954,Oil & Gas E&P,Energy,ESTE
2014Q1,2014,Q1,2014-06-10,2014-03-31,1089000.0,4773000.0,1385000.0,0.63,2085000.0,0.436832181,45621000.0,24394000.0,8367000.0,5673000.0,21227000.0,310000.0,1398000.0,36809887.5,43138887.5,14.082425543952015,1.4748810153358012,0.19727756954034326,0.36894318274985655,0.03358048203570617,14.082425543952015,0.04464212511273264,7.71210716530484,8.450387396694214,1.5089730056571289,0.0,8.670967741935485,0.0,0.10462287104622871,1.2910276749515248,0.023870585914381535,-77.00813284518829,0.4368321810182275,0.1666666666666666,7.171778207956529,4.822216598002249,0.957718185227607,0.09334032511798637,0.16720257234726688,0.12876935615321924,1.5044905114168148,0.9024386732487935,0.5864083732734372,Oil & Gas E&P,Energy,ESTE
2013Q4,2013,Q4,2014-02-13,2013-12-31,933000.0,4474000.0,1227000.0,0.54,1907000.0,0.4262405007,44290000.0,23288000.0,6634000.0,7179000.0,21002000.0,371000.0,309000.0,32046255.0,37973255.0,13.443942201670678,0.9240841342805405,0.1806276811921427,0.3435245620061834,0.029771212363617752,13.443942201670678,0.04006355204397114,7.162774921770228,8.586885048231512,1.3760844641016834,0.0,6.919137466307277,0.0,0.1010160307067058,0.7559548683660677,0.02106570331903364,-36.75029243119266,0.4262405006705409,-0.23943661971830976,2.136063365672525,1.1938595929301594,0.7434203382291001,-0.1967144060657119,-0.23774509803921567,-0.2635054021608643,11.352391106230666,1.205968073229704,0.558873597883896,Oil & Gas E&P,Energy,ESTE
2013Q3,2013,Q3,2013-11-12,2013-09-30,1224000.0,4672000.0,1666000.0,0.71,2374000.0,0.5081335616,43612000.0,22310000.0,7171000.0,7865000.0,21302000.0,371000.0,-624000.0,29448250.0,34704250.0,12.8792033482465,0.9117609663064209,0.1834357516279923,0.35858359480053786,0.04129993747846834,12.8792033482465,0.05486329000448229,6.303135702054795,6.014756944444445,1.3199574181981175,0.0,6.1940700808625335,0.0,0.1071264789507475,0.8207247298156389,0.02806566999908282,-12.118621399176956,0.5081335616438356,0.7749999999999998,3.4623172537050815,1.2839407717022926,0.6942230674163075,0.4582309582309582,0.7662337662337663,0.8803611738148984,0.6434561507444488,1.2742596110936502,0.4884199470617095,Oil & Gas E&P,Energy,ESTE
2013Q2,2013,Q2,2013-08-12,2013-06-30,693000.0,3595000.0,886000.0,0.4,1628000.0,0.4528511822,38248000.0,21038000.0,5946000.0,7228000.0,17210000.0,371000.0,-1848000.0,24493841.775000002,27291841.775000002,12.144898253716265,0.822634200332042,0.1307257895837691,0.23766517729822226,0.027387739120497436,12.144898253716265,0.03294039357353361,6.813307865090404,8.836162256493507,1.1642666496339957,0.0,5.30188679245283,0.0,0.09399184271072997,0.7147205312672938,0.018118594436310396,-25.147681493839837,0.45285118219749654,0.05263157894736847,-0.4936782420450909,0.09210421843802809,0.5872320565859154,0.11126279863481228,0.05963302752293578,0.15064935064935064,0.7851962284119881,0.9844713794499376,0.47835848976879713,Oil & Gas E&P,Energy,ESTE
2013Q1,2013,Q1,2013-06-14,2013-03-31,654000.0,3388000.0,770000.0,0.38,1465000.0,0.4324085006,34680000.0,20298000.0,6377000.0,5602000.0,14382000.0,371000.0,-2541000.0,28374540.88,30194540.88,11.796279679574502,1.138343448768297,0.11534025374855825,0.19706375012316485,0.0274505464434704,11.796279679574502,0.032219923145137455,8.375012066115703,10.846537033639143,1.3978983584589613,0.0,5.183288409703504,0.0,0.09769319492502883,0.9930382006426276,0.018858131487889274,-14.484196467585502,0.43240850059031877,0.7272727272727273,1.769627653239786,0.7147081419810488,0.6784597981658923,0.29188712522045857,0.7675675675675676,0.8246445497630331,2.0898269174138266,0.9468759462436778,0.5048394365448137,Oil & Gas E&P,Energy,ESTE
2012Q4,2012,Q4,2013-02-08,2012-12-31,370000.0,2834000.0,422000.0,0.22,1134000.0,0.4001411433,30666000.0,19607000.0,6125000.0,4479000.0,11059000.0,323000.0,-3195000.0,26653828.88,26496828.88,11.394701728121847,1.3674927439160527,0.06521880910454575,0.1020043861886061,0.015342594112920667,11.394701728121847,0.01887081144489213,9.405020776287932,18.009343837837836,1.3594037272402715,0.0,5.2631578947368425,0.0,0.09241505250114133,1.1922304085733422,0.012065479684340965,-11.15689781498535,0.40014114326040934,-0.21428571428571436,-0.34758354767948496,0.34954466140564283,0.5392461020154901,-0.3348973607038123,-0.23868312757201646,-0.26352530541012215,0.25199408733129075,0.39897535475480655,0.47767332251645545,Oil & Gas E&P,Energy,ESTE
2012Q3,2012,Q3,2012-11-13,2012-09-30,486000.0,2809000.0,573000.0,0.28,1705000.0,0.6069775721,28089000.0,19200000.0,6215000.0,4391000.0,8889000.0,323000.0,-3565000.0,26705450.24,24129450.24,11.158171733561456,1.4153951263948987,0.0,0.0,0.02509353373702422,11.158171733561456,0.0253125,9.50710225703097,13.737371522633744,1.3909088666666667,0.0,3.417956656346749,0.0,0.10000356011249956,1.1892507401503074,0.01730214674783723,-13.286293651741293,0.6069775720897116,0.7500000000000001,-0.13620517616026442,0.5445309369044832,0.5718732942740703,0.3176197836166924,0.8,1.076086956521739,0.7836830189524739,0.3824076391962197,0.46782618691755185,Oil & Gas E&P,Energy,ESTE
2012Q2,2012,Q2,2012-08-10,2012-06-30,270000.0,2347000.0,276000.0,0.16,1294000.0,0.5513421389,26482000.0,18676000.0,7800000.0,3411000.0,7806000.0,412000.0,-4051000.0,27933178.252,23347178.252,10.853646629999675,2.2867194371152153,0.0,0.0,0.0143530495800404,10.853646629999675,0.014457057185692868,11.901652429484448,25.864053937037035,1.4956724272863566,0.0,2.5558252427184467,0.0,0.08862623668907182,1.9419525065963061,0.010195604561589003,-12.743238253649634,0.5513421389007244,-0.627906976744186,-0.3542531411810699,0.43286512825505513,0.6013416593006934,-0.18513853904282115,-0.6321525885558583,-0.5062611806797853,0.10348058777798179,0.618180683376533,0.4959238156100851,Oil & Gas E&P,Energy,ESTE
2012Q1,2012,Q1,2012-06-05,2012-03-31,734000.0,2776000.0,559000.0,0.43,1588000.0,0.5720461095,26206000.0,18348000.0,10006000.0,3434000.0,7858000.0,0.0,-4321000.0,36674576.12,29896576.119999997,10.751276816665769,2.9138031450203843,0.0,0.0,0.039720137340797476,10.751276816665769,0.04000436014824504,13.211302636887607,12.491340640326975,1.9988323588402004,0.0,0.0,0.0,0.1059299397084637,2.6956901572510192,0.028008852934442493,15.129775627062704,0.5720461095100865,-0.3676470588235295,-0.003034138777248,0.7797150781754785,0.6306892375175112,-0.3730754046585077,-0.3628472222222222,-0.662031438935913,5.222360975838169,2.4371085935984804,0.4946267653047903,Oil & Gas E&P,Energy,ESTE
2011Q4,2011,Q4,2012-02-13,2011-12-31,1152000.0,3866000.0,1654000.0,0.68,2533000.0,0.6551991723,24585000.0,17592000.0,5732000.0,2236000.0,6993000.0,0.0,-5055000.0,26349718.72,24057718.72,10.308287647633758,2.5635062611806796,0.0,0.0,0.06544474349093038,10.308287647633758,0.06548431105047749,6.81575755819969,5.718254930555555,1.4978239381537062,0.0,0.0,0.0,0.15725035590807404,2.340339892665474,0.04685784014643075,-6.293221571530929,0.6551991722710813,0.5813953488372094,3.080655358895,1.4018994181901088,0.6757179521818163,0.6675444371296906,0.5824175824175825,1.2291105121293802,2.930361823899104,0.9242060128627119,0.3367863434407775,Oil & Gas E&P,Energy,ESTE
2011Q3,2011,Q3,2011-11-08,2011-09-30,728000.0,2545000.0,742000.0,0.43,1519000.0,0.5968565815,22705000.0,16418000.0,5480000.0,2052000.0,6287000.0,0.0,-6207000.0,20563864.08,17426864.08,9.596657478004493,2.6705653021442495,0.0,0.0,0.041024251407053076,9.596657478004493,0.04434157631867462,8.080103764243614,7.061766510989011,1.2525194347667195,0.0,0.0,0.0,0.11208984805109007,2.4069200779727096,0.032063422153710636,-62.6947075609756,0.5968565815324165,0.1025641025641025,-0.08351387223005477,0.21195988387202638,0.6025492664435131,-0.04224464060529634,0.09473684210526316,-0.1819184123484013,1.6873282539667094,0.2597376313268166,0.26241336748068805,Oil & Gas E&P,Energy,ESTE
2011Q2,2011,Q2,2011-06-16,2011-06-09,665000.0,2525000.0,907000.0,0.39,1586000.0,0.6281188119,21970000.0,15752000.0,6761000.0,1882000.0,6218000.0,0.0,-6935000.0,24492239.200000003,20943239.200000003,9.196937779376253,3.5924548352816155,0.0,0.0,0.042031496427335,9.196937779376253,0.042216861350939563,9.699896712871288,9.207608721804512,1.5548653631284917,0.0,0.0,0.0,0.11492944924897587,3.022316684378321,0.03026854802002731,-48.78932111553785,0.6281188118811881,0.56,-0.09131279195323047,0.24690004140497887,0.663566136337907,0.3316540722082284,0.5610328638497653,1.1391509433962264,-0.5086023033671471,-0.22420908828994313,0.20195938746421946,Oil & Gas E&P,Energy,ESTE
2011Q1,2011,Q1,2011-03-31,2011-03-31,426000.0,2458000.0,424000.0,0.25,1191000.0,0.4845402766,20842000.0,15065000.0,6593000.0,1663000.0,5777000.0,0.0,-7600000.0,34043765.82,29992765.82,8.876923357945952,3.9645219482862295,0.0,0.0,0.02775380757458421,8.876923357945952,0.028277464321274478,13.85018951179821,19.978735809859153,2.2597919561898436,0.0,0.0,0.0,0.11793493906534881,3.6404088995790738,0.02043949716917762,1791.7771484210527,0.48454027664768107,5.25,-0.488332314870242,0.38515375825379045,0.7375830816074327,0.07297297297297298,4.756756756756757,0.057356608478802994,0.8291729029948475,0.2613343079809236,0.2630727138074682,Oil & Gas E&P,Energy,ESTE
2010Q4,2010,Q4,2011-02-14,2010-12-31,74000.0,1987000.0,401000.0,0.04,1110000.0,0.5586311022,20313000.0,14636000.0,6044000.0,1673000.0,5677000.0,0.0,-8026000.0,26305003.5,22258003.5,8.624138749876996,3.6126718469814705,0.0,0.0,0.005464869328591246,8.624138749876996,0.005056026236676688,13.238552340211374,88.86825506756757,1.7972809169171904,0.0,0.0,0.0,0.09781913060601585,3.251643753735804,0.0036429872495446266,-36.53472708333334,0.5586311021640664,-0.9,-0.908902269118656,0.16218598206342683,0.8676694370012799,-0.09975669099756691,-0.8977900552486188,-0.27486437613019893,-0.8677010426032998,-0.04062851844129874,0.16498634810486879,Oil & Gas E&P,Energy,ESTE
2010Q3,2010,Q3,2010-11-15,2010-09-30,724000.0,1997000.0,553000.0,0.4,1233000.0,0.6174261392,19726000.0,14571000.0,6806000.0,1454000.0,5155000.0,0.0,-8100000.0,19365275.5,14566275.5,8.652936540975107,4.680880330123796,0.0,0.0,0.049242505305254786,8.652936540975107,0.049687735913801385,9.697183525287931,6.6869045234806626,1.3290285841740446,0.0,0.0,0.0,0.10123694616242522,4.27028885832187,0.03670282875392882,-129.96829194630874,0.6174261392088132,1.0,0.11758883279802264,0.20975893541103777,1.0886816318177057,0.0873015873015873,0.9153439153439153,0.24549549549549549,0.3149076199363711,0.12203210898065513,0.2189559535902359,Oil & Gas E&P,Energy,ESTE
2010Q2,2010,Q2,2010-08-13,2010-06-30,378000.0,1764000.0,444000.0,0.2,1134000.0,0.6428571429,19880000.0,13857000.0,6806000.0,2118000.0,6023000.0,0.0,-8824000.0,21590617.6,16618617.600000001,8.215123961993566,3.2134088762983946,0.0,0.0,0.02709555367311266,8.215123961993566,0.02727863173847153,12.239579138321997,14.279508994708996,1.5581018690914339,0.0,0.0,0.0,0.08873239436619719,2.9334277620396603,0.019014084507042252,182.97133559322035,0.6428571428571429,0.6666666666666669,-0.31739212424901864,0.1358998506086517,1.1778640004764425,0.19746568109820486,0.7830188679245284,3.188679245283019,-0.07776111549203044,0.09861088100825463,0.21205532897103885,Oil & Gas E&P,Energy,ESTE
2010Q1,2010,Q1,2010-06-18,2010-03-31,212000.0,1743000.0,106000.0,0.12,947000.0,0.5433161216,19398000.0,13510000.0,7059000.0,1997000.0,5888000.0,0.0,-9202000.0,16028150.100000001,11123150.100000001,7.838895893544196,3.5348022033049573,0.0,0.0,0.007425716400549857,7.838895893544196,0.015692079940784604,9.195725817555939,18.901120400943398,1.1863915692079943,0.0,0.0,0.0,0.08985462418806063,3.1682523785678516,0.01092896174863388,-116.99379635036497,0.5433161216293746,-0.4000000000000001,-0.6617676090799611,0.11049622515399676,1.2659110283297013,-0.2589984350547731,-0.28378378378378377,-0.6816816816816816,-0.7148664485551923,0.10651330527103382,0.18895675235594867,Oil & Gas E&P,Energy,ESTE
2009Q4,2009,Q4,2010-02-12,2009-12-31,296000.0,2029000.0,333000.0,0.2,1278000.0,0.6298669295,19287000.0,13290000.0,7079000.0,2069000.0,5997000.0,0.0,-9414000.0,13442964.6,8390964.6,7.711245479289591,3.4214596423392942,0.0,0.0,0.02162304457416633,7.711245479289591,0.022272385252069225,6.6254137999014295,11.353855236486485,1.0115097516930023,0.0,0.0,0.0,0.10520039404780422,3.136297728371194,0.01534712500648105,-60.553894594594595,0.629866929521932,0.0,-0.42002821551573716,0.5297766208877444,1.4937809916998532,0.07124895222129086,0.09225092250922509,0.027777777777777776,0.03823910920414888,0.24825481374352154,0.2535420939958564,Oil & Gas E&P,Energy,ESTE
2009Q3,2009,Q3,2009-11-16,2009-09-30,271000.0,2021000.0,324000.0,0.2,1193000.0,0.5903018308,18376000.0,13010000.0,7163000.0,1578000.0,5366000.0,0.0,-9710000.0,14547146.5,9240146.5,7.601834490358642,4.5392902408111535,0.0,0.0,0.018240438747740825,7.601834490358642,0.020830130668716373,7.197994309747649,13.41987684501845,1.118151152959262,0.0,0.0,0.0,0.10998040922942968,4.2921419518377695,0.014747496734871572,11.58212300955414,0.5903018307768432,1.0,-0.34363183047616935,0.788094250090363,1.71876757400133,0.3665521191294387,0.08835341365461848,0.2755905511811024,-0.6589601116212211,-0.03792674463845966,0.2694330618833758,Oil & Gas E&P,Energy,ESTE
2009Q2,2009,Q2,2009-08-13,2009-06-30,249000.0,1476000.0,254000.0,0.1,873000.0,0.5914634146,18283000.0,12705000.0,6873000.0,1798000.0,5578000.0,0.0,-9981000.0,14358937.999999998,10304937.999999998,7.255480871914065,3.8225806451612905,0.0,0.0,0.02082861983965065,7.255480871914065,0.01959858323494687,9.728277777777777,14.416604417670682,1.1301800865800864,0.0,0.0,0.0,0.08073073346824919,3.540044493882091,0.013619209101350982,112.17920312499999,0.5914634146341463,2.0,-0.3293152108969685,0.43122517886661366,1.8355998462115308,2.9486607142857144,2.398876404494382,1.4729981378026071,-0.6672055284824269,-0.2870803236104186,0.31239033805687755,Oil & Gas E&P,Energy,ESTE
2009Q1,2009,Q1,2009-06-18,2009-03-31,-178000.0,827000.0,-537000.0,-0.1,-448000.0,-0.5417170496,17762000.0,12570000.0,6437000.0,1392000.0,5192000.0,0.0,-10230000.0,13979704.0,9891704.0,7.193285351392276,4.624281609195402,0.0,0.0,-0.014055999894123405,7.193285351392276,-0.014160700079554495,16.90411608222491,-19.63441573033708,1.1121482895783612,0.0,0.0,0.0,0.046560072063956764,4.25933908045977,-0.010021393987163608,-6.288665766981556,-0.5417170495767836,0.888888888888889,-1.8461442381004454,-0.055172232420719926,2.0630721183792633,-1.309820193637621,0.8866242038216561,-2.5212464589235126,-1.2076333301728253,-0.5473940150213382,0.4080251032657272,Oil & Gas E&P,Energy,ESTE
2008Q4,2008,Q4,2008-11-14,2008-11-13,-1570000.0,2205000.0,353000.0,-0.9,1446000.0,0.6557823129,19417000.0,12749000.0,8043000.0,2282000.0,6668000.0,0.0,-10052000.0,15901913.299999999,9588913.299999999,7.295719566022285,3.5245398773006134,0.0,0.0,0.018482508698828184,7.295719566022285,-0.12314691348341046,7.211752063492063,-2.5321517993630573,1.2473067142520982,0.0,0.0,0.0,0.11356028222691456,3.406660823838738,-0.0808569809960344,27.70368170731707,0.6557823129251701,-2.8,-17.501925362654315,1.937837165352785,2.274551897142006,-0.32048872180451127,-2.6596194503171247,-0.7202852614896988,-2.87704277173105,0.25252105833493327,0.5799829814410634,Oil & Gas E&P,Energy,ESTE
2008Q3,2008,Q3,2008-08-14,2008-08-12,946000.0,2735000.0,1262000.0,0.5,2128000.0,0.7780621572,22434000.0,14310000.0,8351000.0,2890000.0,8124000.0,0.0,-8482000.0,23403877.2,17649877.2,8.193257824818872,2.8896193771626297,0.0,0.0,0.06502557499483926,8.193257824818872,0.06610761705101328,8.557176307129799,6.1849569767441865,1.63549106918239,0.0,0.0,0.0,0.12191316751359543,2.790657439446367,0.042168137648212534,20.020425320786998,0.7780621572212065,-0.37500000000000006,6.105964662250798,2.610277852365605,2.8454992790463334,-0.2270250635670178,-0.3144927536231884,-0.35971588026382545,0.4079182903838001,0.5974266719647062,0.9777224809645232,Oil & Gas E&P,Energy,ESTE
2008Q2,2008,Q2,2008-07-11,2008-06-18,1380000.0,3319000.0,1971000.0,0.8,2753000.0,0.8294667068,21282000.0,13364000.0,7262000.0,2762000.0,7918000.0,0.0,-9428000.0,44711884.800000004,40118884.800000004,7.651621074135528,2.6292541636495295,0.0,0.0,0.10300120451706014,7.651621074135528,0.1032624962586052,13.471492859294969,8.099979130434784,3.345696258605208,0.0,0.0,0.0,0.15595338783948878,2.51448225923244,0.06484352974344516,-45.34673914807303,0.8294667068394095,4.714285714285714,0.8267347764931011,3.291396310558853,2.7858416382393254,0.9538679914833215,4.897435897435898,1.305263157894737,1.406748250750649,1.0640527757308011,1.028477008958335,Oil & Gas E&P,Energy,ESTE
2008Q1,2008,Q1,2008-03-31,2008-03-31,234000.0,1958000.0,855000.0,0.14,1409000.0,0.7196118488,20690000.0,11984000.0,7197000.0,4029000.0,8706000.0,0.0,-10808000.0,18756870.0,13185870.0,7.028038260114827,1.7862993298585257,0.0,0.0,0.019079725348083162,7.028038260114827,0.019526034712950602,9.579606741573034,20.039391025641027,1.5651593791722298,0.0,0.0,0.0,0.09463508941517641,1.7168031769669894,0.011309811503141615,30.10733547351525,0.719611848825332,-0.5757575757575757,0.05021903974383767,1.6217537779240558,3.4240992345035393,-0.07241606319947334,-0.5836298932384342,-0.05420353982300885,-0.6226642434828794,0.26085503195249565,1.031524543428673,Oil & Gas E&P,Energy,ESTE
2007Q4,2007,Q4,2008-02-14,2007-12-31,562000.0,2081000.0,904000.0,0.33,1519000.0,0.72993753,19190000.0,12623000.0,6631000.0,3159000.0,6567000.0,0.0,-10115000.0,18756870.0,13874870.0,7.402780954391644,2.0990819879708766,0.0,0.0,0.04277130885434823,7.402780954391644,0.04452190446011249,9.013392599711677,8.343803380782918,1.485928067812723,0.0,0.0,0.0,0.10844189682126107,2.0379867046533713,0.029286086503387182,15.017510008006406,0.7299375300336377,0.03125000000000003,59.53570259856789,2.152171858231144,4.077656535724148,0.14641509433962263,0.012612612612612612,0.11467324290998766,0.11297200187182035,0.5858087932213822,1.3940249962682185,Oil & Gas E&P,Energy,ESTE
2007Q3,2007,Q3,2007-11-13,2007-09-30,555000.0,1794000.0,811000.0,0.32,1325000.0,0.7385730212,16774000.0,12049000.0,5332000.0,1934000.0,4725000.0,0.0,-10677000.0,19349972.400000002,15708972.400000002,7.098645784114917,2.7569803516028957,0.0,0.0,0.04420853506957046,7.098645784114917,0.046061913851771934,10.785937792642141,8.716203783783785,1.6059401112125486,0.0,0.0,0.0,0.10695123405270061,2.6184074457083764,0.03308692023369501,32.19629351081531,0.7385730211817169,0.3333333333333334,3.8259734284094966,1.7087734870408924,3.887297882607079,0.18303571428571427,0.3470873786407767,-0.20490196078431372,0.3553597750868109,0.6004050756547709,1.5388040217990013,Oil & Gas E&P,Energy,ESTE
2007Q2,2007,Q2,2007-08-14,2007-06-30,412000.0,1614000.0,1020000.0,0.24,1120000.0,0.6939281289,15669000.0,11492000.0,4401000.0,1603000.0,4177000.0,0.0,-11232000.0,23737336.0,20682336.0,6.77784566894954,2.745477230193387,0.0,0.0,0.05832224455706237,6.77784566894954,0.035851026801253044,14.707147459727386,14.403723300970873,2.065553080403759,0.0,0.0,0.0,0.10300593528623396,2.591391141609482,0.02629395621928649,44.53533958724203,0.6939281288723668,-0.4418604651162791,3.1410169169002087,1.7271513455774885,3.8947593828596325,0.12224448897795591,-0.4317241379310345,1.0773930753564154,0.14609561809837363,0.6163286357764054,1.6489296127726658,Oil & Gas E&P,Energy,ESTE
2007Q1,2007,Q1,2007-06-29,2007-03-31,725000.0,1536000.0,491000.0,0.43,998000.0,0.6497395833,15452000.0,11080000.0,4046000.0,1989000.0,4372000.0,0.0,-11644000.0,27392930.719452,24869930.719452,6.593087492889224,2.034188034188034,0.0,0.0,0.05436160335233069,6.593087492889224,0.06543321299638989,17.833939270476563,9.44583817912138,2.4722861660155235,0.0,0.0,0.0,0.09940460781775821,1.902463549522373,0.04691949262231426,48.05777319202105,0.6497395833333334,1.6875,2.5656815514939173,2.1874796235091853,3.9720301523474206,-0.07848568790397045,1.6079136690647482,-0.25606060606060604,2.583599549240118,0.8247165960668523,1.8074935842209034,Oil & Gas E&P,Energy,ESTE
