Quarters,Year,Quarter,FillingDate,Date,NetIncome,Revenue,OperatingIncome,EPSDiluted,GrossProfit,GrossProfitRatio,TotalAssets,CommonStockEquity,CurrentAssets,CurrentLiability,TotalLiability,Inventory,RetainedEarnings,MarketCap,EnterpriseValue,bookValuePerShare,currentRatio,debtToAssets,debtToEquity,roic,shareholdersEquityPerShare,roe,priceToSalesRatio,peRatio,pbRatio,payoutRatio,inventoryTurnover,dividendYield,assetTurnover,quickRatio,returnOnAssets,priceToFreeCashFlowsRatio,grossProfitMargin,epsdilutedGrowth,fiveYNetIncomeGrowthPerShare,fiveYRevenueGrowthPerShare,fiveYShareholdersEquityGrowthPerShare,grossProfitGrowth,netIncomeGrowth,operatingIncomeGrowth,threeYNetIncomeGrowthPerShare,threeYRevenueGrowthPerShare,threeYShareholdersEquityGrowthPerShare,Industry,Sector,Symbol
2023Q1,2023,Q1,2023-05-04,2023-03-31,8106000.0,25807000.0,26208000.0,0.46,25807000.0,1.0,3763056000.0,297618000.0,363515000.0,15436000.0,3465438000.0,0.0,123121000.0,222540370.0,546131370.0,17.55962003658033,23.54981860585644,0.15966730232024184,2.0188194262443804,0.02051529845934034,17.55962003658033,0.02723625587162067,8.623256093308017,6.863445904268444,0.7477382752387288,0.35282506785097456,0.0,0.012851600812922168,0.006857989889068885,23.54981860585644,0.00215410028444966,13.621028889704982,1.0,-0.33333333333333326,0.5537199834798514,0.1556787368294022,0.4896167809774212,-0.17399097397817112,-0.32852882703777336,0.07493540051679587,2.320300215109711,0.36935473855984285,0.2771402267315592,Banks—Regional,Financial Services,BCBP
2022Q4,2022,Q4,2023-03-09,2022-12-31,12072000.0,31243000.0,24381000.0,0.69,31243000.0,1.0,3546193000.0,291254000.0,335264000.0,30321000.0,3254939000.0,0.0,115109000.0,304318840.0,507852840.0,17.21766375029558,11.057155107021536,0.12618799935592903,1.5364149505242846,0.024900090992340352,17.21766375029558,0.04144835779079429,9.740384726178664,6.302162856196156,1.0448572036778894,0.2271371769383698,0.0,0.009010286711134942,0.008810293179192446,11.057155107021536,0.0034042140402397725,38.860789171242494,1.0,-0.09210526315789481,7.020099490855046,0.530698798515921,0.4683226456438952,-0.03562058215266846,-0.0985663082437276,0.08877774304470147,1.4375869082829995,0.5322231826904816,0.25836128063570096,Banks—Regional,Financial Services,BCBP
2022Q3,2022,Q3,2022-11-03,2022-09-30,13392000.0,32397000.0,22393000.0,0.76,32397000.0,1.0,3265612000.0,282682000.0,325603000.0,27965000.0,2982930000.0,0.0,105894000.0,285807060.0,325723060.0,16.64597809445295,11.643232612193813,0.083836352879644,0.9684981710897758,0.02784254751100657,16.64597809445295,0.04737478863174875,8.82202240948236,5.335406586021505,1.011055037108836,0.2068399044205496,0.0,0.00969185295842587,0.009920651932930184,11.643232612193813,0.00410091584670806,22.1951588102819,1.0,0.310344827586207,1.9764306751755691,0.3461734756577234,0.1382426226732729,0.18116523260901268,0.317721145331103,0.3101450971214603,1.482159739562343,0.4187973140380187,0.225313751891664,Banks—Regional,Financial Services,BCBP
2022Q2,2022,Q2,2022-08-04,2022-06-30,10163000.0,27428000.0,17092000.0,0.58,27428000.0,1.0,3072771000.0,271637000.0,107246000.0,12496000.0,2801134000.0,0.0,95393000.0,289458910.0,219424910.0,15.981467317761958,8.582426376440461,0.04861052125264134,0.5498845886237884,0.027880881187974296,15.981467317761958,0.037413901640792675,10.553409289776871,7.120410065925417,1.0656092873945744,0.2741316540391617,0.0,0.00962485487145654,0.008926145163437172,24.32546414852753,0.0033074381397116804,36.41450622719839,1.0,0.017543859649122823,1.6874685945023276,0.06682483811763926,0.3594616199164136,0.12079110820529584,0.02120176848874598,0.021027479091995222,0.8775223717159867,0.19342140421508439,0.18607399893479623,Banks—Regional,Financial Services,BCBP
2022Q1,2022,Q1,2022-05-04,2022-03-31,9952000.0,24472000.0,16740000.0,0.57,24472000.0,1.0,3040310000.0,276159000.0,493288000.0,0.0,2764151000.0,0.0,88132000.0,309885000.0,33858000.0,16.263780918727914,0.0,0.03991731106367443,0.4394606005960334,0.028863601114207056,16.263780918727914,0.03603721044760446,12.662839163125204,7.784490554662379,1.1221252973830294,0.2890876205787781,0.0,0.00928408925891863,0.00804917919554256,0.0,0.0032733504149247937,26.454242786409424,1.0,-0.08064516129032265,1.2627171887364104,-0.04196618874301337,0.440052280605728,-0.29308452250274425,-0.07431866803088084,-0.6531145095113764,0.72873539374995,0.027037278457612727,0.20658676072733884,Banks—Regional,Financial Services,BCBP
2021Q4,2021,Q4,2022-03-09,2021-12-31,10751000.0,34618000.0,48258000.0,0.62,34618000.0,1.0,2967528000.0,274024000.0,103975000.0,97938000.0,2693504000.0,0.0,81171000.0,262587740.0,338167740.0,16.102009636855094,1.0616410382078458,0.03300322692827161,0.35740665051236387,0.09274099915205247,16.102009636855094,0.03923378974104458,7.585294933271708,6.106123616407777,0.9582654803958778,0.0,0.0,0.0,0.0116656018072955,1.0616410382078458,0.0036228807276628898,0.0,1.0,0.31914893617021284,1.8728589604489563,0.4446860051188209,0.38146032129807045,0.33505591978403393,0.29187695265561164,0.0,0.9131263501378684,0.441156717338934,0.2723012384439108,Banks—Regional,Financial Services,BCBP
2021Q3,2021,Q3,2021-11-05,2021-09-30,8322000.0,25930000.0,0.0,0.47,25930000.0,1.0,2983787000.0,263081000.0,2845962000.0,0.0,2720706000.0,0.0,73388000.0,251185680.0,-23164320.0,15.458984604536374,0.0,0.0567476833969717,0.643615464438709,0.0,15.458984604536374,0.031632843116758715,9.68706826070189,7.545832732516222,0.9547845720519536,0.3524393174717616,0.0,0.0116766210557863,0.008690298603754223,0.0,0.00278907308061869,21.45969073045707,1.0,0.04444444444444436,1.8732627190608802,0.13276356005928516,0.3140820479566442,-0.02198921283898465,0.0337888198757764,0.0,0.6806714629745154,0.09690845733563341,0.24682349535420287,Banks—Regional,Financial Services,BCBP
2021Q2,2021,Q2,2021-08-04,2021-06-30,8050000.0,26513000.0,0.0,0.45,26513000.0,1.0,2895190000.0,258524000.0,2757549000.0,0.0,2636666000.0,0.0,68123000.0,230344700.0,81203700.0,15.095410486978862,0.0,0.06212062075373292,0.6956839597097368,0.0,15.095410486978862,0.031138308242174808,8.687990796967526,7.153562111801242,0.8909992882672402,0.32248447204968944,0.0,0.011270066122641415,0.009157602782546223,0.0,0.0027804738203710292,33.30124331357525,1.0,0.12499999999999997,2.3384828731174525,0.16912851350704255,0.28116914091791473,0.03923643775478206,0.13109456231558242,0.0,2.1722485750561478,0.12123876992629415,0.21416021404882635,Banks—Regional,Financial Services,BCBP
2021Q1,2021,Q1,2021-05-05,2021-03-31,7117000.0,25512000.0,0.0,0.4,25512000.0,1.0,2852460000.0,253454000.0,2706004000.0,0.0,2599006000.0,0.0,62777000.0,236187000.0,123502000.0,14.80888109845165,0.0,0.06485209257973819,0.7298681417535332,0.0,14.80888109845165,0.028080046083312948,9.257878645343368,8.296578614584798,0.9318732393254793,0.3602641562456091,0.0,0.010855804934225846,0.008943858984876213,0.0,0.002495039369526654,16.621182266009853,1.0,-0.02439024390243891,1.2920937063268352,0.08912909742009772,0.25546038712829733,-0.0371013398754482,-0.024801315428884627,0.0,0.35092206182196334,0.13138725845619387,0.2562662372988874,Banks—Regional,Financial Services,BCBP
2020Q4,2020,Q4,2021-03-10,2020-12-31,7298000.0,26495000.0,0.0,0.41,26495000.0,1.0,2821016000.0,249211000.0,2667795000.0,0.0,2571805000.0,0.0,58335000.0,189230580.0,170693580.0,14.57885807885808,0.0,0.0862905421309202,0.9767907516120877,0.0,14.57885807885808,0.029284421634679047,7.1421241743725234,6.482275280898876,0.759318729911601,0.35571389421759386,0.0,0.013718712905704776,0.009392006284260707,0.0,0.002587011204473849,1.4259169002622298,1.0,-0.1276595744680851,3.690413565046278,0.10106970635786328,0.2245480970358165,0.12903225806451613,-0.12199230028873917,0.0,3.7979792445811866,0.2845615346028408,0.2432852549143482,Banks—Regional,Financial Services,BCBP
2020Q3,2020,Q3,2020-11-04,2020-09-30,8312000.0,23467000.0,0.0,0.47,23467000.0,1.0,2842319000.0,242687000.0,2670906000.0,0.0,2599632000.0,0.0,53742000.0,136552000.0,287854000.0,14.21799753939891,0.0,0.1099763960343649,1.2880294370938699,0.0,14.21799753939891,0.03424987741411777,5.818894617974176,4.107074109720886,0.5626671391545489,0.3078681424446583,0.0,0.018740113656336047,0.00825628650408346,0.0,0.0029243726689368787,48.0478536242083,1.0,2.3571428571428568,0.8001901751662286,-0.25207460561363826,0.1085205057473518,0.22870307345934343,2.049156272927366,0.0,0.8379624050733903,-0.02985965744559836,-0.027781322516548197,Banks—Regional,Financial Services,BCBP
2020Q2,2020,Q2,2020-08-05,2020-06-30,2726000.0,19099000.0,0.0,0.14,19099000.0,1.0,2986876000.0,241019000.0,2809168000.0,0.0,2745857000.0,0.0,48097000.0,159421120.0,39684120.0,14.029862040863845,0.0,0.09817849820347413,1.2166966089810347,0.0,14.029862040863845,0.011310311635182289,8.347092517932875,14.620425531914892,0.6614462760197328,0.987527512839325,0.0,0.01688609388768565,0.006394306291925075,0.0,0.0009126592466510159,-50.57776649746193,1.0,0.16666666666666682,-0.28960017854966097,-0.39532598948809616,0.11485334370802694,-0.018601305174451466,0.08131693772312575,0.0,-0.28678294719718944,-0.26500564908633106,0.19344854874987488,Banks—Regional,Financial Services,BCBP
2020Q1,2020,Q1,2020-05-06,2020-03-31,2521000.0,19461000.0,0.0,0.12,19461000.0,1.0,2942003000.0,240638000.0,2806083000.0,0.0,2701365000.0,0.0,48168000.0,186396300.0,-95610700.0,13.749171523254486,0.0,0.10670077494822405,1.3045071850663652,0.0,13.749171523254486,0.010476317123646307,9.57794049637737,18.484361364537882,0.7745921259318977,1.0622768742562476,0.0,0.0143672379762903,0.00661488108611718,0.0,0.0008568991941884491,33.53054506206152,1.0,-0.5862068965517241,-0.34456028117758536,-0.3229767652118389,0.12183623890565978,-0.07754657060245533,-0.5080015612802498,0.0,-0.4439129765680647,-0.2608602959857633,0.217399933474423,Banks—Regional,Financial Services,BCBP
2019Q4,2019,Q4,2020-03-11,2019-12-31,5124000.0,21097000.0,0.0,0.29,21097000.0,1.0,2907468000.0,239473000.0,2774637000.0,0.0,2667995000.0,0.0,48429000.0,241352579.99999997,-13745420.0,13.682607701976917,0.0,0.10180335604725486,1.2360057292471385,0.0,13.682607701976917,0.02139698421116368,11.440137460302411,11.775594262295082,1.00784881802959,0.4960967993754879,0.0,0.010532309205064226,0.007256141770089989,0.0,0.0017623581755671946,27.005995300436386,1.0,-0.03333333333333337,0.502284022065163,-0.2713440694367227,0.12402598185469324,-0.047238404913516684,-0.020642201834862386,0.0,0.3313596925645098,-0.14392259451100844,0.1738894745724582,Banks—Regional,Financial Services,BCBP
2019Q3,2019,Q3,2019-11-06,2019-09-30,5232000.0,22143000.0,0.0,0.3,22143000.0,1.0,2825499000.0,223719000.0,2681588000.0,0.0,2601780000.0,0.0,45947000.0,211449120.0,160709120.0,13.585074083070197,0.0,0.11559232546180338,1.4598938847393381,0.0,13.585074083070197,0.02338648036152495,9.54925348868717,10.103646788990826,0.9451549488420742,0.4841360856269113,0.0,0.011979241152670676,0.007836845810244492,0.0,0.0018517083177166228,80.79828811616355,1.0,0.0,1.4470452499678523,-0.08421548051736388,0.10835941717336903,-0.002252962645879331,0.0009565716472163765,0.0,0.8667365149319702,-0.0003663340449774394,0.1547913675704838,Banks—Regional,Financial Services,BCBP
2019Q2,2019,Q2,2019-08-07,2019-06-30,5227000.0,22193000.0,0.0,0.3,22193000.0,1.0,2738130000.0,221153000.0,2576252000.0,0.0,2516977000.0,0.0,43347000.0,217143990.0,285983990.0,13.474258209955524,0.0,0.10854743931077049,1.3439428811727627,0.0,13.474258209955524,0.023635220865192874,9.7843459649439,10.385689209871819,0.9818722332502837,0.48440788215037306,0.0,0.011660465481913636,0.008105166664840603,0.0,0.0019089670687659095,58.735187990262375,1.0,-0.06250000000000006,0.011465941284139376,-0.20917298547582766,0.0942635635385591,-0.016354933073309104,-0.041093377361951934,0.0,1.2619017807770514,0.021144879747270504,0.14357962178276548,Banks—Regional,Financial Services,BCBP
2019Q1,2019,Q1,2019-05-08,2019-03-31,5451000.0,22562000.0,0.0,0.32,22562000.0,1.0,2718400000.0,216718000.0,2551208000.0,0.0,2501682000.0,0.0,40750000.0,212872720.0,301024720.0,13.479164075133722,0.0,0.10389751324308416,1.3032373868345037,0.0,13.479164075133722,0.02515250233021715,9.435011080577963,9.763012291322692,0.9822567576297309,0.4500091726288754,0.0,0.01152331778350932,0.008299735138316658,0.0,0.0020052236609770452,32.73454098108565,1.0,0.03225806451612906,0.26512279483157203,-0.12426006576216908,0.10077090219451891,0.01038961038961039,0.04345329249617152,0.0,0.8687726265658846,0.025315041815754852,0.14273025999935726,Banks—Regional,Financial Services,BCBP
2018Q4,2018,Q4,2019-03-18,2018-12-31,5224000.0,22330000.0,0.0,0.31,22330000.0,1.0,2674731000.0,200215000.0,2521827000.0,0.0,2474516000.0,0.0,38405000.0,165635400.0,252013400.0,12.655815423514538,0.0,0.10557211173759155,1.4103688534825063,0.0,12.655815423514538,0.02609195115251105,7.417617554858934,7.92665581929556,0.8272876657593089,0.457312404287902,0.0,0.014423245272447798,0.008348503083113778,0.0,0.001953093600814437,6.429696052171888,1.0,0.14814814814814806,0.1916886259909048,-0.10486298360163725,0.05486208906767192,0.018146999817618092,0.13713539399216368,0.0,2.627836173603381,0.0027134346259254294,0.0630225364341533,Banks—Regional,Financial Services,BCBP
2018Q3,2018,Q3,2018-11-08,2018-09-30,4594000.0,21932000.0,0.0,0.27,21932000.0,1.0,2637868000.0,195763000.0,2484390000.0,0.0,2442105000.0,0.0,35693000.0,217256640.0,321885640.0,12.398695294192159,0.0,0.11839826708538866,1.5953934093776658,0.0,12.398695294192159,0.023467151606789843,9.90592011672442,11.82284719198955,1.1097941899133135,0.5195907705703091,0.0,0.010987005966768151,0.008314290176763963,0.0,0.0017415579551364965,45.271231506563865,1.0,1.076923076923077,0.13627341282112104,-0.05937370247176662,0.10413897284146573,0.01758455899410755,0.9861651534803286,0.0,0.07561610722116585,-0.24432962498128835,-0.03332322712539573,Banks—Regional,Financial Services,BCBP
2018Q2,2018,Q2,2018-08-07,2018-06-30,2313000.0,21553000.0,0.0,0.13,21553000.0,1.0,2516564000.0,194076000.0,2354803000.0,0.0,2322488000.0,0.0,33570000.0,234150000.0,376854000.0,12.432799487508008,0.0,0.12879823441803984,1.6701137698633526,0.0,12.432799487508008,0.01191801150064923,10.863916856122117,25.30804150453956,1.206486118840042,1.03242542153048,0.0,0.01019859064702114,0.008564455344668365,0.0,0.000919110342514635,-211.51761517615176,1.0,-0.5517241379310345,-0.5118317297884465,-0.06713673401829233,0.12079351449518619,0.08710783819227277,-0.5006476683937824,0.0,-0.3366425644216534,-0.24904592307084086,-0.012053857698067988,Banks—Regional,Financial Services,BCBP
2018Q1,2018,Q1,2018-05-09,2018-03-31,4632000.0,19826000.0,0.0,0.29,19826000.0,1.0,2082313000.0,177386000.0,0.0,0.0,1904927000.0,0.0,33728000.0,235501200.0,301311200.0,11.788011695906432,0.0,0.09802752996307472,1.150733428793704,0.0,11.788011695906432,0.026112545522194535,11.878402098254817,12.710556994818655,1.3276199925586012,0.473013816925734,0.0,0.009303561935140883,0.009521143075032427,0.0,0.0022244494463608496,26.14356127886323,1.0,2.2954545454545454,0.0846327436849385,-0.08299674410735203,0.07935602649915277,0.0919204714435204,2.459297983569828,0.0,0.4006749366274939,-0.19780043957913973,-0.03818068726941209,Banks—Regional,Financial Services,BCBP
2017Q4,2017,Q4,2018-03-06,2017-12-31,1339000.0,18157000.0,0.0,0.088,18157000.0,1.0,1942837000.0,176454000.0,0.0,0.0,1766383000.0,0.0,31241000.0,218196000.0,282105000.0,11.726076555023923,0.0,0.09734424452488809,1.0718034161877883,0.0,11.726076555023923,0.007588379974384259,12.017183455416644,40.73861090365945,1.2365602366622463,1.6355489171023152,0.0,0.010036847604905681,0.009345611597884948,0.0,0.0006891983218355425,38.845647142602814,1.0,-0.648,-0.28511399912584995,-0.14068314726209463,0.08731988191069276,0.0552100889173011,-0.5837737022070252,-1.0,-0.5434036860908866,-0.27061841944579873,-0.036703017425566774,Banks—Regional,Financial Services,BCBP
2017Q3,2017,Q3,2017-11-08,2017-09-30,3217000.0,17207000.0,5397000.0,0.25,17207000.0,1.0,1871740000.0,177568000.0,0.0,0.0,1694172000.0,0.0,31613000.0,169380900.0,212906900.0,14.624279360896063,0.0,0.07593148621069165,0.8003919625157686,0.010062810455062998,14.624279360896063,0.018117003063615064,9.843720578834196,13.162954616101958,0.953893156424581,0.5200497357786757,0.0,0.009877146714889342,0.009193050316817507,0.0,0.0017187216173186446,316.0091417910448,1.0,-0.03846153846153849,2.710835962792213,0.7250066573807697,0.5208452025933653,0.007140766754462979,0.2801432550736172,0.0,1.0406849220498613,-0.034810416358312224,0.19314459751257398,Banks—Regional,Financial Services,BCBP
2017Q2,2017,Q2,2017-08-07,2017-06-30,2513000.0,17085000.0,0.0,0.26,17085000.0,1.0,1815843000.0,132781000.0,0.0,11000000.0,1683062000.0,0.0,30144000.0,172813500.0,274910500.0,11.755732625055334,0.0,0.09809438371048598,1.3414871103546442,0.0,11.755732625055334,0.018925900542999374,10.114925373134328,17.191951850378036,1.301492683441155,0.6653402307998408,0.0,0.009675170053265514,0.009408853078157087,17.04509090909091,0.0013839302186367433,35.28246222948142,1.0,0.040000000000000036,1.6049921801326652,2.4788269980873157,0.2096994367269151,0.009871143161130157,-0.13731548232063165,0.0,-0.29336851158946803,-0.1153281659340326,-0.045300329424070716,Banks—Regional,Financial Services,BCBP
2017Q1,2017,Q1,2017-05-03,2017-03-31,2913000.0,16918000.0,0.0,0.25,16918000.0,1.0,1805332000.0,127011000.0,0.0,0.0,1678321000.0,0.0,29377000.0,187245899.99999997,230967899.99999997,11.29388226925129,0.0,0.08814112861235496,1.2528363685035155,0.0,11.29388226925129,0.022935021376101282,11.06785080978839,16.069850669412975,1.4742494744549683,0.557157569515963,0.0,0.00866774653009759,0.009371129520775127,0.0,0.001613553628917008,23.188346749226003,1.0,0.13636363636363635,0.5391460764555077,0.225936060143836,0.07903843638462951,0.06839280075781497,0.1779215527699151,0.0,-0.03343530346957061,-0.061183907991523456,-0.0776893206799926,Banks—Regional,Financial Services,BCBP
2016Q4,2016,Q4,2017-03-13,2016-12-31,2473000.0,15835000.0,0.0,0.22,15835000.0,1.0,1708208000.0,131081000.0,0.0,20000000.0,1577127000.0,0.0,28159000.0,146198000.0,259304000.0,11.655788724879958,0.0,0.10486076637037176,1.3665138349570114,0.0,11.655788724879958,0.018866197236823035,9.232586043574361,14.779417711281845,1.1153256383457557,0.7040032349373231,0.0,0.011908507640323397,0.009269948390359956,8.3178,0.001447715969015483,-60.33759801898473,1.0,0.46666666666666673,1.0959396562099746,0.15574271764577596,0.09931255405372709,0.046803728432603955,0.29205851619644724,0.0,-0.20641739015739663,-0.1070497536832366,-0.028490126269249873,Banks—Regional,Financial Services,BCBP
2016Q3,2016,Q3,2016-11-04,2016-09-30,1914000.0,15127000.0,0.0,0.15,15127000.0,1.0,1678936000.0,132299000.0,0.0,0.0,1546637000.0,0.0,27497000.0,126517500.0,146954500.0,11.764093900053352,0.0,0.09477669190487309,1.2027604139109138,0.0,11.764093900053352,0.014467229533103048,8.363687446288095,16.525274294670847,0.9562997452739628,0.906478578892372,0.0,0.01371351789278163,0.009009872919515693,0.0,0.0011400077191745248,37.49777711914641,1.0,0.25,0.32444622285454583,0.29860630108379027,0.09973151700769733,0.01735153675432107,0.21062618595825428,0.0,-0.33535409539949723,-0.08914712890568005,0.047625919261029465,Banks—Regional,Financial Services,BCBP
2016Q2,2016,Q2,2016-08-05,2016-06-30,1581000.0,14869000.0,0.0,0.12,14869000.0,1.0,1738343000.0,132306000.0,0.0,0.0,1606037000.0,0.0,27388000.0,114984960.0,82354960.0,11.782527384450976,0.0,0.11742446686298388,1.5428174081296389,0.0,11.782527384450976,0.011949571448006893,7.733200618736969,18.182314990512335,0.8690834882771756,1.1005692599620494,0.0,0.015132413839166444,0.008553547832619914,0.0,0.0009094867928826475,-29.944,1.0,-0.25000000000000006,-0.32515942327317005,0.20151751453303876,0.10777922470579758,-0.03146169880145909,-0.2230958230958231,0.0,-0.5361392709137486,-0.10534860045353378,0.06217270616511074,Banks—Regional,Financial Services,BCBP
2016Q1,2016,Q1,2016-05-06,2016-03-31,2035000.0,15352000.0,0.0,0.16,15352000.0,1.0,1706148000.0,132311000.0,0.0,0.0,1573837000.0,0.0,27614000.0,112282170.0,115230170.0,11.795578140322725,0.0,0.12550142191650432,1.6183386113021594,0.0,11.795578140322725,0.015380429442752303,7.31384640437728,13.793878378378379,0.8486230925622208,0.8530712530712531,0.0,0.015461047822641832,0.00899804706274016,0.0,0.0011927452952498845,27.703471502590673,1.0,0.7582417582417583,-0.11291619393984288,0.26968951228129245,0.1081692068698189,-0.027739075364154528,0.9931439764936337,0.0,-0.36073542788676194,-0.047417058145487544,0.08004883946800423,Banks—Regional,Financial Services,BCBP
2015Q4,2015,Q4,2016-03-14,2015-12-31,1021000.0,15790000.0,0.0,0.091,15790000.0,1.0,1618406000.0,133544000.0,0.0,0.0,1484862000.0,0.0,27382000.0,116656800.0,186907800.0,11.905500579477579,0.0,0.12612657145364017,1.528514946384712,0.0,11.905500579477579,0.007645420236027077,7.388017732742242,28.564348677766894,0.8735457976397293,1.346718903036239,0.0,0.01178671110471057,0.00975651350773539,0.0,0.0006308676561999893,-30.498509803921568,1.0,-0.6208333333333333,-0.7224107598739853,0.1378007908187167,0.1298761992344747,0.018249822660733862,-0.5525854513584575,0.0,-0.26871945365398126,0.0025208837271576833,0.10395727193330058,Banks—Regional,Financial Services,BCBP
2015Q3,2015,Q3,2015-11-06,2015-09-30,2282000.0,15507000.0,0.0,0.24,15507000.0,1.0,1554855000.0,108201000.0,0.0,0.0,1446654000.0,0.0,27802000.0,84360000.0,191468000.0,12.82610241820768,0.0,0.13128169507767606,1.886526002532324,0.0,12.82610241820768,0.021090378092623912,5.440123815051267,9.241893076248905,0.7796600770787702,0.6003505696757231,0.0,0.016239924134660976,0.009973277250933367,0.0,0.0014676609716018536,15.79479498221307,1.0,0.1999999999999999,-0.7381096866615786,-0.08625799633786219,0.20831816375262288,0.0015500871924045726,0.2131844763423711,0.0,2.7467333308655943,1.2375206966639118,0.33384461889184697,Banks—Regional,Financial Services,BCBP
2015Q2,2015,Q2,2015-08-07,2015-06-30,1881000.0,15483000.0,0.0,0.2,15483000.0,1.0,1498088000.0,105974000.0,0.0,2000000.0,1392114000.0,0.0,26955000.0,102904620.0,262144620.0,12.584491153069706,0.0,0.13759138314972152,1.9450431237850794,0.0,12.584491153069706,0.017749636703342328,6.646297229219144,13.676850079744817,0.9710364806461963,0.6996278575225944,0.0,0.012788541466845705,0.010335173901666658,30.3865,0.0012556004720683965,5716.923333333333,1.0,0.0,0.1296908797111653,0.7212356008764905,0.1312747194394672,0.1222818208176283,0.01895991332611051,0.0,1.6073913965829034,3.228589532458163,0.2949811249464015,Banks—Regional,Financial Services,BCBP
2015Q1,2015,Q1,2015-05-07,2015-03-31,1846000.0,13796000.0,0.0,0.2,13796000.0,1.0,1383761000.0,102950000.0,0.0,3000000.0,1280811000.0,0.0,26452000.0,101136000.0,258732000.0,12.255952380952381,0.0,0.1352285546420227,1.8176202039825158,0.0,12.255952380952381,0.01793103448275862,7.330820527689185,13.69664138678223,0.9823797960174842,0.7134344528710725,0.0,0.013022069292833413,0.009969929778335999,14.615666666666666,0.001334045402349105,39.29137529137529,1.0,0.05263157894736847,0.4269220055710307,0.536580373269115,0.10668907009626372,-0.007196315486470927,0.12767257177764202,0.0,0.3058396305625524,0.3384149465987274,0.17095639730128354,Banks—Regional,Financial Services,BCBP
2014Q4,2014,Q4,2015-03-12,2014-12-31,1637000.0,13896000.0,0.0,0.19,13896000.0,1.0,1301900000.0,102252000.0,0.0,26000000.0,1199648000.0,0.0,25983000.0,98531160.0,228539160.0,12.172857142857143,0.0,0.125296873799831,1.5953135390994797,0.0,12.172857142857143,0.01600946680749521,7.090613126079448,15.04751985339035,0.9636110785119117,0.8063530849114233,0.0,0.013396777222555787,0.01067363084722329,1.8206923076923076,0.0012573930409401643,50.946825232678385,1.0,0.7272727272727273,1.1030902777777778,0.4316465565249675,0.10427623513844834,0.1293888166449935,0.5045955882352942,0.0,0.8574713804713804,0.3578496868475991,0.14807972173356798,Banks—Regional,Financial Services,BCBP
2014Q3,2014,Q3,2014-11-07,2014-09-30,1088000.0,12304000.0,0.0,0.11,12304000.0,1.0,1229820000.0,102713000.0,0.0,7000000.0,1127107000.0,0.0,25722000.0,111454000.0,206463000.0,12.256921241050119,0.0,0.09848920980306061,1.1792470281269167,0.0,12.256921241050119,0.01059262216077809,9.05835500650195,25.609834558823533,1.085101204326619,1.2178308823529411,0.0,0.0118883126671093,0.010004716137320908,5.723,0.0008846823112325381,57.89818181818182,1.0,-0.6206896551724138,-0.5005023560874955,0.3037188656047574,0.10907176410597424,-0.13849600896233022,-0.5863117870722433,0.0,0.01035815594288141,0.4175065747104436,0.14580202306977377,Banks—Regional,Financial Services,BCBP
2014Q2,2014,Q2,2014-08-07,2014-06-30,2630000.0,14282000.0,0.0,0.29,14282000.0,1.0,1278375000.0,102855000.0,0.0,45500000.0,1175520000.0,0.0,26008000.0,112932560.0,247237560.0,12.313540045492637,0.0,0.12486476972719272,1.5519323319235818,0.0,12.313540045492637,0.025569977152301783,7.907335107127853,10.73503422053232,1.0979783189927568,0.5220532319391635,0.0,0.012157698364404385,0.01117199569766305,0.6462637362637362,0.0020572993057592645,-59.22001048767698,1.0,0.2083333333333333,0.9744330603495428,0.7378160803936522,0.1288968500714684,0.06869200838072434,0.1767337807606264,0.0,0.5091196252254515,0.5514435336156276,0.15770440414853595,Banks—Regional,Financial Services,BCBP
2014Q1,2014,Q1,2014-05-07,2014-03-31,2235000.0,13364000.0,0.0,0.24,13364000.0,1.0,1244493000.0,102125000.0,0.0,30000000.0,1142368000.0,0.0,24751000.0,109087200.0,224992200.0,12.245203836930456,0.0,0.11580940993641588,1.411250917992656,0.0,12.245203836930456,0.021884944920440637,8.16276563903023,12.202147651006712,1.068173317013464,0.5342281879194631,0.0,0.01094537214265285,0.010738509577795938,1.1212333333333333,0.001795912070216546,137.04422110552764,1.0,-0.14285714285714296,-0.08593902574198903,0.4601232224725903,0.132511441659333,0.016196486959166603,-0.03288619645175249,-1.0,0.31035338309258886,0.4865506350475175,0.15041057441201608,Banks—Regional,Financial Services,BCBP
2013Q4,2013,Q4,2014-03-17,2013-12-31,2311000.0,13151000.0,4039000.0,0.28,13151000.0,1.0,1207959000.0,100060000.0,0.0,18000000.0,1107899000.0,0.0,23710000.0,112173000.0,213463000.0,11.997601918465227,0.0,0.10937788451429228,1.3204477313611833,0.009953312889777074,11.997601918465227,0.023096142314611233,8.52961751958026,12.134681955863261,1.1210573655806517,0.48853310255300736,0.0,0.010064810605047561,0.010886958911684917,2.0052777777777777,0.001913144403079906,24.185640362225097,1.0,0.16666666666666682,-0.3983044857901628,0.34535056484084153,0.12193203900120367,0.06459969238241722,0.07889822595704948,0.0,-0.1549400868915257,0.27454023013410966,0.13861695819249376,Banks—Regional,Financial Services,BCBP
2013Q3,2013,Q3,2013-11-08,2013-09-30,2142000.0,12353000.0,0.0,0.24,12353000.0,1.0,1182975000.0,93933000.0,0.0,0.0,1089042000.0,0.0,22568000.0,90768615.0,171717615.0,11.229288702928871,0.0,0.09647203026268518,1.2149510821543015,0.0,11.229288702928871,0.022803487592219986,7.347900509997571,10.59390931372549,0.9663123183545719,0.5298786181139122,0.0,0.012504322116185202,0.010442317039666941,0.0,0.0018106891523489508,31.1598403707518,1.0,-0.17241379310344826,1.9512815273139015,0.26797046132173696,0.08421040809018383,-0.007711462768093823,-0.1609870740305523,0.0,-0.7520900901371789,-0.26592764374951855,0.05788594721569012,Banks—Regional,Financial Services,BCBP
2013Q2,2013,Q2,2013-08-09,2013-06-30,2553000.0,12449000.0,0.0,0.29,12449000.0,1.0,1167359000.0,93302000.0,0.0,0.0,1074057000.0,0.0,21561000.0,87474400.0,149396400.0,11.092854595172987,0.0,0.09776255633442668,1.2231677777539602,0.0,11.092854595172987,0.02736275749715976,7.026620612097357,8.56584410497454,0.9375404600115754,0.445750097924011,0.0,0.013009520499711916,0.01066424296210506,0.0,0.0021869878931845303,20.936907611297272,1.0,0.07407407407407393,0.09518584597196762,0.35124214008958227,0.029044984005166904,0.020326202770264732,0.05933609958506224,0.0,0.5351035507422236,0.3855930863282136,-0.002814987328584921,Banks—Regional,Financial Services,BCBP
2013Q1,2013,Q1,2013-05-10,2013-03-31,2410000.0,12201000.0,0.0,0.27,12201000.0,1.0,1158190000.0,92744000.0,0.0,0.0,1065446000.0,0.0,20146000.0,84070800.0,160174800.0,10.921337729627885,0.0,0.09853650955370016,1.2305270421806263,0.0,10.921337729627885,0.025985508496506514,6.890484386525695,8.721037344398342,0.9064823600448547,0.4219917012448133,0.0,0.01209694685907592,0.010534540964781253,0.0,0.002080833023942531,31.629345372460495,1.0,1.2500000000000002,0.004822474562850823,0.34691156322702044,0.03913068104465626,0.023230459577323045,1.2800378429517503,0.0,0.8427010445354434,0.3442090767582935,-0.013824081513777217,Banks—Regional,Financial Services,BCBP
2012Q4,2012,Q4,2013-03-18,2012-12-31,1057000.0,11924000.0,0.0,0.12,11924000.0,1.0,1171358000.0,91581000.0,0.0,17000000.0,1079777000.0,0.0,18883000.0,80249400.0,176240400.0,10.784385303815355,0.0,0.11194186576605956,1.4317817014446228,0.0,10.784385303815355,0.01154169532981732,6.730073800738007,18.98046357615894,0.8762669112588856,0.9668874172185431,0.0,0.012735297709390974,0.010179637651341434,2.3785882352941177,0.0009023714355474586,42.89118118653127,1.0,1.8000000000000003,-0.4354829045157027,0.5773571347528461,0.026417376782426203,0.671198318149965,1.7858736059479554,0.0,0.34323971581095947,0.21517066128301585,-0.02168075565007135,Banks—Regional,Financial Services,BCBP
2012Q3,2012,Q3,2012-11-09,2012-09-30,-1345000.0,7135000.0,0.0,-0.15,7135000.0,1.0,1154823000.0,83514000.0,0.0,0.0,1071309000.0,0.0,18848000.0,91800450.0,133590450.0,9.615889464594128,0.0,0.09882380243552476,1.3665253729913547,0.0,9.615889464594128,-0.016105084177503174,12.866215837421164,-17.063280669144984,1.0992222860837704,-0.7762081784386617,0.0,0.011372493272091803,0.006178436002746741,0.0,-0.0011646806480300445,84.9217853839038,1.0,0.5945945945945946,-1.713129433070074,-0.15714399392987752,-0.07007516096299424,0.7949685534591195,0.599940511600238,0.0,-1.5958007270715049,-0.2705327462390713,-0.12990291099955242,Banks—Regional,Financial Services,BCBP
2012Q2,2012,Q2,2012-08-09,2012-06-30,-3362000.0,3975000.0,0.0,-0.37,3975000.0,1.0,1179000000.0,88841000.0,0.0,0.0,1090159000.0,0.0,21237000.0,94802540.0,105759540.0,9.717895427696346,0.0,0.09679728583545377,1.2845870712846545,0.0,9.717895427696346,-0.03784288785583233,23.849695597484278,-7.049564247471743,1.0671034769982328,-0.3298631766805473,0.0,0.011697998808892673,0.0033715012722646313,0.0,-0.0028515691263782867,23.133855539287456,1.0,-3.176470588235294,-2.583690405922269,-0.5286438238561391,-0.049268119423380205,-0.6567061058813369,-3.1171284634760705,0.0,-3.3061398444783445,-0.5580703093437945,-0.10907005644846421,Banks—Regional,Financial Services,BCBP
2012Q1,2012,Q1,2012-05-10,2012-03-31,1588000.0,11579000.0,0.0,0.17,11579000.0,1.0,1204549000.0,98763000.0,0.0,0.0,1105786000.0,0.0,25708000.0,94312820.0,92861820.0,10.466617210682493,0.0,0.09474417396054458,1.1555339550236425,0.0,10.466617210682493,0.01607889594281259,8.145161067449694,14.847736146095716,0.9549408179176411,0.714735516372796,0.0,0.012034419074734485,0.009612726422918454,0.0,0.0013183357422570606,22.16517508813161,1.0,0.7000000000000001,-0.3329627910426772,0.37671613088453226,-0.0012221548479496149,0.007219902574808629,0.604040404040404,0.0,-0.4259810152467082,0.11815552387920587,-0.031983141773670336,Banks—Regional,Financial Services,BCBP
2011Q4,2011,Q4,2012-03-30,2011-12-31,990000.0,11496000.0,0.0,0.1,11496000.0,1.0,1216908000.0,100048000.0,0.0,0.0,1116860000.0,0.0,25255000.0,95209240.0,107653240.0,10.602797795676134,0.0,0.10644272204636669,1.294688549496242,0.0,10.602797795676134,0.009895250279865665,8.281945024356299,24.042737373737374,0.9516356149048457,1.195959595959596,0.0,0.012435767788924688,0.009446893273772544,0.0,0.0008135372600065083,36.960108695652174,1.0,-0.23076923076923075,-0.6132428620749287,0.32613048471288864,0.021449988744967036,0.20050125313283207,-0.16666666666666666,0.0,-0.7721808950546457,0.03944511171492639,-0.00850031274065482,Banks—Regional,Financial Services,BCBP
2011Q3,2011,Q3,2011-11-18,2011-09-30,1188000.0,9576000.0,0.0,0.13,9576000.0,1.0,1079742000.0,98896000.0,0.0,0.0,980846000.0,0.0,25449000.0,84037050.0,112271050.0,10.69724175229854,0.0,0.10569561987956382,1.1539799385212748,0.0,10.69724175229854,0.01201261931726258,8.77579887218045,17.684564393939393,0.8497517594240414,0.9351851851851852,0.0,0.013220359353404243,0.00886878532093778,0.0,0.001100262840567469,-114.6480900409277,1.0,-0.38095238095238093,-0.5609006990218862,0.09508563948776774,0.058370895744935265,-0.07128309572301425,-0.39139344262295084,0.0,1.477380931245808,-0.11063535253616995,0.032840204978779944,Banks—Regional,Financial Services,BCBP
2011Q2,2011,Q2,2011-08-12,2011-06-30,1952000.0,10311000.0,0.0,0.21,10311000.0,1.0,1100345000.0,99512000.0,0.0,0.0,1000833000.0,0.0,25372000.0,106377720.0,146361720.0,10.636169303120992,0.0,0.10371656162385434,1.1468365624246322,0.0,10.636169303120992,0.01961572473671517,10.316915915042188,13.62419569672131,1.0689938901840983,0.576844262295082,0.0,0.0105849232339253,0.009370697372187814,0.0,0.0017739890670653295,24.81402379286214,1.0,0.049999999999999906,-0.2618056895166095,0.10738580018119717,0.05105386393921004,0.01837037037037037,0.016137428422696512,0.0,-0.24720930762416224,0.006136537449588252,-0.013320099303464693,Banks—Regional,Financial Services,BCBP
2011Q1,2011,Q1,2011-05-16,2011-03-31,1921000.0,10125000.0,0.0,0.2,10125000.0,1.0,1099867000.0,99981000.0,0.0,0.0,999886000.0,0.0,24546000.0,96747900.0,144648900.0,10.644203129990418,0.0,0.10376163663424759,1.1414568768065934,0.0,10.644203129990418,0.019213650593612786,9.555348148148148,12.590825091098386,0.9676628559426292,0.5871941697032795,0.0,0.011659167795890142,0.009205658502346193,0.0,0.0017465748131364975,16.512698412698413,1.0,-0.3939393939393939,-0.23026408808506274,0.14015811570311126,0.08209467016669864,-0.12873246708544875,-0.3762987012987013,0.0,-0.27588869860665066,0.010518687368982543,0.012762201981777632,Banks—Regional,Financial Services,BCBP
2010Q4,2010,Q4,2011-03-31,2010-12-31,3080000.0,11621000.0,0.0,0.33,11621000.0,1.0,1106888000.0,98974000.0,0.0,0.0,1007914000.0,0.0,23753000.0,92051400.0,85048400.0,10.536995635047376,0.0,0.10310347569040408,1.1530705033645199,0.0,10.536995635047376,0.031119283852324854,7.921125548575854,7.471704545454546,0.9300563784428234,0.37142857142857144,0.0,0.01242783922895252,0.010498803853687094,0.0,0.0027825760149174984,-283.2350769230769,1.0,-0.6796116504854368,0.38528259975082063,0.38661527280423147,0.10155395670589541,-0.3788550964776311,-0.6793670622527587,0.0,0.4871627222295079,0.38981575812396413,0.0028717552466240494,Banks—Regional,Financial Services,BCBP
2010Q3,2010,Q3,2010-11-15,2010-09-30,9606000.0,18709000.0,0.0,1.03,18709000.0,1.0,1126709000.0,98718000.0,0.0,0.0,1027991000.0,0.0,21817000.0,84351000.0,73142000.0,10.61483870967742,0.0,0.10128968526922214,1.1560606981502868,0.0,10.61483870967742,0.0973074819181912,4.508578758886098,2.195268582136165,0.8544642314471524,0.11950864043306267,0.0,0.013609797157117284,0.016604997386192887,0.0,0.00852571515803992,-14.36984667802385,1.0,4.15,2.222727445085453,0.7849935812510911,0.352097509517749,2.756073077695242,9.418655097613883,0.0,3.7563689320388347,1.0639390006489293,0.026530329289428112,Banks—Regional,Financial Services,BCBP
2010Q2,2010,Q2,2010-08-16,2010-06-30,922000.0,4981000.0,0.0,0.2,4981000.0,1.0,651635000.0,51872000.0,0.0,0.0,599763000.0,0.0,13359000.0,36791070.0,31133070.0,11.124168989920651,0.0,0.17513485310027854,2.200107958050586,0.0,11.124168989920651,0.01777452190006169,7.386281871110219,9.975886659436009,0.7092664636027144,0.6084598698481561,0.0,0.015248265407882945,0.007643849701136372,0.0,0.0014149025144444358,22.083475390156064,1.0,0.3333333333333335,-0.3889522732057996,-0.05065438887384597,0.48533615855160583,-0.0004013646397752358,0.2841225626740947,0.0,-0.14851049549589015,0.15798894206375344,0.08831198918822611,Banks—Regional,Financial Services,BCBP
2010Q1,2010,Q1,2010-05-17,2010-03-31,718000.0,4983000.0,0.0,0.15,4983000.0,1.0,641738000.0,51629000.0,0.0,0.0,590109000.0,0.0,12998000.0,42144479.99999999,65326479.99999999,11.074431574431575,0.0,0.17783581461593362,2.210463111817002,0.0,11.074431574431575,0.013906912781576245,8.457652016857313,14.67426183844011,0.8162947180847971,0.7785515320334262,0.0,0.01326389600725884,0.007764851076295934,0.0,0.001118836659197367,29.389456066945602,1.0,0.6304347826086956,-0.49660546385437215,0.014503734196861245,0.5248173417942742,-0.07499535919806942,0.6620370370370371,0.0,-0.3895646579732091,0.19916763148497782,0.05677858295090482,Banks—Regional,Financial Services,BCBP
2009Q4,2009,Q4,2010-03-30,2009-12-31,432000.0,5387000.0,0.0,0.092,5387000.0,1.0,631503000.0,51391000.0,0.0,0.0,580112000.0,0.0,12839000.0,42004620.0,88781620.0,11.023380523380524,0.0,0.1807180646806112,2.2207001225895584,0.0,11.023380523380524,0.008406141153120196,7.797404863560423,24.308229166666667,0.8173536222295732,1.2962962962962963,0.0,0.013331866827982255,0.008530442452371565,0.0,0.0006840822608918723,-34.40181818181818,1.0,-0.6461538461538462,-0.6864418021741712,0.12734778760586893,0.5845368569961443,0.026681913474366305,-0.643270024772915,-1.0,-0.6584120413280945,0.25777263611575435,0.06196799453539829,Banks—Regional,Financial Services,BCBP
2009Q3,2009,Q3,2009-11-12,2009-09-30,1211000.0,5247000.0,1968000.0,0.26,5247000.0,1.0,622233000.0,51489000.0,0.0,0.0,570744000.0,0.0,12967000.0,37963861.5,119096861.5,11.051513200257565,0.0,0.18341039449852387,2.2164734215075064,0.007312227904814236,11.051513200257565,0.02351958670784051,7.2353461978273295,7.83729593311313,0.7373198450154402,0.4599504541701073,0.0,0.014671847857204936,0.008432532507919059,0.0,0.0019462162887535698,63.2731025,1.0,0.625,-0.06779528256632547,0.12399128429775122,0.6705555065349331,0.14613368283093053,0.6320754716981132,0.0,-0.11181250718818653,0.1906639804010495,0.09342204242325375,Banks—Regional,Financial Services,BCBP
2009Q2,2009,Q2,2009-08-05,2009-06-30,742000.0,4578000.0,0.0,0.16,4578000.0,1.0,617620000.0,50753000.0,0.0,0.0,566867000.0,0.0,12313000.0,43645140.0,86498140.0,10.907586503331185,0.0,0.18478028561251256,2.2486158453687466,0.0,10.907586503331185,0.014619825429038677,9.533669724770641,14.705235849056606,0.8599519240241956,0.7533692722371967,0.0,0.012807840689707948,0.0074123247304167614,0.0,0.0012013859654803924,-37.239880546075085,1.0,-0.44827586206896547,-0.2253165113416565,0.04406559940738313,0.7213513379750754,-0.10270482163857311,-0.4556126192223037,0.0,-0.4357754924428614,-0.01137608387205631,0.0778749955788481,Banks—Regional,Financial Services,BCBP
2009Q1,2009,Q1,2009-05-15,2009-03-31,1363000.0,5102000.0,0.0,0.29,5102000.0,1.0,597896000.0,50267000.0,0.0,0.0,547629000.0,0.0,12130000.0,45792650.0,117311650.0,10.812432781243277,0.0,0.19087600519153833,2.2703562973720333,0.0,10.812432781243277,0.027115204806334177,8.975431203449627,8.39923881144534,0.910988322358605,0.40939104915627295,0.0,0.012185361624627532,0.008533256619880381,0.0,0.002279660676773218,26.8106850117096,1.0,-0.36956521739130443,0.5182604553974742,0.2169535401719524,0.7091121454675305,-0.06368140943292347,-0.3633815973843998,0.0,0.10345598890090373,0.16079433904411997,0.09919697522059381,Banks—Regional,Financial Services,BCBP
2008Q4,2008,Q4,2009-03-27,2008-12-31,2141000.0,5449000.0,0.0,0.46,5449000.0,1.0,578624000.0,49715000.0,0.0,2000000.0,528909000.0,0.0,11325000.0,48349600.0,157712600.0,10.693697569369757,0.0,0.20068991262028538,2.335794025947903,0.0,10.693697569369757,0.043065473197224174,8.87311433290512,5.645679588977114,0.972535452076838,0.26015880429705746,0.0,0.011520260767410691,0.009417169007853114,5.3225,0.003700157615308041,300.3080745341615,1.0,2.7037037037037033,1.551016184644583,0.4096488120174124,0.8313691794970125,0.008327165062916359,2.7141713370696556,1.0,0.9455800579026004,0.31363303743545257,0.11793582130515035,Banks—Regional,Financial Services,BCBP
2008Q3,2008,Q3,2008-11-13,2008-09-30,-1249000.0,5404000.0,-359000.0,-0.27,5404000.0,1.0,582487000.0,48057000.0,0.0,14500000.0,534430000.0,0.0,9741000.0,61480000.0,182356000.0,10.357112068965517,0.0,0.22081866204739334,2.6764883367667562,-0.007069237778821718,10.357112068965517,-0.025989970243668975,11.376757957068838,-12.305844675740593,1.2793141477828414,-0.37149719775820655,0.0,0.007547169811320755,0.009277460269499577,0.7824137931034483,-0.0021442538631763455,27.483236477425123,1.0,-2.0,-2.783084077759778,0.7569817927872134,0.9933479754638352,0.07158437438032916,-1.9788401253918495,0.0,-1.8398629085960798,0.03339508612455938,0.3192687912890638,Banks—Regional,Financial Services,BCBP
2008Q2,2008,Q2,2008-08-14,2008-06-30,1276000.0,5043000.0,0.0,0.27,5043000.0,1.0,578521000.0,49630000.0,0.0,0.0,528891000.0,0.0,11454000.0,61003000.0,165314000.0,10.779756733275413,0.0,0.19726855204910454,2.2994962724158774,0.0,10.779756733275413,0.025710255893612734,12.096569502280389,11.951998432601881,1.2291557525690107,0.35893416927899685,0.0,0.0075078274838942345,0.00871705607920888,0.0,0.0022056243420722843,49.27544426494346,1.0,-0.03571428571428574,0.7388516674463677,0.6196720296963246,0.942353365293073,0.02395939086294416,-0.02147239263803681,0.0,-0.14350469509377614,-0.026520357613162283,0.4393490849367544,Banks—Regional,Financial Services,BCBP
2008Q1,2008,Q1,2008-05-15,2008-03-31,1304000.0,4925000.0,0.0,0.28,4925000.0,1.0,565876000.0,48525000.0,0.0,0.0,517351000.0,0.0,10636000.0,68100750.0,159976750.0,10.510071474983755,0.0,0.20167669242024755,2.3518598660484287,0.0,10.510071474983755,0.02687274600721278,13.82756345177665,13.056125383435583,1.4034157650695518,0.3197852760736196,0.0,0.0061232805806103454,0.008703320162014293,0.0,0.002304391774876475,31.660041841004183,1.0,0.2727272727272728,0.768912294309557,0.7228422403643874,0.9497554409846446,0.19829683698296838,0.28094302554027506,0.0,-0.07684624791803214,0.012468201435102733,0.44711167709527627,Banks—Regional,Financial Services,BCBP
2007Q4,2007,Q4,2007-12-31,2007-12-31,1018000.0,4110000.0,0.0,0.22,4110000.0,1.0,563477000.0,48510000.0,0.0,0.0,514967000.0,0.0,9749000.0,71794350.0,174138350.0,10.50682261208577,0.0,0.20253532974726562,2.3525870954442385,0.0,10.50682261208577,0.0209853638425067,17.468211678832116,17.631225442043224,1.479990723562152,0.4165029469548134,0.0,0.0059057572079139935,0.007293997802927182,0.0,0.0018066398451045916,63.478647214854114,1.0,0.047619047619047665,0.2213608541081089,0.07062064885014595,0.7993655591430956,-0.11096690460739779,-0.011650485436893204,0.0,-0.2539042167067928,-0.13150932887775005,0.5102851292721999,Banks—Regional,Financial Services,BCBP
2007Q3,2007,Q3,2007-11-13,2007-09-30,1030000.0,4623000.0,0.0,0.21,4623000.0,1.0,573284000.0,49045000.0,0.0,0.0,524239000.0,0.0,9155000.0,75413700.0,150758700.0,10.340501792114695,0.0,0.19907061770431408,2.3269242532368235,0.0,10.340501792114695,0.021001121419104905,16.312719013627515,18.304296116504855,1.5376429809358751,0.36893203883495146,0.0,0.005038872247350282,0.00806406597777018,0.0,0.0017966662247681777,25.046064430421787,1.0,-0.0869565217391305,0.43850529285828505,0.47041752449620877,0.9901511324141504,0.0335345405767941,-0.0852575488454707,-1.0,-0.22116768335392176,-0.02721837478407203,0.5630784577761672,Banks—Regional,Financial Services,BCBP
2007Q2,2007,Q2,2007-08-08,2007-06-30,1126000.0,4473000.0,1750000.0,0.23,4473000.0,1.0,535606000.0,49564000.0,0.0,0.0,486042000.0,0.0,8504000.0,80056990.00000001,157006990.0,10.221488966797278,0.0,0.1757336549627898,1.8990396255346622,0.00783642336172819,10.221488966797278,0.02271810184811557,17.897829197406665,17.77464253996448,1.6152245581470424,0.3552397868561279,0.0,0.004996440660584416,0.008351288073695963,0.0,0.00210229160987741,-63.537293650793664,1.0,-0.07999999999999996,0.45691221028919515,0.36401813124722615,0.8417617376911045,0.002465262214253698,-0.10847189231987332,0.0,0.12807936031796616,-0.021114794452025614,0.6130767061733141,Banks—Regional,Financial Services,BCBP
2007Q1,2007,Q1,2007-05-14,2007-03-31,1263000.0,4462000.0,0.0,0.25,4462000.0,1.0,517585000.0,52460000.0,0.0,0.0,465125000.0,0.0,7778000.0,86353500.0,124781500.0,10.479424690371554,0.0,0.14321125998628245,1.412962256957682,0.0,10.479424690371554,0.024075486084635913,19.353092783505154,17.09293349168646,1.6460827296988183,0.27790973871733965,0.0,0.0040646875922805675,0.008620806244384981,0.0,0.0024401789078122432,46.95676998368678,1.0,-0.03846153846153849,0.5801600906137766,0.43958685221298793,0.9440700624228954,-0.02978908458360513,-0.06995581737849779,-1.0,0.3065392957023002,-0.01160210683857257,0.6564738369422614,Banks—Regional,Financial Services,BCBP
