Quarters,Year,Quarter,FillingDate,Date,NetIncome,Revenue,OperatingIncome,EPSDiluted,GrossProfit,GrossProfitRatio,TotalAssets,CommonStockEquity,CurrentAssets,CurrentLiability,TotalLiability,Inventory,RetainedEarnings,MarketCap,EnterpriseValue,bookValuePerShare,currentRatio,debtToAssets,debtToEquity,roic,shareholdersEquityPerShare,roe,priceToSalesRatio,peRatio,pbRatio,payoutRatio,inventoryTurnover,dividendYield,assetTurnover,quickRatio,returnOnAssets,priceToFreeCashFlowsRatio,grossProfitMargin,epsdilutedGrowth,fiveYNetIncomeGrowthPerShare,fiveYRevenueGrowthPerShare,fiveYShareholdersEquityGrowthPerShare,grossProfitGrowth,netIncomeGrowth,operatingIncomeGrowth,threeYNetIncomeGrowthPerShare,threeYRevenueGrowthPerShare,threeYShareholdersEquityGrowthPerShare,Industry,Sector,Symbol
2023Q1,2023,Q1,2023-05-05,2023-03-31,-3480000.0,58644000.0,15687000.0,-0.0019,42515000.0,0.7249676011,844555000.0,309854000.0,72715000.0,162694000.0,534701000.0,10095000.0,-2043744000.0,2101723959.9999998,2292267960.0,0.1710170540188351,0.4469433414877008,0.24987241801895674,0.6810659213694191,0.028904241716940626,0.1710170540188351,-0.011231095935505109,35.838686992701724,-150.98591666666667,6.7829492599740515,-1.1353448275862068,1.5977216443784052,0.0018798853109139987,0.06943775124177821,0.29806876713339153,-0.004120513169657393,130.80183968135424,0.724967601118614,0.3666666666666667,-1.0275739797663335,0.42120957246513285,-0.4377967611170047,0.5878618113912232,0.3477038425492034,1.8223422101069406,0.9217123799644488,0.5663444133865648,-0.4618756763891309,Telecom Services,Communication Services,GSAT
2022Q4,2022,Q4,2023-03-01,2022-12-31,-5335000.0,41306000.0,-19076000.0,-0.003,26775000.0,0.6482109137,833395000.0,314771000.0,81244000.0,197076000.0,518624000.0,9264000.0,-2040264000.0,2400865460.0,2531280460.0,0.1743727155789896,0.4122470518987599,0.19498197133412126,0.5162387894691697,-0.03773266945342879,0.1743727155789896,-0.016948829466501045,58.12389144434223,-112.50541049671978,7.6273400662704,0.0,1.5685449050086355,0.0,0.0495635322986099,0.2963881954169965,-0.006401526287054758,137.59329818327697,0.6482109136687164,0.9727272727272727,0.8361893575446723,-0.026591943979991015,-0.25045910003164495,0.8717231737154841,0.9738942361800931,-1.122591673842911,0.8862671229602272,0.04410056137794686,-0.3781745411899594,Telecom Services,Communication Services,GSAT
2022Q3,2022,Q3,2022-11-03,2022-09-30,-204361000.0,37626000.0,155606000.0,-0.11,14305000.0,0.3801892309,746538000.0,135580000.0,65991000.0,146943000.0,610958000.0,8563000.0,-2034929000.0,2862801360.0,3136023360.0,0.0753011379036092,0.4490925052571405,0.38574191802694574,2.123993214338398,0.3460345541653688,0.0753011379036092,-1.5073093376604219,76.0857215755063,-3.50213758985325,21.115218763829475,0.0,2.7234614037136518,0.0,0.05040064939761941,0.3017700741103693,-0.27374493997626376,356.95777556109726,0.3801892308510073,-6.38255033557047,-3.5339974849170575,-0.19725826703953095,-0.5528780450906028,-0.37782707028531665,-6.637664910116979,81.16795466254509,-8.804999816368344,-0.21435392946762602,-0.7373134944367952,Telecom Services,Communication Services,GSAT
2022Q2,2022,Q2,2022-08-09,2022-06-30,-26757000.0,36800000.0,-1941000.0,-0.0149,22992000.0,0.6247826087,944151000.0,329333000.0,69731000.0,139980000.0,614818000.0,15887000.0,-1830568000.0,2213859780.0,2485303780.0,0.18297436615430088,0.4981497356765252,0.30141894675745723,0.8641253685479439,-0.003041590116779408,0.18297436615430088,-0.08124603364983163,60.15923315217391,-20.684865455768584,6.722253099446457,0.0,0.8691382891672437,0.0,0.03897681620842429,0.2661665952278897,-0.02833974650241328,1755.6382077716098,0.6247826086956522,-0.3070175438596491,0.8300137239932704,-0.17921512533502743,1.2582954147923278,0.1844220070059757,-0.30764343661421173,0.8820634341961356,-4.483804208553179,-0.04927410388284111,-0.3245308787208633,Telecom Services,Communication Services,GSAT
2022Q1,2022,Q1,2022-05-05,2022-03-31,-20462000.0,32772000.0,-16458000.0,-0.0114,19412000.0,0.5923349201,850426000.0,349232000.0,71193000.0,103682000.0,501194000.0,14271000.0,-1803811000.0,2642576370.0,2906351370.0,0.19426914046007307,0.6866476341119963,0.3237130567503816,0.7882840060475558,-0.02530384536974212,0.19426914046007307,-0.05859142346634902,80.63518766019773,-32.28638903821719,7.5668219693498875,0.0,0.936164249176652,0.0,0.03853598079080367,0.3546227889122509,-0.024060882428335918,-916.9244864677307,0.5923349200537044,0.14925373134328357,0.3710754992743164,-0.17621611854228122,0.3925524008881739,-0.0786463524609616,0.14592203021955089,0.330267762675999,-1.6396914192209653,-0.12217548148025022,-0.2698968719484862,Telecom Services,Communication Services,GSAT
2021Q4,2021,Q4,2022-02-25,2021-12-31,-23958000.0,34475000.0,-24574000.0,-0.0134,21069000.0,0.6111385062,814106000.0,365431000.0,68873000.0,61565000.0,448675000.0,13829000.0,-1783349000.0,2081212839.9999998,2336578840.0,0.2036792930798947,1.1187038089823764,0.3312467909584256,0.737950529648552,-0.035927712686270596,0.2036792930798947,-0.06556094036904368,60.36875532994923,-21.71730570164454,5.695227936327241,0.0,0.969412104996746,0.0,0.04234706536986584,0.5763989279623163,-0.02942860020685267,217.65455344070276,0.6111385061638869,0.33,0.8762148002306063,-0.1440920984849035,0.3677271143604835,0.12092998510321346,0.2242836328314716,-0.6701100992252277,0.821718953958666,-0.2254345150529299,-0.2692853216250686,Telecom Services,Communication Services,GSAT
2021Q3,2021,Q3,2021-11-04,2021-09-30,-30885000.0,32614000.0,-14714000.0,-0.02,18796000.0,0.5763169191144907,884115000.0,385125000.0,74997000.0,80995000.0,498990000.0,12545000.0,-1759391000.0,2994550480.0,3299881480.0,0.21477639274927168,0.9259460460522254,0.35814006096491974,0.8221668289516391,-0.020040366342437634,0.21477639274927168,-0.08019474196689387,91.81794566750476,-24.239521450542334,7.7755286725089245,0.0,1.1014746911119968,0.0,0.03688886626739734,0.5723810111735292,-0.034933238323068834,90.16742886393062,0.5763169191144907,-1.0,-6.220505813458299,-0.230781720411687,-0.0890305958329972,0.07307604475907742,-0.4399272693365658,0.08083458270864567,-3.414895711458204,-0.3556195674069639,-0.3073496938185717,Telecom Services,Communication Services,GSAT
2021Q2,2021,Q2,2021-08-05,2021-06-30,-21449000.0,30279000.0,-16008000.0,-0.01,17516000.0,0.5784867399848079,875771000.0,412132000.0,71862000.0,60618000.0,463639000.0,11811000.0,-1728506000.0,3189658540.0,3512849540.0,0.2299916905839081,1.1854894585766604,0.3869904347140976,0.82234575330234,-0.020960484784779316,0.2299916905839081,-0.052044005318684305,105.3422682387133,-37.17724066390041,7.739410043384159,0.0,1.0806028278723223,0.0,0.03457410670140939,0.7356560757530767,-0.02449156229196902,72.43626606712995,0.5784867399848079,0.5,-1.8908975082668855,-0.2931632593194328,-0.057760828843806435,0.17140373169263692,0.4096551344507748,0.16884735202492213,-1.1566128976338217,-0.3670290937067685,-0.23804799847808114,Telecom Services,Communication Services,GSAT
2021Q1,2021,Q1,2021-05-06,2021-03-31,-36333000.0,26929000.0,-19260000.0,-0.02,14953000.0,0.5552749823610235,913297000.0,435710000.0,112007000.0,114020000.0,477587000.0,12730000.0,-1707057000.0,2267667900.0,2650223900.0,0.25938917246215815,0.9823452025960357,0.42803710074597856,0.8972137430859976,-0.022976090659899067,0.25938917246215815,-0.08338803332491795,84.2091388465966,-15.60336264552886,5.204534897064562,0.0,0.9407698350353496,0.0,0.02948547953184999,0.32122434660585863,-0.039782239512447755,-4908.372077922078,0.5552749823610235,-1.0,0.1643824296829543,-0.23569998624064692,0.2449407865725028,-0.2546233986341658,-0.6717125241557007,-0.2785448751991503,-1.3105227828548747,-0.2960743875826712,-0.14728134146583938,Telecom Services,Communication Services,GSAT
2020Q4,2020,Q4,2021-03-04,2020-12-31,-21734000.0,33172000.0,-15064000.0,-0.01,20061000.0,0.6047570239961413,888093000.0,423065000.0,68487000.0,114215000.0,465028000.0,13736000.0,-1670724000.0,565990554.6,939400554.6,0.25309575899413783,0.59963227246859,0.4354724111100977,0.9141384893574274,-0.01868633973458306,0.25309575899413783,-0.051372720503941476,17.062298161099722,-6.5104278388699734,1.3378335589093875,0.0,0.9544991263832265,0.0,0.037351943996856186,0.31061594361511186,-0.02447266220992621,-152.8464905752093,0.6047570239961413,0.0,0.49676530080762443,-0.09532880501322487,0.10775489642786379,-0.004169769173492182,0.12875811753387317,-0.029313290058079946,0.279321932303701,-0.15579600103436872,0.08793180369267503,Telecom Services,Communication Services,GSAT
2020Q3,2020,Q3,2020-11-06,2020-09-30,-24946000.0,32757000.0,-14635000.0,-0.01,20145000.0,0.614983057056507,910513000.0,446555000.0,73311000.0,107177000.0,463958000.0,15362000.0,-1648990000.0,512452642.0,868570642.0,0.26734777571895124,0.6840180262556332,0.4125092118399188,0.8410946020087111,-0.017548603736102873,0.26734777571895124,-0.05586321953622734,15.644065146380926,-5.135619357812876,1.1475689265599982,0.0,0.8209868506704856,0.0,0.035976422082935666,0.3815650745962287,-0.02739774171263892,39.06186767284092,0.614983057056507,0.0,-1.6392162715911145,-0.14574602531741854,0.04814961961788409,0.07285508867231187,-0.008489650711513584,0.04837765784511347,-1.3334300884638037,-0.24666591021105014,0.5874535690702637,Telecom Services,Communication Services,GSAT
2020Q2,2020,Q2,2020-08-06,2020-06-30,-24736000.0,30364000.0,-15379000.0,-0.01,18777000.0,0.6183967856672375,923550000.0,470486000.0,65184000.0,100686000.0,453064000.0,15688000.0,-1624044000.0,545086908.4,902249908.4,0.2819013357907313,0.6473988439306358,0.3997975204374425,0.7847906207623606,-0.01807912286440429,0.2819013357907313,-0.05257542201043176,17.95174905809511,-5.50904459492238,1.158561377809329,0.0,0.7385900050994391,0.0,0.03287748362297656,0.31609161154480264,-0.026783606734881706,226.93043646960865,0.6183967856672375,0.5,-1.0730980204899545,-0.20194434209548212,0.27213844579286295,-0.098256735340729,0.3528503780446328,-0.09187078452254172,0.8305266785821754,-0.2696417546142301,2.4792660164385376,Telecom Services,Communication Services,GSAT
2020Q1,2020,Q1,2020-05-07,2020-03-31,-38223000.0,32194000.0,-14085000.0,-0.02,20823000.0,0.6467975399142697,939145000.0,495123000.0,61125000.0,57970000.0,444022000.0,16013000.0,-1599308000.0,458975015.99999994,818886016.0,0.31780212585688977,1.0544247024322926,0.37911078693918404,0.7190940432983319,-0.01628283247365674,0.31780212585688977,-0.07719899903660303,14.256538982419082,-3.001955733458912,0.9269919111008779,0.0,0.710110535190158,0.0,0.03428011648893409,0.5521304122822149,-0.040699785443142435,144.42259786028947,0.6467975399142697,0.3333333333333333,0.8107199176506581,-0.016189555909756417,9.036552343555481,0.16505343255189392,-0.01261027366413225,0.17409405418083734,-0.3555923617161752,-0.06623155655643857,1.2780566811656495,Telecom Services,Communication Services,GSAT
2019Q4,2019,Q4,2020-02-28,2019-12-31,-37747000.0,31835000.0,-17054000.0,-0.03,17873000.0,0.5614261033453746,965590000.0,407343000.0,63260000.0,63060000.0,558247000.0,16341000.0,-1559401000.0,753470881.8000001,1211674881.8000002,0.2804206761052833,1.0031715826197272,0.4824097184105055,1.1435326002901731,-0.019387661091601168,0.2804206761052833,-0.09266637698450692,23.66800319773834,-4.990269967149708,1.8497209521214308,0.0,0.8544152744630071,0.0,0.032969479799915075,0.46568347605455124,-0.03909216126927578,-159.80294417815483,0.5614261033453746,-1.9999999999999996,-1.280543431617981,-0.014547046389795617,2.530050572776665,-0.2826697704286402,-2.7880252001326324,-0.4205747605164515,0.7591154841274173,-0.023806532921280255,0.883053286060105,Telecom Services,Communication Services,GSAT
2019Q3,2019,Q3,2019-11-12,2019-09-30,21111000.0,38614000.0,-12005000.0,-0.01,24916000.0,0.6452581965090382,1019843000.0,416142000.0,146514000.0,169008000.0,603701000.0,17240000.0,-1521654000.0,600569531.1,1075641531.1,0.28665780810537694,0.8669057086055098,0.4915433061755584,1.2046296696800611,-0.012848311308873936,0.28665780810537694,0.05073027956803207,15.553155101776559,7.112045036947563,1.4431841320991392,0.0,0.7945475638051044,0.0,0.03786269062983224,0.2788862065701032,0.02070024503771659,331.440138576159,0.6452581965090382,-3.343566908835247,-0.888995316825172,0.12073224177300843,20.482710157983856,0.3676583598638709,2.411051866214251,0.27923871277617673,7.096298379282894,0.12493573945229997,0.21585286588932984,Telecom Services,Communication Services,GSAT
2019Q2,2019,Q2,2019-08-09,2019-06-30,6189000.0,31191000.0,-16656000.0,0.004267,18218000.0,0.5840787406623705,1037063000.0,392886000.0,143552000.0,170957000.0,644177000.0,14831000.0,-1542765000.0,678052650.0,1144502650.0,0.2708848715509039,0.8396965318764368,0.47396831243617793,1.251088101892152,-0.0183866863635047,0.2708848715509039,0.01575266107725905,21.73872751755314,27.38942680562288,1.7258254302774851,0.0,0.8747218663610006,0.0,0.03007628273306443,0.277871043595758,0.00596781487720611,-329.9526277372263,0.5840787406623705,-0.78665,1.0089035851801016,-0.1888698554966656,2.199043224609637,0.06687748887327243,-0.759846338908075,0.0913752659429382,-0.6823977529905825,-0.10040035586645774,0.10977199307014446,Telecom Services,Communication Services,GSAT
2019Q1,2019,Q1,2019-05-02,2019-03-31,25771000.0,30078000.0,-18331000.0,0.02,17076000.0,0.5677239178136845,1044908000.0,385375000.0,133205000.0,169293000.0,659533000.0,14415000.0,-1548954000.0,615100654.6,1071615654.6,0.2660845201122958,0.7868311152853337,0.4500759875510571,1.2203386312033733,-0.02106661141664087,0.2660845201122958,0.06687252675964969,20.45018467318306,5.966984736719569,1.5961093859228026,0.0,0.9019771071800208,0.0,0.02878530932866817,0.19971292374758554,0.02466341534374318,-4301.403179020979,0.5677239178136845,1.2857142857142858,1.0603198702427998,-0.14110310338725637,4.0425867131549245,-0.0823794937933258,1.2671871274092046,0.00412886401912316,1.6874155166893705,-0.009910734787023217,0.27707517094490647,Telecom Services,Communication Services,GSAT
2018Q4,2018,Q4,2019-02-28,2018-12-31,-96453000.0,31946000.0,-18407000.0,-0.07,18609000.0,0.5825142427846992,1045482000.0,358945000.0,122501000.0,159680000.0,686537000.0,14274000.0,-1574725000.0,823768557.4000001,1272007557.4,0.278739840744497,0.7671655811623247,0.44328931535884886,1.2911476688629178,-0.022382154443772347,0.278739840744497,-0.268712476841856,25.78628176923559,-2.1351553539029373,2.2949715343576313,0.0,0.9343561720610901,0.0,0.03055624104480039,0.21630135270541082,-0.0922569685561301,-48.67745419842818,0.5825142427846992,-12.081716376538422,0.7513417724773593,-0.07891633177813794,0.8609307291597169,-0.14782250309108394,-11.694422885020511,-0.02477452399510077,-1.8989453337647137,0.13091239071571692,0.2199944583875517,Telecom Services,Communication Services,GSAT
2018Q3,2018,Q3,2018-11-01,2018-09-30,9019000.0,35692000.0,-17962000.0,0.006316711023952934,21837000.0,0.6118177742911577,1057821000.0,392100000.0,115734000.0,162549000.0,665721000.0,13067000.0,-1478272000.0,629223161.6,1104108161.6,0.3100791132733789,0.7119945370319104,0.4682710969058092,1.2633180311145116,-0.020126273323396966,0.3100791132733789,0.023001785258862536,17.629249176286002,17.441599999999998,1.604751751083907,0.0,1.060304584066733,0.0,0.03374105826978288,0.25181945136543443,0.008526017161693707,67.72394377354429,0.6118177742911577,2.138099806011618,1.0234375999479073,-0.15688555486243744,-0.21661297953942107,0.09021467798302546,2.2862236166571592,-10.220739219712526,-0.6947333625289615,0.22949799299639836,0.21567985278698631,Telecom Services,Communication Services,GSAT
2018Q2,2018,Q2,2018-08-02,2018-06-30,-7012000.0,33726000.0,1948000.0,-0.005550225903376045,20030000.0,0.5939038130818953,1068436000.0,381343000.0,102005000.0,151882000.0,687093000.0,7742000.0,-1487291000.0,618925942.8,1094578942.8,0.3018453788749474,0.6716069053607405,0.45717197848069513,1.2808914808977745,0.0022472819403422982,0.3018453788749474,-0.018387645767720923,18.351596477495107,-22.066669381061036,1.6230163994094553,0.0,1.7690519245672953,0.0,0.03156576528683047,0.2152460462727644,-0.006562863849589494,-134.43222041702867,0.5939038130818953,-1.0925037650562675,0.9781911268036289,-0.3322236868120831,-0.644476708246283,0.14144062001367677,-1.0797452519049244,1.150331841333539,-1.0273738810143227,0.17100124689400265,0.36214009087486815,Telecom Services,Communication Services,GSAT
2018Q1,2018,Q1,2018-05-10,2018-03-31,87930000.0,28749000.0,-12958000.0,0.06,17548000.0,0.6103864482242861,1126749000.0,383991000.0,144061000.0,166454000.0,742758000.0,7671000.0,-1480279000.0,867856000.0,1339570000.0,0.30419080181504765,0.8654703401540366,0.46196979096497975,1.355563021008305,-0.014319232693538353,0.30419080181504765,0.22898974194707689,30.187345646805106,2.4674627544637784,2.260094637634736,0.0,1.460174683874332,0.0,0.025514999347680804,0.39633171927379335,0.07803867587191114,111.44933864132528,0.6103864482242861,4.0,2.3781574397153844,-0.41550856606215947,-0.6786014472922497,0.04939600526252841,4.893292007969891,0.572074898451174,1.5374011039696045,0.08427780306828327,8.69235037249435,Telecom Services,Communication Services,GSAT
2017Q4,2017,Q4,2018-02-23,2017-12-31,-22585000.0,29427000.0,-30281000.0,-0.02,16722000.0,0.5682536446120909,1129265000.0,291224000.0,136410000.0,160317000.0,838041000.0,7273000.0,-1571302000.0,1639892060.0,2112114060.0,0.2326393604222951,0.850876700537061,0.4550446529379729,1.7645042990962283,-0.037573141839088345,0.2326393604222951,-0.07755198747355987,55.72746321405512,-18.1524469780828,5.631033362634948,0.0,1.7468719923002887,0.0,0.026058542503309676,0.36650511174735056,-0.0199997343404781,-304.5296304549675,0.5682536446120909,-1.5,0.5961953948630051,-0.47690117518381403,-0.8004606993433766,-0.08312314946814343,-1.4309621035759263,-1.805614750301121,-1.1947798454012228,0.057020204129911496,1.9285597585564316,Telecom Services,Communication Services,GSAT
2017Q3,2017,Q3,2017-11-02,2017-09-30,52406000.0,30458000.0,-10793000.0,0.04,18238000.0,0.598791778842997,1107808000.0,197042000.0,48045000.0,184635000.0,910766000.0,8504000.0,-1548717000.0,1907088589.9999998,2451841590.0,0.16841297341095204,0.26021610203915835,0.5064018313642797,2.84708843799799,-0.01421989265553085,0.16841297341095204,0.26596360166867977,62.61371692166261,9.097663387780026,9.678589285533032,0.0,1.4369708372530574,0.0,0.02749393396689679,0.18336718390337695,0.04730603137005691,243.7173916932907,0.598791778842997,1.4444444444444446,1.4266719183900716,-0.5026660220833304,-0.8635002992524958,0.11827825127230364,1.530779670630178,0.1372501998401279,-0.6580929788002857,0.09686446551205118,12.446194923124704,Telecom Services,Communication Services,GSAT
2017Q2,2017,Q2,2017-08-03,2017-06-30,-98734000.0,28123000.0,-12510000.0,-0.09,16309000.0,0.5799167940831348,1109969000.0,91474000.0,38210000.0,223674000.0,1018495000.0,8814000.0,-1601123000.0,2404738050.0,2964586050.0,0.08102321997192168,0.17082897431082736,0.5123440384371095,6.2169140958086455,-0.018970317902190028,0.08102321997192168,-1.0793668146139888,85.5078778935391,-6.088930991350497,26.288760194153532,0.0,1.340367597004765,0.0,0.025336743638786307,0.10822446954049196,-0.08895203379553844,-1686.3520687237026,0.5799167940831348,-3.4999999999999996,-0.20520278040849083,-0.5269670919854806,-0.9410721722976896,0.20078044470622883,-3.897276920787659,0.17708196289961847,0.8175244010850513,-0.060457304582585365,1.3586407110414533,Telecom Services,Communication Services,GSAT
2017Q1,2017,Q1,2017-05-04,2017-03-31,-20161000.0,24652000.0,-15202000.0,-0.02,13582000.0,0.5509492130455946,1133930000.0,155405000.0,50133000.0,176107000.0,978525000.0,8851000.0,-1502389000.0,1782348800.0,2342072800.0,0.1395058026801488,0.2846735223472094,0.5143694937077244,3.753154660403462,-0.02061629279630424,0.1395058026801488,-0.1297319906051929,72.30037319487263,-22.101443380784684,11.469056980148643,0.0,1.2507061349000113,0.0,0.02174031906731456,0.20699347555747358,-0.017779757127865035,506.06155593412836,0.5509492130455946,0.8181818181818181,0.7362413213420881,-0.5274450677501055,-0.9065852738125791,-0.026798509601605045,0.8280086332653706,0.09533444417995715,0.9386474793742039,-0.08475903486600754,2.595201785746495,Telecom Services,Communication Services,GSAT
2016Q4,2016,Q4,2017-02-23,2016-12-31,-117221000.0,24395000.0,-16804000.0,-0.11,13956000.0,0.572084443533511,1132614000.0,161819000.0,38130000.0,172450000.0,970795000.0,8093000.0,-1482228000.0,1716876980.0,2282925980.0,0.14891807798599524,0.22110756741084373,0.5088044117413346,3.561256712746958,-0.022767631625493598,0.14891807798599524,-0.7243957755269776,70.3782324246772,-3.6616241543750694,10.60986027598737,0.0,1.2898801433337452,0.0,0.021538670721004686,0.14757320962597856,-0.10349598362725518,-1321.691285604311,0.572084443533511,-45.121593291404615,-0.14380998266019415,-0.5385012830196709,-0.9002875605848716,-0.05447154471544716,-44.487388436166086,-0.13825103298787508,0.6418711688303032,-0.16645281940943832,-0.005788958222281454,Telecom Services,Communication Services,GSAT
2016Q3,2016,Q3,2016-11-03,2016-09-30,-2577000.0,25544000.0,-14763000.0,-0.002385,14760000.0,0.5778264954588161,1148763000.0,254702000.0,44797000.0,119999000.0,894061000.0,9731000.0,-1365007000.0,1307178730.0,1879691730.0,0.23576685645734152,0.3733114442620355,0.5096116431326566,2.2984625169806283,-0.005098576556077335,0.23576685645734152,-0.010117706182126564,51.17361141559662,-126.8120615056267,5.132188714654773,0.0,1.1082108724694275,0.0,0.02223609221397277,0.24579371494762456,-0.0022432825569765045,267.80961483302605,0.5778264954588161,-1.2385,-0.035128569424105985,-0.6158022410010625,-0.8735770906175996,0.03484540419266634,-1.182778920490815,0.10042044969837305,0.9921613026755579,-0.293716146249218,-0.4043562197604798,Telecom Services,Communication Services,GSAT
2016Q2,2016,Q2,2016-08-04,2016-06-30,14099000.0,25086000.0,-16411000.0,0.01,14263000.0,0.5685641393605996,1156760000.0,256144000.0,42161000.0,116039000.0,900616000.0,9698000.0,-1362430000.0,1269751010.0,1836944010.0,0.24409056386574562,0.3633347409060747,0.5000708876517168,2.2583468673870946,-0.020305931385361648,0.24409056386574562,0.05504325691798363,50.6159216295942,22.514912582452656,4.957176471047536,0.0,1.1160032996494123,0.0,0.021686434524015353,0.2364118960004826,0.012188353677513053,-233.28146426602976,0.5685641393605996,1.3333333333333335,1.2817022371608515,-0.6288623442218564,-0.8692047484026445,0.18198392309604708,1.5232122314172265,-0.0454197987004714,1.052793162829304,-0.40200762943825674,-0.7125022053508955,Telecom Services,Communication Services,GSAT
2016Q1,2016,Q1,2016-05-05,2016-03-31,-26947000.0,21836000.0,-15698000.0,-0.03,12067000.0,0.5526195273859681,1167256000.0,216903000.0,42060000.0,110933000.0,950353000.0,11355000.0,-1376529000.0,1530311160.0,2106302160.0,0.20835462638853133,0.3791477738815321,0.5036170300259755,2.7101976459523383,-0.019643878761224854,0.20835462638853133,-0.1242352572348008,70.08202784392746,-14.197416781088803,7.055278903472981,0.0,0.8603258476442096,0.0,0.018707121659687336,0.23711609710365716,-0.023085766961146482,-2164.5136633663365,0.5526195273859681,0.0,-0.17316333929724884,-0.6632568264998803,-0.8851722852969882,-0.04138862408643152,-0.004885143198090692,0.013510965876955949,0.4878646660933662,-0.461679336411837,-0.7798589734743078,Telecom Services,Communication Services,GSAT
2015Q4,2015,Q4,2016-02-26,2015-12-31,-26816000.0,22767000.0,-15913000.0,-0.03,12588000.0,0.5529055211490315,1232921000.0,237131000.0,38491000.0,107031000.0,995790000.0,12023000.0,-1349582000.0,1494547200.0,2126098200.0,0.22847631710795083,0.3596247816053293,0.5183032813943472,2.6948269100201996,-0.018822194156731278,0.22847631710795083,-0.1130851723309057,65.64532876531823,-13.93335322195704,6.302622601009568,0.0,0.8466272976794478,0.0,0.0184659033303837,0.20566004241761732,-0.021749974248147286,-209.52575353988505,0.5529055211490315,-2.5,0.5812811204841584,-0.610987669033472,-0.8749469196824979,-0.031915711758824884,-2.112789443107312,0.010939150972714277,0.4217149115034523,-0.5118645070041145,-0.8040314225006256,Telecom Services,Communication Services,GSAT
2015Q3,2015,Q3,2015-11-05,2015-09-30,24098000.0,23678000.0,-16089000.0,0.02,13003000.0,0.5491595573950503,1267309000.0,263075000.0,59823000.0,103648000.0,1004234000.0,12080000.0,-1322766000.0,1619294860.0,2229800860.0,0.2550664244064852,0.5771746681074406,0.5038068852979029,2.4269847001805567,-0.01776109368669395,0.2550664244064852,0.09160125439513447,68.3881603175944,16.79905863557142,6.155259374703031,0.0,0.8836920529801324,0.0,0.018683683300599933,0.4054492127199753,0.019015094187763204,261.93705273374314,0.5491595573950503,-0.8823529411764707,1.274254399312136,-0.6378072720879714,-0.8663625017545439,0.08241072171813868,-0.8823150214634194,0.0762473445484297,1.2225620057194428,-0.5614200803523504,-0.7932671699984547,Telecom Services,Communication Services,GSAT
2015Q2,2015,Q2,2015-08-10,2015-06-30,204767000.0,23023000.0,-17417000.0,0.17,12013000.0,0.5217825652608261,1260282000.0,223794000.0,49219000.0,90234000.0,1036488000.0,11973000.0,-1346864000.0,2130924869.9999998,2747128870.0,0.22159642822132908,0.5454595828623358,0.4991541575615616,2.810955610963654,-0.020411093091535278,0.22159642822132908,0.9149798475383611,92.55635104026408,2.6016458584635216,9.521814123703049,0.0,0.919569030318216,0.0,0.01826813363993138,0.32719374071857615,0.16247712813481427,-376.421987281399,0.5217825652608261,2.307692307692308,3.971244612396794,-0.6350836445358397,-0.8898862881360508,0.14879984699244525,2.57844550479083,-0.013500145475705556,3.7941894569620125,-0.5670934961925332,-0.8388339028466264,Telecom Services,Communication Services,GSAT
2015Q1,2015,Q1,2015-05-08,2015-03-31,-129727000.0,21022000.0,-17185000.0,-0.13,10457000.0,0.4974312624869185,1258669000.0,-39578000.0,49822000.0,79045000.0,1298247000.0,13584000.0,-1551631000.0,3332813850.0,3952261850.0,-0.03954458482582218,0.6302991966601303,0.5029940357631753,-15.996336348476426,-0.029005107535245784,-0.03954458482582218,3.2777553186113497,158.53933260393873,-6.422745168700425,-84.20874854717268,0.0,0.7777532391048292,0.0,0.016701769885490148,0.3663103295591119,-0.10306681105199222,4559.252872777018,0.4974312624869185,-2.625,-0.0014242636427243308,-0.6285440427653994,-1.0193131518082246,3.878337462152491,-2.409815577556321,0.46615513652884344,-0.888995639092714,-0.5514818060946649,-1.0264795190789944,Telecom Services,Communication Services,GSAT
2014Q4,2014,Q4,2015-03-02,2014-12-31,92017000.0,22093000.0,-32191000.0,0.08,-3633000.0,-0.16444122572760603,1268420000.0,78916000.0,44814000.0,79243000.0,1189504000.0,14734000.0,-1421904000.0,2731924250.0,3354893250.0,0.07943814693983554,0.56552629254319,0.4967518645243689,7.9843124334735665,-0.04558829290326339,0.07943814693983554,1.166011962086269,123.65564884805141,7.422335682536922,34.61812876983121,0.0,1.7460295914212027,0.0,0.017417732296873274,0.2793432858422826,0.07254458302455023,-509.3072800149142,-0.16444122572760603,-0.2727272727272727,1.7527557162921412,-0.6143332402361735,-0.9627438354165857,-1.3095339524580387,-0.28883994126284873,-0.7791963742883988,1.9821157185334326,-0.5428376048486551,-0.9468098734477802,Telecom Services,Communication Services,GSAT
2014Q3,2014,Q3,2014-11-06,2014-09-30,129390000.0,23441000.0,-18093000.0,0.11,11737000.0,0.5007038948850305,1319960000.0,-14532000.0,80367000.0,90204000.0,1334492000.0,29277000.0,-1513921000.0,3614864880.0,4218684880.0,-0.01471344621876987,0.8909471863775442,0.47807585078335707,-43.42423616845582,-0.02932733084484963,-0.01471344621876987,-8.903798513625103,154.21120600656968,6.984436355205194,-248.75205615194056,0.0,0.3997677357652765,0.0,0.017758871480953967,0.4815529244822846,0.09802569774841662,950.7798211467649,0.5007038948850305,1.2291666666666667,4.4377862513324615,-0.8038195181762384,-1.0035134332212026,1.2463157894736843,1.298319230857907,0.2772917914919113,57.848526022914584,-0.614361241689946,-1.0078896444817083,Telecom Services,Communication Services,GSAT
2014Q2,2014,Q2,2014-08-11,2014-06-30,-433730000.0,23994000.0,-25035000.0,-0.48,5225000.0,0.21776277402684005,1327358000.0,-204454000.0,78366000.0,87288000.0,1531812000.0,28633000.0,-1643311000.0,3846224500.0,4454511500.0,-0.2259175198951595,0.8977866373384658,0.4761993373302455,-3.0915853932914006,-0.05867468153071262,-0.2259175198951595,2.1214062820976847,160.29942902392264,-2.216946314527471,-18.812175354847547,0.0,0.6555023923444976,0.0,0.01807650987902284,0.46474887727980935,-0.3267618833803691,-1537.874650139944,0.21776277402684005,-0.6551724137931035,-3.662382634402755,-0.7741445170232524,-1.0501906470980238,-0.5036101083032491,-0.7311737400265825,-0.21676792223572297,-9.048678335758359,-0.5883825729753747,-1.1210572763934883,Telecom Services,Communication Services,GSAT
2014Q1,2014,Q1,2014-05-08,2014-03-31,-250541000.0,20536000.0,-20575000.0,-0.29,10526000.0,0.5125633034670822,1349992000.0,-74276000.0,81776000.0,179057000.0,1424268000.0,29521000.0,-1209579000.0,2250700650.0,2895363650.0,-0.08745338923681388,0.45670373121408264,0.49204587879039285,-8.943104098228229,-0.03490083056829883,-0.08745338923681388,3.373108406483925,109.5978111608882,-2.2458406508316004,-30.3018559157736,0.0,0.339080654449375,0.0,0.015211941996693314,0.1981547775289433,-0.18558702570089305,667.6655740136458,0.5125633034670822,0.19444444444444448,-0.7436365182485519,-0.7949183311838219,-1.0268905283161107,1.124318869828456,-0.06705821223530213,0.2331917113893858,-12.369569261305072,-0.6118209268992802,-1.0481970235226274,Telecom Services,Communication Services,GSAT
2013Q4,2013,Q4,2014-03-11,2013-12-31,-234796000.0,20994000.0,-26832000.0,-0.36,4955000.0,0.23601981518529103,1372608000.0,116755000.0,81366000.0,140040000.0,1255853000.0,31817000.0,-959038000.0,1364095250.0,2015969250.0,0.1497851781244748,0.5810197086546701,0.4875987900405651,5.732362639715644,-0.03425206411897622,0.1497851781244748,-2.011014517579547,64.97548108983518,-1.4524259889435935,11.68339899790159,0.0,0.5041015809158625,0.0,0.015294971324660792,0.2365824050271351,-0.17105830652305684,-147.9175070483626,0.23601981518529103,-0.2,-0.3872134688454156,-0.8117176886458923,-0.952834262056171,-0.5151663405088063,-0.1455195663734516,-0.1886240808009214,-3.881572405727522,-0.5223681839017457,-0.9180173326169242,Telecom Services,Communication Services,GSAT
2013Q3,2013,Q3,2013-11-14,2013-09-30,-204969000.0,22549000.0,-22574000.0,-0.3,10220000.0,0.45323517672624064,1389774000.0,266602000.0,68152000.0,142635000.0,1123172000.0,37482000.0,-724242000.0,734165140.0,1403212140.0,0.39581854839907,0.4778069898692467,0.48618696277236445,2.534452104635374,-0.023970280195298597,0.39581854839907,-0.7688201888958073,32.558656259701095,-0.8954587522991283,2.7537870683640784,0.0,0.3289312203190865,0.0,0.01622494017012838,0.1618606933782031,-0.1474836915930216,209.52201484018263,0.45323517672624064,-0.19999999999999996,0.013357156526057793,-0.8742162036823264,-0.9118965446939342,0.13015592170739798,-0.6232339711099848,-0.15167593490128053,-2.5720687474713384,-0.4718211334013236,-0.7926179398551417,Telecom Services,Communication Services,GSAT
2013Q2,2013,Q2,2013-08-14,2013-06-30,-126272000.0,19835000.0,-19601000.0,-0.25,9043000.0,0.45591126796067555,1374704000.0,421256000.0,134189000.0,730076000.0,953448000.0,38109000.0,-519272000.0,285297175.0,991842175.0,0.849017169553116,0.18380141245568954,0.5184985276830503,1.6920399946825684,-0.017300557480343412,0.849017169553116,-0.2997512201606624,14.383522813208973,-0.5648464722978965,0.6772536770989611,0.0,0.28318769844393715,0.0,0.014428560621050059,0.028961368405481074,-0.09185395546968657,-175.7838416512631,0.45591126796067555,-3.9462576760507218,-1.910298129417296,-0.8539428506407625,-0.82316035639475,0.019963907060681255,-4.035170268761465,-0.0658510059815117,-2.7294222288261336,-0.3600888518783135,-0.578113994317896,Telecom Services,Communication Services,GSAT
2013Q1,2013,Q1,2013-05-10,2013-03-31,-25078000.0,19333000.0,-18390000.0,-0.05054326247709954,8866000.0,0.45859411369161535,1390602000.0,469604000.0,131116000.0,770140000.0,920998000.0,39823000.0,-393000000.0,143889010.0,897804010.0,0.9464597747944753,0.17024956501415328,0.5430849373149182,1.6081954157119616,-0.015076384872085298,0.9464597747944753,-0.05340244120578189,7.44266332178141,-1.434414726054709,0.3064049922913774,0.0,0.2628380584084574,0.0,0.013902611962301218,0.020354740696496742,-0.018033916246345108,-186.3847279792746,0.45859411369161535,-0.010865249541990724,0.37193807012631463,-0.8548590892830827,-0.8082337468150946,-0.04605121583817517,-0.3232376530181511,0.032308987581561775,0.6095028845654313,-0.31091984268533907,-0.537759180138171,Telecom Services,Communication Services,GSAT
2012Q4,2012,Q4,2013-03-15,2012-12-31,-18952000.0,19062000.0,-19004000.0,-0.05,9294000.0,0.48756688700031475,1403775000.0,494544000.0,154549000.0,761160000.0,909231000.0,42181000.0,-367922000.0,129374900.0,868611900.0,1.1658824084115234,0.20304403804719112,0.535006678420687,1.5186292827331844,-0.015299212601402035,1.1658824084115234,-0.03832217153579864,6.787058021193999,-1.7066127585479105,0.2616044275130221,0.0,0.23157345724378275,0.0,0.013579099214617727,0.0338115507908981,-0.013500739078556036,3.3256619196956456,0.48756688700031475,0.5,0.7744761723890027,-0.8437924476246118,-0.7629735051961976,-0.09582644226092032,0.5398659803826357,-0.07640894930614557,0.6368995296759257,-0.22068730076973528,-0.45320593989201835,Telecom Services,Communication Services,GSAT
2012Q3,2012,Q3,2012-11-14,2012-09-30,-41188000.0,20537000.0,-17655000.0,-0.1,10279000.0,0.5005112723377318,1404109000.0,484073000.0,150987000.0,762873000.0,920036000.0,43045000.0,-348970000.0,188285885.6,929179885.6,1.2337973818893624,0.1979189196629059,0.5285294802611478,1.5330600963077883,-0.014417907853865953,1.2337973818893624,-0.085086340283387,9.168129989774553,-1.1428443090220453,0.38896175907352815,0.0,0.2383087466604716,0.0,0.014626357355447477,0.019426562481566396,-0.0293339049888577,-218.93707627906977,0.5005112723377318,-0.4285714285714285,-13.558897606257386,-0.8410592998397137,-0.7597346136250811,-0.014855280812727622,-0.4959503141684524,0.5932402543544374,-1.75481747462892,-0.5673261653247192,-0.7053807350562888,Telecom Services,Communication Services,GSAT
2012Q2,2012,Q2,2012-08-09,2012-06-30,-27533000.0,19981000.0,-43404000.0,-0.07,10434000.0,0.5221960862819679,1417084000.0,521704000.0,71427000.0,190272000.0,895380000.0,41154000.0,-307782000.0,121418560.0,855561560.0,1.3749568435006971,0.3753941725529768,0.5214673230380132,1.4164411237023293,-0.03461546417855577,1.3749568435006971,-0.052775136859215185,6.076700865822532,-1.1024821123742419,0.23273457746154907,0.0,0.23198231034650338,0.0,0.01410008157596868,0.08724878069290279,-0.019429335169968753,-13.94653801975649,0.5221960862819679,0.0,0.567278408471667,-0.8457983199485595,-0.6666097297335525,0.2412562455389008,-0.12265035677879714,-1.9071667782987274,0.2940847155240228,-0.5514035796336981,-0.6945346525617789,Telecom Services,Communication Services,GSAT
2012Q1,2012,Q1,2012-05-10,2012-03-31,-24525000.0,16738000.0,-14930000.0,-0.07,8406000.0,0.5022105388935356,1424645000.0,533769000.0,68578000.0,80022000.0,890876000.0,41239000.0,-280250000.0,250192599.99999997,975184600.0,1.4934026825733455,0.856989327934818,0.5143225154336695,1.3727417665694337,-0.011864381835575599,1.4934026825733455,-0.04594684217329969,14.947580356075992,-2.5503832823649337,0.46872823262497443,0.0,0.20204175658963602,0.0,0.011748891829192535,0.24631976206543202,-0.017214814918804333,-10.764212881297594,0.5022105388935356,0.2577869411729804,-12.382338706530756,-0.8510354278852118,-0.6160201243532767,14.84843492586491,0.2724494942003619,0.32956127351924197,0.5944152586975866,-0.6027993113838661,-0.5408023922966564,Telecom Services,Communication Services,GSAT
2011Q4,2011,Q4,2012-03-13,2011-12-31,-33709000.0,17387000.0,-22269000.0,-0.09431254161793753,-607000.0,-0.03491114050727555,1420405000.0,533795000.0,69473000.0,91580000.0,886610000.0,41848000.0,-255724000.0,193005720.0,906942720.0,1.4934754265314003,0.7586044987988644,0.509634928066291,1.3561161119905583,-0.017562572071138476,1.4934754265314003,-0.06314971103138846,11.100576292632427,-1.431410899166395,0.361572738598151,0.0,0.42998470655706367,0.0,0.012240874961718665,0.24398340248962655,-0.023731963770896328,-20.890325792834723,-0.03491114050727555,-39.92596492091273,-8.515431076678798,-0.8774461342526509,-0.5780665789633257,-1.0869129438717067,-48.499265785609396,-0.04119132223676828,0.5656611275370725,-0.6599293042217055,-0.5297206874849107,Telecom Services,Communication Services,GSAT
2011Q3,2011,Q3,2011-11-09,2011-09-30,-681000.0,18187000.0,-21388000.0,-0.002304467146961386,6984000.0,0.38401055699125747,1406799000.0,551104000.0,85691000.0,100166000.0,855695000.0,59370000.0,-222013000.0,120864816.99999999,832664817.0,1.86490611242145,0.855489886787932,0.5102932259690262,1.3026216467309255,-0.016326978317457563,1.86490611242145,-0.0012357014284055277,6.645670918788144,-44.37034397944199,0.21931398973696434,0.0,0.18869799562068384,0.0,0.012927930713627177,0.19268015094942395,-0.0004840776827393252,-6.100278453540604,0.38401055699125747,0.9539106570607723,-1.0536447650025798,-0.8999974590123074,0.046245276175725096,-0.09416342412451362,0.9515922661359113,-0.2717326673801879,0.9925284695584995,-0.7687673539946502,-0.584899007410644,Telecom Services,Communication Services,GSAT
2011Q2,2011,Q2,2011-08-05,2011-06-30,-14068000.0,18999000.0,-16818000.0,-0.05,7710000.0,0.4058108321490605,1416352000.0,550461000.0,119311000.0,96205000.0,865891000.0,65082000.0,-221334000.0,362804490.0,1045682490.0,1.8662035577343599,1.2401746270983836,0.4991456925961908,1.2843162367542842,-0.013452386962171216,1.8662035577343599,-0.025556760606110153,19.095978209379442,-6.447335975263008,0.6590920882678337,0.0,0.17345809901355214,0.0,0.013414038318158197,0.41051920378358714,-0.00993255913784144,-6.022750875678547,0.4058108321490605,-1.5,-1.272956553943006,-0.8838904973907916,0.058846745485082785,-0.07320591417237649,-1.1756882152799257,-0.31802507836990596,0.45458777829863206,-0.7646666684907036,-0.6112931706454174,Telecom Services,Communication Services,GSAT
2011Q1,2011,Q1,2011-05-05,2011-03-31,-6466000.0,18254000.0,-12760000.0,-0.02,8319000.0,0.4557357291552536,1357318000.0,531744000.0,96343000.0,67435000.0,825574000.0,56434000.0,-207266000.0,372177310.0,1042872310.0,1.8144977188426668,1.4286794691184104,0.500213656637575,1.2768343413371848,-0.010718445885822657,1.8144977188426668,-0.012159986760546429,20.38880848033308,-14.389781549644294,0.6999182125233194,0.0,0.17604635503419924,0.0,0.013448580214805963,0.3538815155334767,-0.004763806270895988,-84.68198179749716,0.4557357291552536,0.6758801083890947,-1.0101309678213204,-0.978804616244179,-0.8107277353939476,2.236842105263158,0.642426588508544,0.5571136024435112,0.725824447972793,-0.7679764356948622,-0.6323568753562973,Telecom Services,Communication Services,GSAT
2010Q4,2010,Q4,2011-03-31,2010-12-31,-18083000.0,16525000.0,-28811000.0,-0.06170556179257677,-6726000.0,-0.4070196671709531,1386808000.0,535418000.0,118879000.0,94456000.0,851390000.0,55635000.0,-200800000.0,424926850.0,1056452850.0,1.8270347002078122,1.2585648344202591,0.4791888999775023,1.2411667146042904,-0.024399902855971364,1.8270347002078122,-0.033773612392560576,25.71418154311649,-5.874673035447658,0.793635720128946,0.0,0.4179203738653725,0.0,0.011915852807310024,0.49428305242652665,-0.013039295994831297,-24.33298116016721,-0.4070196671709531,0.314382646749147,-1.0601550629471255,-0.9886492026418505,-0.7363095528476972,-1.9749239020147848,0.26170742661168495,-1.16412529106888,0.6885331113827372,-0.8039896308711056,-0.6285597691921624,Telecom Services,Communication Services,GSAT
2010Q3,2010,Q3,2010-11-09,2010-09-30,-24493000.0,18223000.0,-13313000.0,-0.09,6899000.0,0.37858749931405367,1369566000.0,548739000.0,147414000.0,89016000.0,820827000.0,63228000.0,-182717000.0,500253480.0,1068302480.0,1.908644113780078,1.656039363709895,0.45671475489315594,1.1398879977548524,-0.011341250310977605,1.908644113780078,-0.044635063299674343,27.45176315645064,-5.106086228718409,0.9116419281297666,0.0,0.17909786803314987,0.0,0.01330567493643972,0.7900265120877146,-0.01788376755848203,4.008312874587353,0.37858749931405367,-0.28571428571428553,-1.1660878704917987,-0.9744818871050047,0.0,-0.029812965827591055,-0.272429736609694,-0.4818566340160285,-11.191754254022154,-0.8075383790643896,-0.6283173216437354,Telecom Services,Communication Services,GSAT
2010Q2,2010,Q2,2010-08-06,2010-06-30,-19249000.0,17622000.0,-8984000.0,-0.07,7111000.0,0.40352967881057766,1340248000.0,567667000.0,171055000.0,52906000.0,772581000.0,59366000.0,-158224000.0,434403200.0,968002200.0,2.012432643221781,3.2331871621366197,0.46318815622183357,1.0935759873306006,-0.00757317081722234,2.012432643221781,-0.03390896423431343,24.651186017478153,-5.641893085355083,0.765243003380503,0.0,0.17705420611124212,0.0,0.013148312849562171,1.8516047329225418,-0.01436226728187619,-10.565050952160906,0.40352967881057766,0.4615384615384615,-1.2823033881734085,-0.9747999571093195,0.0,0.30692887336886604,0.4599349082543067,-0.03729361505599815,0.5930640971788085,-0.8170679138034334,-0.5120388934473559,Telecom Services,Communication Services,GSAT
2010Q1,2010,Q1,2010-05-07,2010-03-31,-35642000.0,15571000.0,-8661000.0,-0.13,5441000.0,0.34943163573309355,1319586000.0,563833000.0,182915000.0,61767000.0,755753000.0,62375000.0,-138975000.0,374503200.0,869130200.0,2.0475469368486037,2.96137095860249,0.4482337642260527,1.0490393432097802,-0.007510135724898644,2.0475469368486037,-0.06321375300842626,24.051326183289447,-2.626839122383705,0.6642094379009388,0.0,0.16240480961923848,0.0,0.011799913003017613,1.7103631388929363,-0.027009986465452045,-3.866917231125062,0.34943163573309355,-0.05648978869082753,-4.235828158477685,-0.9792245550712647,0.0,0.062280359234673954,-0.0518828945815134,0.27046832884097033,-22.470608372420795,-0.820131244257826,-0.4735399719269337,Telecom Services,Communication Services,GSAT
2009Q4,2009,Q4,2010-03-12,2009-12-31,-33884000.0,15879000.0,-11872000.0,-0.12304898863347496,5122000.0,0.32256439322375463,1257996000.0,587148000.0,153728000.0,129892000.0,670848000.0,61719000.0,-95702000.0,239571900.0,637500900.0,2.1322148382176707,1.1835062975394943,0.3702793967548387,0.7933434159700791,-0.01129290083822512,2.1322148382176707,-0.05770947018468938,15.087341772151898,-1.7675886849250384,0.4080264260459033,0.0,0.17428992692687828,0.0,0.012622456669178599,0.5949019185169218,-0.026934902813681442,-3.8075635727908455,0.32256439322375463,-2.076224715836874,-1.119957090443625,-0.9883925292473194,-0.692263817402898,-0.1636185499673416,-5.139518028628375,-0.016699494733236276,-11.414723962588814,-0.8547268661825453,-0.3976113131209757,Telecom Services,Communication Services,GSAT
2009Q3,2009,Q3,2009-11-06,2009-09-30,-5519000.0,17521000.0,-11677000.0,-0.04,6124000.0,0.3495234290280235,1217933000.0,606502000.0,216311000.0,96992000.0,611431000.0,59006000.0,-61818000.0,110068520.0,442102520.0,4.18776885525489,2.2301942428241506,0.38075411373203616,0.7646025899337513,-0.011095648827469802,4.18776885525489,-0.009099722671977999,6.282091204839906,-4.985890559884037,0.1814808854711114,0.0,0.19314984916788122,0.0,0.014385848811059393,1.4657600626855822,-0.004531447953212533,-0.517125071060433,0.3495234290280235,0.6,-1.0742929603332776,-0.9512943992455986,0.0,0.43251461988304096,0.5989681732306351,0.07332751368938974,-1.887090003940843,-0.803421546446253,1.349412312685955,Telecom Services,Communication Services,GSAT
2009Q2,2009,Q2,2009-08-10,2009-06-30,-13762000.0,15716000.0,-12601000.0,-0.1,4275000.0,0.27201578009671673,962886000.0,602619000.0,104669000.0,216504000.0,360267000.0,55469000.0,-56299000.0,140574000.0,275537000.0,4.501187630714072,0.48345065218194583,0.15682022586266703,0.250572915888812,-0.01649058290381669,4.501187630714072,-0.02283698323484656,8.944642402646984,-2.553662258392676,0.2332717687294958,0.0,0.20625935207052587,0.0,0.016321766024223014,0.11060765620958504,-0.014292449988887573,-22.380831077853845,0.27201578009671673,0.411764705882353,-1.4252517042765114,-0.9526473057342464,0.0,1.4289772727272727,0.3674970125930692,0.2856980896774559,-1.5882941888920492,-0.7883925858818679,1.5538842501112198,Telecom Services,Communication Services,GSAT
2009Q1,2009,Q1,2009-05-11,2009-03-31,-21758000.0,15163000.0,-17641000.0,-0.17,1760000.0,0.11607201741080261,844831000.0,418259000.0,77241000.0,138039000.0,426572000.0,53323000.0,-42537000.0,45012800.0,330639800.0,3.2522004851953223,0.5595592549931541,0.3416896397030885,0.6901704446288065,-0.024988870241297235,3.2522004851953223,-0.05202039884377862,2.9685946052891907,-0.5171982718999908,0.10761944154220231,0.0,0.25135495002156666,0.0,0.017947968291883228,0.06758959424510465,-0.02575426327869124,-0.74434541034842,0.11607201741080261,0.2170966124758289,-5.2295191589947745,-0.9566820791144358,0.0,-0.5518207282913166,0.22086944066461361,-0.0599651505137295,-1.0776805684864001,-0.9598813269472499,-0.6607593691666718,Telecom Services,Communication Services,GSAT
2008Q4,2008,Q4,2009-03-31,2008-12-31,-27926000.0,18397000.0,-16643000.0,-0.21714045782532967,3927000.0,0.2134587160950155,803038000.0,408423000.0,92416000.0,114641000.0,394615000.0,55105000.0,-73630000.0,25721600.0,308418600.0,3.175720017417268,0.8061339311415636,0.36742221414179654,0.7224225863871525,-0.022260071112235515,3.175720017417268,-0.06837518944819464,1.3981410012502038,-0.2302657022129915,0.06297784404893945,0.0,0.26258960166954,0.0,0.022909252115092933,0.1956717055852618,-0.034775440265591415,-0.31627380820637674,0.2134587160950155,0.299546910240872,-1.2116842879213805,-0.9712054631295668,-0.5416578397071334,-0.44930584770719395,-0.06983871585641498,0.045535355852497565,-1.2116842879213805,-0.9712054631295668,-0.5416578397071334,Telecom Services,Communication Services,GSAT
2008Q3,2008,Q3,2008-11-10,2008-09-30,-26103000.0,22525000.0,-17437000.0,-0.31,7131000.0,0.31658157602663706,819577000.0,380218000.0,109849000.0,98354000.0,439359000.0,64849000.0,-45704000.0,143872700.0,415935700.0,4.492656355236261,1.116873741789861,0.34774035874603604,0.7495699835357611,-0.028433503777145236,4.492656355236261,-0.06865272028152271,6.387245283018868,-1.3779326131096041,0.3783952890184052,0.0,0.23738222640287437,0.0,0.027483689757033202,0.2868820790206804,-0.031849356436308,-1.7892611523585669,0.31658157602663706,-2.4444444444444446,-1.6013090708983493,-0.8928468662801691,0.0,-0.28151133501259445,-2.552395209580838,-0.44369928796158303,-1.6013090708983493,-0.8928468662801691,0.0,Telecom Services,Communication Services,GSAT
2008Q2,2008,Q2,2008-08-11,2008-06-30,-7348000.0,22999000.0,-12078000.0,-0.09,9925000.0,0.4315405017609461,743226000.0,403428000.0,118831000.0,54305000.0,339798000.0,62441000.0,-19601000.0,237802070.0,462206070.0,4.801056778017113,2.188214713193997,0.3363714401810486,0.6196892630159533,-0.01855729558234172,4.801056778017113,-0.0182139068185649,10.33966998565155,-8.090707335329341,0.5894535580078726,0.0,0.20938165628353164,0.0,0.030944827010895744,0.6823865205782156,-0.00988662936980138,-2.858335376700803,0.4315405017609461,-0.12499999999999993,-1.3617596838223722,-0.8895926118670949,0.0,0.032348658206781775,-0.10746043707611153,-0.04553324099722992,-1.3617596838223722,-0.8895926118670949,0.0,Telecom Services,Communication Services,GSAT
2008Q1,2008,Q1,2008-05-12,2008-03-31,-6635000.0,22134000.0,-11552000.0,-0.08,9614000.0,0.43435438691605677,656679000.0,406921000.0,104081000.0,63142000.0,249758000.0,57914000.0,-12253000.0,601045920.0,736579920.0,4.935486609741898,1.6483640049412436,0.22842210577770874,0.3686219192423099,-0.021274891897021052,4.935486609741898,-0.016305376227818177,27.154871238818107,-22.646794272795777,1.4770580038877326,0.0,0.216182615602445,0.0,0.0337059659285587,0.43609641759842893,-0.010103871145567317,-8.378231087692887,0.43435438691605677,0.5961895432839476,-3.0118741509800118,-0.9013651851220859,0.0,-0.3086934637233048,0.5937920901187707,-0.47723785166240407,-3.0118741509800118,-0.9013651851220859,0.0,Telecom Services,Communication Services,GSAT
2007Q4,2007,Q4,2008-03-17,2007-12-31,-16334000.0,23719000.0,-7820000.0,-0.1981127498544537,13907000.0,0.5863232008094776,512975000.0,405544000.0,119180000.0,46933000.0,107431000.0,54939000.0,-5618000.0,659584000.0,672030000.0,4.918785173685232,2.53936462616922,0.0974706369706126,0.12329118418716588,-0.02063542582395647,4.918785173685232,-0.04027676405026335,27.8082549854547,-10.09526141790131,1.6264178486181524,0.0,0.17859808150858225,0.0,0.0462381207661192,1.0643470479193744,-0.031841707685559724,-17.692229285695127,0.5863232008094776,-20.811274985445372,-1.1931346963209477,-0.9420908321912023,-0.2900864653815015,-0.07231005269828564,-26.052147239263803,-21.86549707602339,-1.1931346963209477,-0.9420908321912023,-0.2900864653815015,Telecom Services,Communication Services,GSAT
2007Q3,2007,Q3,2007-11-14,2007-09-30,652000.0,25688000.0,-342000.0,0.01,14991000.0,0.5835798816568047,457894000.0,400542000.0,113763000.0,46148000.0,57352000.0,46288000.0,10715000.0,592801124.8,556892124.8,5.135144102547088,2.4651772557857328,0.000939081970936505,0.001073545346056094,-0.0003517448804339042,5.135144102547088,0.0016277943386711006,23.076966863905323,227.30104478527605,1.4799974155019946,0.0,0.23109661251296232,0.0,0.05610032016143474,1.1124425760596341,0.0014239103373269795,-12.028511348740944,0.5835798816568047,1.0588235294117647,-0.9837037014087882,-0.867411940256221,0.0,0.03087608306972906,1.0513911878300624,0.9784688995215312,-0.9837037014087882,-0.867411940256221,0.0,Telecom Services,Communication Services,GSAT
2007Q2,2007,Q2,2007-08-14,2007-06-30,-12687000.0,25837000.0,-15884000.0,-0.17,14542000.0,0.5628362425978248,373624000.0,312022000.0,79930000.0,53615000.0,61602000.0,36054000.0,10063000.0,783049867.1999999,773457867.1999999,4.124166078397619,1.4908141378345612,0.0012900670192492988,0.0015447628692848582,-0.04654325019370897,4.124166078397619,-0.04066059444526347,30.307306080427292,-15.430162118704184,2.509598256533193,0.0,0.31328007988017975,0.0,0.06915240990942766,0.49396624079082346,-0.03395659807721131,-10.778090998183119,0.5628362425978248,-29.236008716216222,-1.6937293716682775,-0.8622437243535171,0.0,0.09174174174174174,-29.574324324324323,-26.10580204778157,-1.6937293716682775,-0.8622437243535171,0.0,Telecom Services,Communication Services,GSAT
2007Q1,2007,Q1,2007-05-15,2007-03-31,444000.0,23154000.0,-586000.0,0.006020680957729246,13320000.0,0.5752785695776108,346691000.0,286451000.0,97734000.0,50161000.0,60240000.0,43878000.0,22750000.0,780706408.8,761989408.8,3.8892733116756757,1.9484061322541417,0.002024857870553317,0.0024506809192497148,-0.0011311877989693758,3.8892733116756757,0.0015500033164485374,33.717992951541845,439.58694189189185,2.725444871199612,0.0,0.2241214275946944,0.0,0.06678569677320727,0.7237893981379957,0.0012806793369311577,-42.33306630517297,0.5752785695776108,1.6074417432203856,-0.8492903367081979,-0.8844966439946076,0.0,-0.26008221308743473,1.6082191780821917,-1.514486391571554,-0.8492903367081979,-0.8844966439946076,0.0,Telecom Services,Communication Services,GSAT
