Quarters,Year,Quarter,FillingDate,Date,NetIncome,Revenue,OperatingIncome,EPSDiluted,GrossProfit,GrossProfitRatio,TotalAssets,CommonStockEquity,CurrentAssets,CurrentLiability,TotalLiability,Inventory,RetainedEarnings,MarketCap,EnterpriseValue,bookValuePerShare,currentRatio,debtToAssets,debtToEquity,roic,shareholdersEquityPerShare,roe,priceToSalesRatio,peRatio,pbRatio,payoutRatio,inventoryTurnover,dividendYield,assetTurnover,quickRatio,returnOnAssets,priceToFreeCashFlowsRatio,grossProfitMargin,epsdilutedGrowth,fiveYNetIncomeGrowthPerShare,fiveYRevenueGrowthPerShare,fiveYShareholdersEquityGrowthPerShare,grossProfitGrowth,netIncomeGrowth,operatingIncomeGrowth,threeYNetIncomeGrowthPerShare,threeYRevenueGrowthPerShare,threeYShareholdersEquityGrowthPerShare,Industry,Sector,Symbol
2023Q1,2023,Q1,2023-05-22,2023-03-31,-10061000.0,12213000.0,-9561000.0,-0.56,5764000.0,0.4719561123,95853000.0,7492000.0,60720000.0,76898000.0,88361000.0,13278000.0,-78638000.0,27957294.580000002,33628294.58,0.42072883577277814,0.7896174152773804,0.24015941076439964,3.0726107848371598,-0.30923961800442007,0.42072883577277814,-1.3428990923651896,2.2891422729878,-0.6946947266673293,3.7316196716497596,0.0,0.48569061605663505,0.0,0.1274138524615818,0.5847356238133632,-0.10496280763252062,-4.693971554734722,0.47195611233931056,0.081967213114754,0.5162527268200303,115.37139029747881,-0.833077850482429,-0.3011639185257032,0.054595000939673,0.04342171085542772,-20.313880241993225,-0.4138196371665061,0.0,Drug Manufacturers—Specialty & Generic,Healthcare,DERM
2022Q4,2022,Q4,2023-03-31,2022-12-31,-10642000.0,15966000.0,-9995000.0,-0.61,8248000.0,0.5165977703,105160000.0,16982000.0,77679000.0,66832000.0,88178000.0,14159000.0,-68502000.0,33660046.08,24622046.08,0.9686689056368636,1.1623024898252334,0.21838151388360594,1.3523142150512306,-0.24932045877417705,0.9686689056368636,-0.6266635260864445,2.1082328748590755,-0.790735906784439,1.9821014061947944,0.0,0.545094992584222,0.0,0.15182578927348803,0.9009306918841273,-0.10119817421072651,-8.77477739311783,0.5165977702618063,-0.0701754385964913,0.4501816360097309,33.40306841156902,-0.6716083663126716,-0.07273749297358066,-0.05575396825396826,-0.05299199325747998,-4.988936716473878,0.09110930321241417,0.5474273059452633,Drug Manufacturers—Specialty & Generic,Healthcare,DERM
2022Q3,2022,Q3,2022-11-10,2022-09-30,-10080000.0,16116000.0,-9492000.0,-0.57,8895000.0,0.5519359643,108145000.0,26184000.0,79596000.0,60777000.0,81961000.0,15230000.0,-57860000.0,43340437.44,28284437.439999998,1.4862018891519522,1.3096401599289205,0.18341116094132878,0.7575236785823404,-0.20635535613489,1.4862018891519522,-0.384967919340055,2.689280059568131,-1.074911642857143,1.6552259945004584,0.0,0.4741300065659882,0.0,0.14902214619261178,1.0435526597232505,-0.09320819270423968,-5.951721702828893,0.5519359642591214,-0.3255813953488371,0.8379989222475857,42.534385133898994,-0.6205876381048072,-0.16541565021580035,-0.3390010626992561,-0.3290394847381686,0.45924667972124317,3.319509369803376,4.589679204641942,Drug Manufacturers—Specialty & Generic,Healthcare,DERM
2022Q2,2022,Q2,2022-08-09,2022-06-30,-7528000.0,18291000.0,-7142000.0,-0.43,10658000.0,0.5826909409,113496000.0,34795000.0,83901000.0,60100000.0,78701000.0,16053000.0,-47780000.0,65285043.56,41985043.56,1.993309537741235,1.3960232945091515,0.13077112849792064,0.4265555395890214,-0.14253096378873656,1.993309537741235,-0.21635292427072855,3.56924408506916,-2.168073975823592,1.876276578818796,0.0,0.4754874478290662,0.0,0.161159864664834,1.1116971713810315,-0.06632832875167406,-19.783346533333333,0.5826909408998961,-4.402010050251256,0.4326860513912289,48.86877421376217,-0.7284529300359925,-0.29384482872854967,-4.462989840348331,-6.848351648351648,-0.29730443651526195,-0.15045407243596923,0.642938773762465,Drug Manufacturers—Specialty & Generic,Healthcare,DERM
2022Q1,2022,Q1,2022-05-10,2022-03-31,-1378000.0,23296000.0,-910000.0,-0.0796,15093000.0,0.6478794643,120901000.0,41438000.0,90259000.0,60970000.0,79463000.0,16137000.0,-40252000.0,83647601.52,57167601.519999996,2.392722999381465,1.4803837953091685,0.12283603940414058,0.3583908489791978,-0.017463330807191143,2.392722999381465,-0.033254500699840726,3.5906422355769227,-15.175544542815675,2.018620626478112,0.0,0.5083348825680114,0.0,0.1926865782747868,1.1893390191897655,-0.011397755188129131,-4.3757899937225355,0.6478794642857143,0.9514634146341464,0.8632022647457144,63.01891881444238,-0.7003425955141006,0.8885135135135135,0.9366465909613351,0.9023605150214592,0.9465077966847356,22.910660890611855,0.3980592531308304,Drug Manufacturers—Specialty & Generic,Healthcare,DERM
2021Q4,2021,Q4,2022-03-28,2021-12-31,-21751000.0,17517000.0,-9320000.0,-1.64,7992000.0,0.4562425073,97284000.0,42043000.0,84493000.0,51606000.0,55241000.0,9862000.0,-38874000.0,71256878.74,23085878.739999995,3.1743088386641283,1.637270859977522,0.054983347724188975,0.12722688675879457,-0.31817783438198016,3.1743088386641283,-0.5173512832100469,4.06786999714563,-0.8190069277274608,1.6948571400708796,0.0,0.9658284323666599,0.0,0.18006044159368448,1.3989264814168896,-0.22358250071954278,-16.17269149795733,0.4562425072786436,-1.4307964119073449,-10.284761500185308,1.9866202149016885,-0.34898245417008034,-0.05341703186071302,-1.0431147848957354,0.26300806579155467,0.03503675075987177,23.879802481849456,15.81800657677098,Drug Manufacturers—Specialty & Generic,Healthcare,DERM
2021Q3,2021,Q3,2021-12-16,2021-09-30,-10646000.0,19610000.0,-12646000.0,-0.674676,8443000.0,0.43054563997960227,89059000.0,-11709000.0,66795000.0,59790000.0,100768000.0,11614000.0,-17123000.0,149904623.0,143307623.0,-0.7420418248208396,1.1171600602107377,0.16946069459571744,-1.288923050644803,-2.7410724376711304,-0.7420418248208396,0.90921513365787,7.644294900560938,-3.5202100084538794,-12.802512853360662,0.0,0.9615119683141037,0.0,0.22019110926464477,0.8935775213246362,-0.1195387327501993,146.24841268292684,0.43054563997960227,0.06554570637119103,-0.3417608821341922,528.8217164647787,-1.1500624146412497,0.081881086622245,0.10273914875684788,0.08115963089442708,0.5735016502675756,71.91186955582837,-1.579693045163397,Drug Manufacturers—Specialty & Generic,Healthcare,DERM
2021Q2,2021,Q2,2021-06-30,2021-06-30,-11865000.0,15288000.0,-13763000.0,-0.722,7804000.0,0.510465724751439,72725000.0,-792000.0,53473000.0,44409000.0,73517000.0,14315000.0,-6477000.0,156191818.0,149403818.0,-0.048171537384884014,1.2041027719606385,0.07408731522860089,-6.803030303030303,-2.254093248248022,-0.048171537384884014,14.981060606060606,10.216628597592884,-3.2910201854193004,-197.2118914141414,0.0,0.5228082431016416,0.0,0.21021656926778962,0.8639915332477651,-0.16314884840151256,-20.99916886259747,0.510465724751439,-25.681229275629846,0.3484363445919671,0.0,-1.0090206281001444,0.14579356922625164,-45.27238805970149,-24.526495726495728,-0.5298350894631781,0.20712428903867997,-1.021733675475089,Drug Manufacturers—Specialty & Generic,Healthcare,DERM
2021Q1,2021,Q1,2021-03-31,2021-03-31,268000.0,10719000.0,585000.0,0.029253,6811000.0,0.6354137512827689,,,,,,,,87032663.5,,,0.0,0.0,0.0,0.0,,0.0,8.119476023882825,81.18718610074627,0.0,0.0,0.0,0.0,0.0,0.0,0.0,63.94758523144746,0.6354137512827689,-0.8077714985083932,1.052191305867966,0.0,0.0,-0.2786485914001271,-0.8928856914468425,-0.838665195808053,1.0250466124423916,197.52488700740466,0.0,Drug Manufacturers—Specialty & Generic,Healthcare,DERM
2020Q4,2020,Q4,2020-12-31,2020-12-31,2502000.0,13723000.0,3626000.0,0.15217826582951996,9442000.0,0.6880419733294469,51906000.0,10292000.0,35242000.0,28061000.0,41614000.0,1404000.0,5120000.0,156191818.0,153347818.0,0.6259866954106392,1.2559067745269235,0.10407274688860632,0.5248736883015934,0.16708901884340482,0.6259866954106392,0.24310143801010495,11.381754572615318,15.606696442845722,15.176041391371939,0.0,3.049145299145299,0.0,0.2643817670404192,1.1465735362246534,0.048202519939891345,32.1779600329625,0.6880419733294469,85.26885817999998,1.0984765106739758,4.800722273446741,-0.8287737807345036,0.5560316413974951,85.27586206896552,14.171548117154812,1.137835820187264,30.530359341892193,-0.7877821902032892,Drug Manufacturers—Specialty & Generic,Healthcare,DERM
2020Q3,2020,Q3,2020-09-30,2020-09-30,29000.0,9447000.0,239000.0,0.001764,6068000.0,0.6423203133269821,,,,,,,,156191818.0,,,0.0,0.0,0.0,0.0,,0.0,16.533483433894357,1346.4811896551726,0.0,0.0,0.0,0.0,0.0,0.0,0.0,-75.4185504587156,0.6423203133269821,-0.9362578593625787,1.0055740467760224,2.9932539034650856,0.0,-0.03544746463201399,-0.9362637362637363,-0.8447043534762833,1.0004994348897847,26.34592260346635,0.0,Drug Manufacturers—Specialty & Generic,Healthcare,DERM
2020Q2,2020,Q2,2020-06-30,2020-06-30,455000.0,9415000.0,1539000.0,0.027674,6291000.0,0.6681890600106214,,,,,,,,156191818.0,,,0.0,0.0,0.0,0.0,,0.0,16.58967796070101,85.81968021978021,0.0,,0.0,,0.0,0.0,0.0,0.0,0.6681890600106214,0.0,1.0450086719359488,0.0,0.0,0.0,0.0,0.0,1.0364051369696103,26.25329324776497,0.0,Drug Manufacturers—Specialty & Generic,Healthcare,DERM
2019Q3,2019,Q3,2019-11-05,2019-09-30,-57621000.0,11533000.0,-55171000.0,-1.05804,9601000.0,0.8324807075348999,436241000.0,14480000.0,412519000.0,58638000.0,421761000.0,23508000.0,-885453000.0,517370000.0,796882000.0,0.2658832170400294,7.035011426037723,0.8124293681703462,24.47617403314917,-0.1495574621504764,0.2658832170400294,-3.979350828729282,44.85996705107084,-2.2447111296228806,35.72997237569061,0.0,0.08218478815722308,0.0,0.026437221627494893,6.2961049149015995,-0.1320852464578066,-83.8661047171342,0.8324807075348999,-2.1827452395993143,-2.3435701525804324,0.47174422096901586,-0.9371889341853462,-0.852993416015924,-2.2079389822959583,-2.384308673782358,-1.1041817024510487,89.28346901742702,-0.9462306891242369,Drug Manufacturers—Specialty & Generic,Healthcare,DERM
2019Q2,2019,Q2,2019-08-07,2019-06-30,-17962000.0,66645000.0,-16302000.0,-0.33243,65310000.0,0.9799684897591717,447266000.0,65556000.0,428470000.0,50873000.0,381710000.0,17644000.0,-827832000.0,513313500.0,725034500.0,1.21325856421076,8.422345841605567,0.7040016455532054,4.803160656537922,-0.04285128485511208,1.21325856421076,-0.27399475257794864,7.7022057168579785,-7.144436866718628,7.83015284642138,0.0,0.07566311493992292,0.0,0.14900528991696216,7.567157431250369,-0.040159547115139534,-8.255946924004824,0.9799684897591717,0.7765146422136768,0.45935139399808345,0.0,-0.5083725630138378,41.79816513761468,0.7229454590325765,0.7400911960715538,0.6998630987947574,0.0,-0.7728045461863395,Drug Manufacturers—Specialty & Generic,Healthcare,DERM
2019Q1,2019,Q1,2019-05-07,2019-03-31,-64832000.0,2452000.0,-62722000.0,-1.48748,1526000.0,0.6223491027732463,461575000.0,74594000.0,443008000.0,62094000.0,386981000.0,13355000.0,-809870000.0,414057500.0,526738500.0,1.711460364804405,7.1344735401165975,0.6810897470616909,4.214467651553744,-0.16125233952407397,1.711460364804405,-0.8691315655414644,168.86521207177813,-1.5966555867472851,5.550815078960775,0.0,0.0693373268438787,0.0,0.00531224611384932,6.381937063162303,-0.1404582137247468,-6.032130474053786,0.6223491027732463,0.12596805847719555,-4.376881884506846,0.0,-0.38358558070395293,0.17024539877300612,0.09717309566912687,0.11028838106586096,-1.6538379958170482,0.0,-0.4568731394566582,Drug Manufacturers—Specialty & Generic,Healthcare,DERM
2018Q4,2018,Q4,2019-02-26,2018-12-31,-71810000.0,2243000.0,-70497000.0,-1.70186,1304000.0,0.5813642443156487,344321000.0,-9039000.0,335409000.0,38556000.0,353360000.0,8370000.0,-745038000.0,400852500.0,609665500.0,-0.21421969427657306,8.69926859632742,0.911326930393441,-34.71501272264631,-0.2313273174733388,-0.21421969427657306,7.944462883062285,178.71266161390994,-1.3955316111962122,-44.34699634915366,0.0,0.11218637992831541,0.0,0.0065142701142248075,8.267558875402013,-0.20855538872157087,-3.7006665497281177,0.5813642443156487,-0.0758328592199253,-11.834916631572785,-0.6305667619516043,-1.0707649336806033,1.7166666666666666,-0.0791356095215196,-0.07922292642601268,-0.10129573311636776,-0.6305667619516043,-1.0585955398287283,Drug Manufacturers—Specialty & Generic,Healthcare,DERM
2018Q3,2018,Q3,2018-11-07,2018-09-30,-66544000.0,717000.0,-65322000.0,-1.5819,480000.0,0.6694560669456067,409922000.0,53847000.0,393184000.0,74276000.0,356075000.0,2919000.0,-673228000.0,399627000.0,535415000.0,1.2800599058622164,5.293553772416393,0.6849205458599441,5.214106635467157,-0.19521773043922644,1.2800599058622164,-1.2357977231786357,557.3598326359833,-1.5013637593171434,7.421527661708174,0.0,0.08119218910585817,0.0,0.0017491132459345924,5.1296919597178094,-0.16233332194905373,-2.4760804238049507,0.6694560669456067,-1.7679284013036938,-3.9990211150332975,-0.8815443930574851,-0.6976043546904029,-0.9877175025588536,-1.7805448771519305,-2.076147869084059,-3.9990211150332975,-0.8815443930574851,-0.6976043546904029,Drug Manufacturers—Specialty & Generic,Healthcare,DERM
2018Q2,2018,Q2,2018-08-06,2018-06-30,-23932000.0,39080000.0,-21235000.0,-0.5715104477611941,39080000.0,1.0,487445000.0,112447000.0,447318000.0,93647000.0,374998000.0,102000.0,-606684000.0,481963500.0,585961500.0,2.2164468886129343,4.776639935075336,0.5750494927632861,2.4927743737049455,-0.05406719762089054,2.2164468886129343,-0.2128291550686101,12.332740532241555,-5.034718159786061,4.286139247823419,0.0,0.0,0.0,0.080173147739745,4.66627868484842,-0.04909682117982542,-20.39970794886989,1.0,0.5965746194601635,0.23280117971404762,0.0,-0.10186819594092704,129.70234113712374,0.5961116549093732,0.6269849634626194,0.23280117971404762,0.0,-0.10186819594092704,Drug Manufacturers—Specialty & Generic,Healthcare,DERM
2018Q1,2018,Q1,2018-05-03,2018-03-31,-59254000.0,299000.0,-56928000.0,-1.416644750998159,299000.0,1.0,505857000.0,127873000.0,502087000.0,97078000.0,377984000.0,0.0,-582752000.0,481963500.0,473242500.0,2.520509333175645,5.171995714786048,0.5532136552424894,2.1884760660968303,-0.13916809432543994,2.520509333175645,-0.4633816364674325,1611.9180602006688,-2.033463985553718,3.769079477293878,0.0,0.0,0.0,0.0005910761341643983,5.107748408496261,-0.11713587041397075,-8.790623233078593,1.0,-0.02588631703897962,-3.221873886711792,0.0,-0.09219148226240421,-0.7773641102010425,-0.057880454188388206,-0.06058573664207467,-3.221873886711792,0.0,-0.09219148226240421,Drug Manufacturers—Specialty & Generic,Healthcare,DERM
2017Q4,2017,Q4,2018-02-22,2017-12-31,-56012000.0,1343000.0,-53676000.0,-1.380898377792022,1343000.0,1.0,560794000.0,149649000.0,556614000.0,105358000.0,411145000.0,0.0,-553393000.0,481963500.0,465429500.0,2.9497368576666076,5.2830729512709045,0.49820254852940654,1.8669620244705945,-0.1251077993091521,2.9497368576666076,-0.37428916999111256,358.87081161578556,-2.151161804613297,3.220626265461179,0.0,0.0,0.0,0.002394818774808575,5.2302150762163295,-0.09987981326476389,-15.123270262637673,1.0,0.690395799976211,-7.326445666716219,-0.816027397260274,-0.025589436055710714,0.2598499061913696,0.6873876790159287,0.6985019462902529,-7.326445666716219,-0.816027397260274,-0.025589436055710714,Drug Manufacturers—Specialty & Generic,Healthcare,DERM
2017Q3,2017,Q3,2017-11-06,2017-09-30,-179174000.0,1066000.0,-178031000.0,-4.460205571132168,1066000.0,1.0,674449000.0,198727000.0,670651000.0,143261000.0,475722000.0,0.0,-497381000.0,481963500.0,367270500.0,3.9171150927404255,4.681322900161244,0.4135790845564305,1.4036240671876494,-0.3727110003873007,3.9171150927404255,-0.9016087396277305,452.1233583489681,-0.6724796845524462,2.425254243258339,0.0,0.0,0.0,0.001580549455926245,7.361738365640335,-0.2656598200901773,-14.889662949117984,1.0,-3.5604720702407398,-10.160707611810142,-0.853972602739726,-0.07463819404347259,0.0,-3.6459057200643055,-3.6243019299202577,-10.160707611810142,-0.853972602739726,-0.07463819404347259,Drug Manufacturers—Specialty & Generic,Healthcare,DERM
2017Q2,2017,Q2,2017-08-07,2017-06-30,-38566000.0,1066000.0,-38499000.0,-0.9780140087332497,1066000.0,1.0,707788000.0,372409000.0,698710000.0,28603000.0,335379000.0,0.0,-318207000.0,481963500.0,342123500.0,7.3405672836221,24.42785721777436,0.39343419215923414,0.7477477719389166,-0.05914942454565148,7.3405672836221,-0.10355818468404362,452.1233583489681,-3.1242772130892495,1.2941779065489825,0.0,0.0,0.0,0.0015061006968188214,38.894556515050866,-0.054488067048325206,-32.2491468718635,1.0,-0.23588596713448298,-0.23632749887798943,0.0,1.9744890216531816,0.0,-0.30692331153207497,-0.27818725099601593,-0.23632749887798943,0.0,1.9744890216531816,Drug Manufacturers—Specialty & Generic,Healthcare,DERM
2017Q1,2017,Q1,2017-05-08,2017-03-31,-29509000.0,1066000.0,-30120000.0,-0.791346479158483,1066000.0,1.0,455771000.0,405096000.0,433339000.0,21311000.0,50675000.0,0.0,-279641000.0,481963500.0,280046500.0,7.984861924191355,20.334052836563277,0.0,0.0,-0.07435274601575922,7.984861924191355,-0.07284446155972905,452.1233583489681,-4.083190721474804,1.1897513182060548,0.0,0.0,0.0,0.0023388938743360154,30.250152503402,-0.06474523390035786,-19.23391731183654,1.0,-2.5419104578726426,-1.1025293908086926,0.0,1.8758971737695145,-0.952550520786967,-2.9968847352024923,-2.8189425637124383,-1.1025293908086926,0.0,1.8758971737695145,Drug Manufacturers—Specialty & Generic,Healthcare,DERM
2016Q4,2016,Q4,2017-02-28,2016-12-31,-7383000.0,22466000.0,-7887000.0,-0.2234236264780632,22466000.0,1.0,312601000.0,247370000.0,283991000.0,34992000.0,65231000.0,0.0,-250132000.0,481963500.0,440170500.0,4.875919027063253,8.115883630544124,0.0,0.0,-0.03188341351012653,4.875919027063253,-0.029845979706512513,21.453017893706043,-16.320042665583095,1.948350648825646,0.0,0.0,0.0,0.0718679722713619,9.540352080475538,-0.02361796667317123,12358.038461538461,1.0,0.718174138222669,-0.09751746692433486,2.0775342465753424,0.6107019839952076,187.78991596638656,0.7105840846726774,0.695963918121892,-0.09751746692433486,2.0775342465753424,0.6107019839952076,Drug Manufacturers—Specialty & Generic,Healthcare,DERM
2016Q3,2016,Q3,2016-11-07,2016-09-30,-25510000.0,119000.0,-25941000.0,-0.7927719091109847,119000.0,1.0,311501000.0,250869000.0,273508000.0,28699000.0,60632000.0,0.0,-242749000.0,481963500.0,426307500.0,4.944887942759151,9.53022753406042,0.0,0.0,-0.10340456572952417,4.944887942759151,-0.10168653759531868,4050.1134453781515,-4.723280086240689,1.9211759922509355,0.0,0.0,0.0,0.0003820212455176709,12.42266281055089,-0.08189379809374608,-22.84512015926435,1.0,0.569200625429344,-0.589012084215772,-0.9836986301369862,0.168158281957198,0.0,0.546012706661209,0.5432600887386436,-0.589012084215772,-0.9836986301369862,0.168158281957198,Drug Manufacturers—Specialty & Generic,Healthcare,DERM
2016Q2,2016,Q2,2016-08-08,2016-06-30,-56191000.0,0.0,-56796000.0,-1.8402345869259407,0.0,0.0,306626000.0,270922000.0,303325000.0,25387000.0,35704000.0,0.0,-217239000.0,481963500.0,270982500.0,5.340153351861708,11.948044274628748,0.0,0.0,-0.20963967488797514,5.340153351861708,-0.20740655982164607,0.0,-2.1443091420334217,1.7789751293730298,0.0,0.0,0.0,0.0,11.73281600819317,-0.1832558230547964,-17.40757395167407,0.0,-0.9401727986505767,-0.8013400012822979,0.0,1.1638964545011623,0.0,-0.9760514840343227,-0.975169535732916,-0.8013400012822979,0.0,1.1638964545011623,Drug Manufacturers—Specialty & Generic,Healthcare,DERM
2016Q1,2016,Q1,2016-05-10,2016-03-31,-28436000.0,0.0,-28755000.0,-0.9484900459411941,0.0,0.0,196802000.0,159866000.0,193196000.0,26641000.0,36936000.0,0.0,-189484000.0,481963500.0,389592500.0,3.1511245146157334,7.25182988626553,0.0,0.0,-0.17986939061463977,3.1511245146157334,-0.1778739694494139,0.0,-4.2372652623435085,3.0147967672926077,0.0,0.0,0.0,0.0,7.10570173792275,-0.14449040152030976,-18.452601554423982,0.0,0.6766455533110333,-1.0260776629853936,0.0,0.1349363547945109,-1.0,0.6372912919807651,0.6389649197699822,-1.0260776629853936,0.0,0.1349363547945109,Drug Manufacturers—Specialty & Generic,Healthcare,DERM
2015Q4,2015,Q4,2016-03-04,2015-12-31,-78399000.0,7300000.0,-79646000.0,-2.933282828343297,7300000.0,1.0,221932000.0,185475000.0,217233000.0,25896000.0,36457000.0,0.0,-161048000.0,481963500.0,374721500.0,3.655904440896458,8.388670064874884,0.0,0.0,-0.42603628748704714,3.655904440896458,-0.4226930853214719,66.02239726027398,-1.5368930088393984,2.598536190861302,0.0,0.0,0.0,0.03289295820341366,8.290585418597466,-0.3532568534506065,-33.33772566922598,1.0,-3.6857331332029166,-10.654377880184333,0.0,0.20768464438497453,0.0,-3.8834558365516383,-3.8940641514071523,-10.654377880184333,0.0,0.20768464438497453,Drug Manufacturers—Specialty & Generic,Healthcare,DERM
2015Q3,2015,Q3,2015-11-10,2015-09-30,-16054000.0,7300000.0,-16274000.0,-0.626002963668198,7300000.0,1.0,247202000.0,214756000.0,224188000.0,19307000.0,32446000.0,0.0,-129897000.0,481963500.0,363635500.0,4.233063292137268,11.611747034754234,0.007880195144052233,0.009070759373428449,-0.07509782929710573,4.233063292137268,-0.07475460522639647,66.02239726027398,-7.505349134172169,2.244237646445268,0.0,0.0,0.0,0.029530505416622842,11.514787382814523,-0.06494284026828262,-32.33352341339058,1.0,0.5048191734071288,0.0,0.0,0.0,0.0,0.48534974674616915,0.4846248852012541,0.0,0.0,0.0,Drug Manufacturers—Specialty & Generic,Healthcare,DERM
2015Q2,2015,Q2,2015-08-13,2015-06-30,-31194000.0,0.0,-31577000.0,-1.26419063511699,0.0,0.0,151444000.0,125201000.0,122529000.0,12926000.0,26243000.0,0.0,-113843000.0,481963500.0,451194500.0,2.4678414444247334,9.479266594460777,0.012836427986582499,0.015527032531689045,-0.24835424122065358,2.4678414444247334,-0.24915136460571402,0.0,-3.8626298326601267,3.8495179750960458,0.0,0.0,0.0,0.0,9.315023982670587,-0.20597712685877287,-34.02735809093476,0.0,-1.2207790534311633,0.0,0.0,0.0,0.0,-1.2225863911649448,-1.2184206828719966,0.0,0.0,0.0,Drug Manufacturers—Specialty & Generic,Healthcare,DERM
2015Q1,2015,Q1,2015-05-12,2015-03-31,-14035000.0,0.0,-14234000.0,-0.5692554750837466,0.0,0.0,165611000.0,140859000.0,124490000.0,11996000.0,24752000.0,0.0,-96684000.0,481963500.0,431759500.0,2.776476849387972,10.377625875291765,0.01171419772841176,0.013772637886113064,-0.0996785691776553,2.776476849387972,-0.09963864573793652,0.0,-8.585028500178126,3.4216024535173473,0.0,0.0,0.0,0.0,10.20973657885962,-0.0847467861434325,-94.18868477623607,0.0,-1.0863683662851198,0.0,0.0,0.0,-1.0,-1.0863683662851196,-1.5712794991170331,0.0,0.0,0.0,Drug Manufacturers—Specialty & Generic,Healthcare,DERM
2014Q4,2014,Q4,2015-03-25,2014-12-31,-6727000.0,7300000.0,24916000.0,-0.27284514292043915,7300000.0,1.0,178221000.0,153579000.0,105463000.0,11890000.0,24642000.0,0.0,-82649000.0,481963500.0,428541500.0,3.0272012299686595,8.869890664423886,0.010862917389084339,0.012605890128207632,0.16095779733049448,3.0272012299686595,-0.04380156141139088,66.02239726027398,-17.91153188642783,3.1382122555818177,0.0,0.0,0.0,0.0409603806509895,8.784777123633305,-0.03774527132043923,-74.97876477909148,1.0,0.0,0.0,0.0,0.0,0.0,0.0,0.0,0.0,0.0,0.0,Drug Manufacturers—Specialty & Generic,Healthcare,DERM
