Quarters,Year,Quarter,FillingDate,Date,NetIncome,Revenue,OperatingIncome,EPSDiluted,GrossProfit,GrossProfitRatio,TotalAssets,CommonStockEquity,CurrentAssets,CurrentLiability,TotalLiability,Inventory,RetainedEarnings,MarketCap,EnterpriseValue,bookValuePerShare,currentRatio,debtToAssets,debtToEquity,roic,shareholdersEquityPerShare,roe,priceToSalesRatio,peRatio,pbRatio,payoutRatio,inventoryTurnover,dividendYield,assetTurnover,quickRatio,returnOnAssets,priceToFreeCashFlowsRatio,grossProfitMargin,epsdilutedGrowth,fiveYNetIncomeGrowthPerShare,fiveYRevenueGrowthPerShare,fiveYShareholdersEquityGrowthPerShare,grossProfitGrowth,netIncomeGrowth,operatingIncomeGrowth,threeYNetIncomeGrowthPerShare,threeYRevenueGrowthPerShare,threeYShareholdersEquityGrowthPerShare,Industry,Sector,Symbol
2023Q1,2023,Q1,2023-05-05,2023-03-31,5203000.0,224745000.0,5326391.0,0.16,224745000.0,1.0,2278685000.0,493562000.0,1247669000.0,35000000.0,1785123000.0,0.0,243750000.0,500722039.76,512886039.76,15.061504709508615,35.647685714285714,0.015359735988080846,0.07091307677657518,0.008327721894606838,15.061504709508615,0.010541735384814876,2.2279563049678526,24.059294626177206,1.0145068699778346,1.0194209110128771,0.0,0.010592797158563804,0.0986292532754637,35.647685714285714,0.0022833344670281325,-690.2378986372296,1.0,0.4545454545454546,1.2462418048086872,0.02466732956755074,-0.0017314053557248453,0.005822487961189381,0.49554469675194024,2.181259450379878,0.22713866774678285,0.0695619790147721,-0.05489999929876946,Insurance—Property & Casualty,Financial Services,DGICA
2022Q4,2022,Q4,2023-03-06,2022-12-31,3479000.0,223444000.0,-4509078.0,0.11,223444000.0,1.0,2243349000.0,483593000.0,1329782416.0,43510897.0,1759756000.0,0.0,240564000.0,462337743.2,472214743.2,14.85282285731415,30.562054742286744,0.015601674104207593,0.07237491030680758,-0.00740678593123098,14.85282285731415,0.007194066084496674,2.0691436923792987,33.22346530612245,0.9560472198729096,1.5117413049726933,0.0,0.011375554077844104,0.09960287052973033,28.420558647641762,0.0015508064059582348,10.161163003243372,1.0,1.34375,2.067526758548204,0.0018570943816730973,-0.08106465349321007,297131.97872340423,1.3352929838087895,0.47077091854968883,-0.7831785983396218,-0.019101290132337512,-0.054181798943591396,Insurance—Property & Casualty,Financial Services,DGICA
2022Q3,2022,Q3,2022-11-04,2022-09-30,-10376000.0,752.0,-8520087.346,-0.32,752.0,1.0,2236852000.0,481203000.0,1307389463.0,44441203.0,1755649000.0,0.0,247682000.0,436511430.01,444850430.01,14.871153476671363,29.418408475576143,0.015646989608610672,0.07273437613647463,-0.012810160251344915,14.871153476671363,-0.02156262533691602,580467.3271409575,-10.517333992145335,0.9071253296633646,-0.5046253855050116,0.0,0.011995087963401208,3.361867481621493e-07,26.952668225475353,-0.004638661833684124,29.276143666917704,1.0,-0.23076923076923075,-2.232949638002849,-0.9999965722331854,-0.09417406475249039,-0.9999963193366975,-0.26413255360623783,0.17595554364421598,-2.767783099322942,-0.9999966442144415,-0.03921177769259944,Insurance—Property & Casualty,Financial Services,DGICA
2022Q2,2022,Q2,2022-08-05,2022-06-30,-8208000.0,204311000.0,-10339354.0,-0.26,204311000.0,1.0,2249848000.0,511022000.0,1220300726.0,40162628.0,1738826000.0,0.0,263433000.0,539572262.35,552761262.35,16.147837292548328,30.383985978208397,0.015556606490749598,0.06849020198738998,-0.014691833375763753,16.147837292548328,-0.016061930797499912,2.640935937614715,-16.43434034935429,1.0558689495755564,-0.6197145467836257,0.0,0.009427128403239721,0.09081102367804403,30.152832628382786,-0.0036482464593163627,37.892207305046476,1.0,-1.619047619047619,-2.0517268968920024,-0.03855730404927224,-0.005855395986271168,721945.9964664311,-1.6244199315329022,-1.6312462483070065,-2.5442192804758226,-0.07409496984850701,0.05142304619615155,Insurance—Property & Casualty,Financial Services,DGICA
2022Q1,2022,Q1,2022-05-05,2022-03-31,13145000.0,283.0,16379272.0,0.42,283.0,1.0,2240762000.0,524266000.0,1217010014.0,42317135.0,1716496000.0,0.0,276787000.0,420583502.43,399508502.43,16.715841252404115,28.759272431841143,0.015619686517354365,0.06676000350966875,0.0237260420719013,16.715841252404115,0.02507314988955988,1486160.7859717314,7.99892549315329,0.8022330313810165,0.3743444655762647,0.0,0.011699835993493321,1.26296322411751e-07,28.66297541173333,0.005866307979160661,20.26933745486269,1.0,1.4705882352941173,1.2267568811828327,-0.9999986308154639,0.014886822640081857,-0.9999986539434612,1.4932344106938418,1.4530458958628245,-0.48251782320550135,-0.9999988037464558,0.10710289799798739,Insurance—Property & Casualty,Financial Services,DGICA
2021Q4,2021,Q4,2022-03-07,2021-12-31,5272268.0,210243769.0,6677116.0,0.17,210243769.0,1.0,2255175399.0,531036087.0,1252633027.0,38946105.0,1724139312.0,0.0,263745358.0,447697326.06,424987951.06,16.950080426017543,32.163242691406495,0.01551985713196404,0.0659088918000407,0.009537834693189768,16.950080426017543,0.009928266890080485,2.1294201877630914,21.228877499209066,0.843063846355888,0.93225571992926,0.0,0.010978627107862784,0.09322723593616143,32.163242691406495,0.0023378527463264512,24.50811321162704,1.0,1.7915702425464348,-0.1858161582938899,0.019914034106990473,0.0384464230267232,0.0351421505975734,1.7855013827518504,0.0,1.3183960760553923,0.022394389067400374,0.2059198416662152,Insurance—Property & Casualty,Financial Services,DGICA
2021Q3,2021,Q3,2021-11-05,2021-09-30,-6711978.0,203106181.0,0.0,-0.214763,203106181.0,1.0,2252014874.0,538133416.0,0.0,0.0,1713881458.0,0.0,268346629.0,452857245.12,418952787.12,17.218567842000127,0.0,0.015541638025611015,0.06503963321987795,0.0,17.218567842000127,-0.01247270249428257,2.2296576248459914,-16.8675033321027,0.8415334035305474,-0.7303641340898317,0.0,0.010825018375715723,0.09018864988189239,0.0,-0.0029804323574818448,-636.6488570729664,1.0,-1.40521320754717,-2.189264409398079,-0.009895130285368495,0.03366208089831608,-0.00994297995939408,-1.4152414656834469,0.0,-6.037071410152328,-0.07679274211167833,0.17241176613406425,Insurance—Property & Casualty,Financial Services,DGICA
2021Q2,2021,Q2,2021-08-06,2021-06-30,16164036.0,205145943.0,0.0,0.53,205145943.0,1.0,2246400558.0,550156793.0,0.0,0.0,1696243765.0,0.0,280056364.0,450486391.48,402481653.48,17.793621795489624,0.0,0.01780626338323764,0.07270654567742472,0.0,17.793621795489624,0.02938078054413844,2.195931271621589,6.967418154104582,0.8188327349799716,0.29946908061823174,0.0,0.010745339019225192,0.09132206732651639,0.0,0.007195527058803375,15.375462787423182,1.0,0.5142857142857145,0.6030229668871582,0.030148701885765617,0.06482493151156936,0.036248162334255485,0.5350683124770652,0.0,19.70658712048379,-0.03835316281701036,0.19831401323989833,Insurance—Property & Casualty,Financial Services,DGICA
2021Q1,2021,Q1,2021-05-07,2021-03-31,10529848.0,197969898.0,0.0,0.35,197969898.0,1.0,2185220660.0,529234490.0,0.0,0.0,1655986170.0,0.0,268802952.0,450924248.09999996,388532701.09999996,17.440677795743493,0.0,0.018304787581497606,0.07558086397581533,0.0,17.440677795743493,0.01989637523435028,2.2777414781513903,10.705858434518714,0.8520311064760726,0.4217820618113386,0.0,0.009849328393213992,0.09059492326051868,0.0,0.004818665772636435,15.092726179149961,1.0,-0.28571428571428575,-0.2350074789324404,0.02640062087415058,0.06893290932518652,0.002396151841874637,-0.2772109136549734,0.0,1.5381689471575988,-0.02527841559453957,0.1559589329616518,Insurance—Property & Casualty,Financial Services,DGICA
2020Q4,2020,Q4,2021-03-05,2020-12-31,14568355.0,197496666.0,0.0,0.49,197496666.0,1.0,2160520324.0,517774120.0,0.0,0.0,1642746204.0,0.0,258387288.0,420987020.79,407892784.79,17.304765963400094,0.0,0.041656631969734716,0.1738209704262546,0.0,17.304765963400094,0.028136506706824202,2.131615835935175,7.224340373192444,0.8130708054508403,0.30000731036551487,0.0,0.010381823629142674,0.09141162145346243,0.0,0.006742984473771606,12.89145199920432,1.0,0.19512195121951226,5.815934548173334,0.1191260777947953,0.17676050009701955,0.005009356515180584,0.23074744120088556,0.0,5.864422090991131,-0.036407869841611235,0.07063561314643835,Insurance—Property & Casualty,Financial Services,DGICA
2020Q3,2020,Q3,2020-11-05,2020-09-30,11836998.0,196512266.0,0.0,0.41,196512266.0,1.0,2144206995.0,504068676.0,0.0,0.0,1640138319.0,0.0,252679717.0,412863790.71,414986938.71,17.178174572111292,0.0,0.04197355955365681,0.17854709940357413,0.0,17.178174572111292,0.023482907317176758,2.100956846683555,8.719774023574221,0.8190625808892755,0.36064895846058265,0.0,0.010339974335503285,0.09164799222194497,0.0,0.005520454894327961,20.285274130219,1.0,-0.4716311005666435,0.9875195877972781,0.17722520396211353,0.09001685641751196,-0.012003563282113768,-0.4780583856855074,0.0,0.5510575811755188,-0.012234018463414898,0.046350309815417164,Insurance—Property & Casualty,Financial Services,DGICA
2020Q2,2020,Q2,2020-08-05,2020-06-30,22678778.0,198899772.0,0.0,0.775973,198899772.0,1.0,2096146659.0,487859334.0,0.0,0.0,1608287325.0,0.0,245221348.0,412772912.82,430995546.82,16.806722326048586,0.0,0.04293592703238423,0.18447940569688884,0.0,16.806722326048586,0.04648630541524086,2.0752809752843757,4.550211135935102,0.8460900182756368,0.187659229258296,0.0,0.010310468220708765,0.09488828997055401,0.0,0.010819270637684899,11.086276113714089,1.0,5.0365864094286055,2.332848937467325,0.19849600928000757,0.06031840326326974,0.07565017990310441,5.07827459897441,0.0,10.192668651983206,0.020421449950045075,0.03470898355587094,Insurance—Property & Casualty,Financial Services,DGICA
2020Q1,2020,Q1,2020-05-08,2020-03-31,3731121.0,184911206.0,0.0,0.128545,184911206.0,1.0,2023371362.0,459560931.0,0.0,0.0,1563810431.0,0.0,226874806.0,438324847.2,476043112.2,15.93641381688024,0.0,0.04448021835746433,0.19583910191007947,0.0,15.93641381688024,0.008118882063975973,2.3704612428951437,29.36951436310964,0.9537904935613424,1.093665147820186,0.0,0.009309527000503566,0.09138767577357854,0.0,0.001844011964423563,40.57533612996924,1.0,-0.7364925393021649,-0.48825400631880805,0.1270176222968697,0.015296929561710507,-0.07976329880793571,-0.7363863434891128,0.0,-0.3125794683961388,-0.02700695853528034,-0.032435392351853685,Insurance—Property & Casualty,Financial Services,DGICA
2019Q4,2019,Q4,2020-03-06,2019-12-31,14153747.0,200938743.0,0.0,0.487823,200938743.0,1.0,1923161131.0,451015519.0,0.0,0.0,1472145612.0,0.0,223267573.0,425636001.96,416317071.96,15.70367628866166,0.0,0.020799089246984162,0.08868874421148244,0.0,15.70367628866166,0.03138195118292592,2.1182376061743353,7.51807987595087,0.9437280626257121,0.2869551080713821,0.0,0.00954216744189249,0.10448357122084535,0.0,0.007359626175805859,15.245536498455929,1.0,1.7155135463112952,1.961653204898474,0.24434146070746784,0.017383278550238294,0.014791396793796674,1.7290228886087962,0.0,1.3842871016162817,0.06332551626320439,-0.03791450775070259,Insurance—Property & Casualty,Financial Services,DGICA
2019Q3,2019,Q3,2019-11-08,2019-09-30,5186379.0,198009900.0,0.0,0.179643,198009900.0,1.0,1921085211.0,442551605.0,0.0,0.0,1478533606.0,0.0,217362373.0,419161036.28000003,403892276.28000003,15.478076366253992,0.0,0.020821564692166068,0.09038493940158684,0.0,15.478076366253992,0.011719263790716566,2.116869087252708,20.20489807435978,0.9471461215918536,0.7800241748626546,0.0,0.009651424273361136,0.10307189856348335,0.0,0.002699713146664789,15.393002072703222,1.0,0.07693829469632923,-0.44533323220691995,0.2462615381139238,-0.0021012264458148706,-0.003919000449089339,0.08310093403841824,0.0,0.004472722777821797,0.0550935315074685,-0.07082280176522067,Insurance—Property & Casualty,Financial Services,DGICA
2019Q2,2019,Q2,2019-08-08,2019-06-30,4788454.0,198788954.0,0.0,0.166809,198788954.0,1.0,1901282612.0,437853724.0,0.0,0.0,1463428888.0,0.0,216280947.0,428215228.38,432269661.38,15.358078131317484,0.0,0.021038429398943032,0.0913547100492401,0.0,15.358078131317484,0.010936195668853099,2.1541198329359887,22.356653545173454,0.9779869506831007,0.842112297622573,0.0,0.009416797284989634,0.10455518435046836,0.0,0.002518538785227159,44.5762722528611,1.0,-0.7935225528543843,1.2991768096183303,0.2749880366538575,0.005175118201208624,-0.0728943292557352,-0.792015815028725,0.0,-0.4849905422569403,0.08257796875184827,-0.08092547530290645,Insurance—Property & Casualty,Financial Services,DGICA
2019Q1,2019,Q1,2019-05-07,2019-03-31,23023164.0,214418874.0,0.0,0.80788,214418874.0,1.0,1865019396.0,429203761.0,0.0,0.0,1435815635.0,0.0,215625394.0,378072343.6,373464438.6,15.098724140847207,0.0,0.021447498125644157,0.093195828263024,0.0,15.098724140847207,0.05364157095538592,1.7632419037887497,4.105347375365089,0.8808691301286151,0.1717068948472938,0.0,0.010456295116319108,0.11496870995544327,0.0,0.012344731668409952,33.006524490476345,1.0,2.528489370880223,34.76693706712918,0.4257785526714778,-0.005545081659058839,0.1511519767496359,2.5350041866785946,0.0,0.7855072015699557,0.18670362689095926,-0.07460459323930728,Insurance—Property & Casualty,Financial Services,DGICA
2018Q4,2018,Q4,2019-03-14,2018-12-31,-14998763.0,186264610.0,0.0,-0.528548,186264610.0,1.0,1832078267.0,398869901.0,0.0,0.0,1433208366.0,0.0,192751208.0,387214385.10499996,399619924.10499996,14.055727288306059,0.0,0.035478833612516185,0.1629604034725097,0.0,14.055727288306059,-0.03760314569336231,2.078840339584637,-6.454105333636513,0.9707786527241623,-0.2629809538293258,0.0,0.010186576614219562,0.10166847855523413,0.0,-0.008186747951854832,98.08371131353071,1.0,-13.478115114028046,-2.461733205929265,0.24911186412158734,-0.06325807578928681,-0.0648024827980835,-13.433115100351804,0.0,-8.39889738936965,0.11287467784122054,-0.04418096679277549,Insurance—Property & Casualty,Financial Services,DGICA
2018Q3,2018,Q3,2018-11-09,2018-09-30,1206356.0,199171412.0,0.0,0.042358,199171412.0,1.0,1824247357.0,415540028.0,0.0,0.0,1408707329.0,0.0,215729408.0,399512804.96,409254148.96,14.686450903488458,0.0,0.03563113288917869,0.15642295716455024,0.0,14.686450903488458,0.002903104198664587,2.005874241429789,82.79330582348825,0.9614303750299598,3.261172489712821,0.0,0.009847331427571875,0.1091800469030363,0.0,0.0006612897068870469,16.858524378248433,1.0,2.5153835145964507,-0.855386178922958,0.3280596179990342,-0.0200969524531486,0.02138047980306599,2.527313241037912,0.0,-0.7899309733185375,0.2374098867872581,-0.06809195711980197,Insurance—Property & Casualty,Financial Services,DGICA
2018Q2,2018,Q2,2018-08-08,2018-06-30,-789855.0,195002172.0,0.0,-0.027952,195002172.0,1.0,1805338972.0,419670039.0,0.0,0.0,1385668933.0,0.0,218584057.0,384655877.78999996,396003779.78999996,14.848880676427008,0.0,0.03600431886095682,0.15488358462492005,0.0,14.848880676427008,-0.0018820857497525575,1.972572273656521,-121.7488899196688,0.9165674030640057,-4.975620841800077,0.0,0.010216973733976228,0.10801415968103302,0.0,-0.00043751063498340077,15.704231348514577,1.0,0.9566493172949869,-1.2846719339176325,0.3703514856048866,0.0333728799169958,0.03341884575883588,0.95654903670234,0.0,-1.1192176885439453,0.20681055918125954,-0.06319976354499626,Insurance—Property & Casualty,Financial Services,DGICA
2018Q1,2018,Q1,2018-05-07,2018-03-31,-18178078.0,188696164.0,0.0,-0.644788,188696164.0,1.0,1774039109.0,425353714.0,0.0,0.0,1348685395.0,0.0,224745078.0,445437076.0,468641252.0,15.087627508582155,0.0,0.03607586759238688,0.1504630097105488,0.0,15.087627508582155,-0.0427363801036424,2.3606048292534445,-6.126019978569792,1.0472156733066635,-0.21181595766065037,0.0,0.008644109813615965,0.10636527855711438,0.0,-0.010246717734563765,38.62928916143175,1.0,-5.441052484366572,-3.553450715332425,0.292608132256046,-0.044034182357377744,-0.0077002031305796635,-5.542068001514408,0.0,-3.5502708502262275,0.17639663499088504,-0.03877860729189808,Insurance—Property & Casualty,Financial Services,DGICA
2017Q4,2017,Q4,2018-03-09,2017-12-31,-2778644.0,190160438.0,0.0,-0.100106,190160438.0,1.0,1737919778.0,448696104.0,0.0,0.0,1289223674.0,0.0,236893041.0,480257722.6,506424287.6,16.163077101969332,0.0,0.036825635342991075,0.1426355152840819,0.0,16.163077101969332,-0.006192708105172226,2.525539631960671,-43.20972051475468,1.0703407458157916,-1.3469613235808546,0.0,0.007793161512818118,0.10941842103830411,0.0,-0.001598833292062345,26.708754274235687,1.0,-1.3913799911641782,-1.4126582596164583,0.3791168267960234,0.03610756876303553,0.026161544091117928,-1.390886273393229,0.0,-1.6015304009721856,0.21831041601408427,0.047146163178028756,Insurance—Property & Casualty,Financial Services,DGICA
2017Q3,2017,Q3,2017-11-07,2017-09-30,7108574.0,185312380.0,0.0,0.255777,185312380.0,1.0,1719486685.0,448726211.0,0.0,0.0,1270760474.0,0.0,246893233.0,440875434.81,483334295.81,16.417230836527043,0.0,0.04303609946243928,0.16491124918931915,0.0,16.417230836527043,0.015841673220198853,2.3790932630081163,15.505058919341627,0.9825043066405585,0.524390123813862,0.0,0.008455145616372292,0.10777191915272086,0.0,0.0041341256445960785,24.734337061232086,1.0,4.009034975236168,-0.23789152621372783,0.04177308180743201,-0.1833278128791931,0.011563030624004645,4.065827154445176,0.0,-0.20472782696220398,0.22009071735770558,0.05844771205837115,Insurance—Property & Casualty,Financial Services,DGICA
2017Q2,2017,Q2,2017-08-08,2017-06-30,-2318648.0,183194101.0,0.0,-0.085003,183194101.0,1.0,1703281178.0,443132066.0,0.0,0.0,1260149112.0,0.0,243696348.0,433775977.2,478935049.2,16.24294617438303,0.0,0.04344555729013052,0.1669931058430784,0.0,16.24294617438303,-0.00523240852536273,2.3678490455323122,-46.7703568200089,0.9788864550370859,-1.6057128982061961,0.0,0.008582962625160331,0.10755364608391157,0.0,-0.0013612831691844128,18.119887665512913,1.0,-1.469596106357002,-2.0762486696496736,0.3513688876486135,0.05727911461539701,0.02493083550167921,-1.4542077699929752,0.0,-2.1634177233393377,0.2278608402692387,0.0630890923440515,Insurance—Property & Casualty,Financial Services,DGICA
2017Q1,2017,Q1,2017-05-08,2017-03-31,5104818.0,178738013.0,0.0,0.181013,178738013.0,1.0,1663193227.0,446710906.0,0.0,0.0,1216482321.0,0.0,249851673.0,477883279.18,518227161.18,16.470645671524498,0.0,0.04449272567895083,0.16565523475265231,0.0,16.470645671524498,0.011427565191345473,2.6736521860070135,23.40354147689497,1.0697819837422997,0.7108141759412383,0.0,0.007593019379598876,0.10746677541634794,0.0,0.0030692873907428434,23.699193067552553,1.0,-0.09909717106965811,-0.3990939960097057,0.3445152173919646,0.07745485333238163,0.01091235288506728,-0.08090287542720186,0.0,8.847191691577454,0.24569961312221655,0.08481448124393696,Insurance—Property & Casualty,Financial Services,DGICA
2016Q4,2016,Q4,2017-03-10,2016-12-31,5554166.0,176808615.0,0.0,0.200924,176808615.0,1.0,1623131037.0,438615320.0,0.0,0.0,1184515717.0,0.0,244942913.0,469718382.28000003,519131168.28000003,16.322537253885223,0.0,0.04559089704597892,0.16871275722881726,0.0,16.322537253885223,0.012662954864412853,2.6566487287963882,21.142615393562238,1.070911937777276,0.6460970017820857,0.0,0.007639747847596201,0.1089305859906368,0.0,0.003421883922733467,34.51136749670715,1.0,0.14740935749324716,7.013898277491106,0.3226683431588361,0.08857867134853888,0.010604589486267899,0.15389566302766192,0.0,-0.4283722015012152,0.2521496111322887,0.0878131484470616,Insurance—Property & Casualty,Financial Services,DGICA
2016Q3,2016,Q3,2016-11-07,2016-09-30,4813404.0,174953307.0,0.0,0.175111,174953307.0,1.0,1624064410.0,444008811.0,0.0,0.0,1180055599.0,0.0,246710728.0,429406572.59999996,476276038.59999996,16.657830600727976,0.0,0.04864339093546173,0.17792439709039917,0.0,16.657830600727976,0.010840784869019187,2.4544067212173357,22.3026455186392,0.9671127283102497,0.7394953758296623,0.0,0.008289323515585147,0.10772559630193485,0.0,0.0029638011709153824,22.97364590781107,1.0,-0.4513275722691867,4.628060974545761,0.40752625368404033,0.09805526085841527,0.03192090696058459,-0.43930133934343774,0.0,-0.3874952130882892,0.23832769209435367,0.1114365940715699,Insurance—Property & Casualty,Financial Services,DGICA
2016Q2,2016,Q2,2016-08-08,2016-06-30,8584654.0,169541392.0,0.0,0.319154,169541392.0,1.0,1600250406.0,439866614.0,0.0,0.0,1160383792.0,0.0,245614768.0,434065742.31999993,486869091.31999993,16.710373009608947,0.0,0.051554431538135166,0.1875568578614607,0.0,16.710373009608947,0.019516493697791758,2.5602346258900597,12.640746567071893,0.9868122028465656,0.40905725495750905,0.0,0.00809005332056632,0.10594678893023196,0.0,0.005364569174807008,28.497273691401833,1.0,-0.2891196464686963,5.929109100055305,0.40878220977637136,0.11803477737142962,0.02112731445618861,-0.2754901652159991,0.0,2.3219987751813997,0.27922713444052094,0.16291905482413335,Insurance—Property & Casualty,Financial Services,DGICA
2016Q1,2016,Q1,2016-05-05,2016-03-31,11848913.0,166033549.0,0.0,0.448956,166033549.0,1.0,1563912101.0,426197884.0,0.0,0.0,1137714217.0,0.0,240739292.0,375627400.08000004,429199732.08000004,16.315970481958246,0.0,0.054990302808584766,0.20178420219467819,0.0,16.315970481958246,0.027801435541618034,2.2623584350413424,7.92535568621358,0.8813450610186512,0.28916568127388564,0.0,0.009121536392899657,0.1061655248359767,0.0,0.00757645713747182,31.012133816017347,1.0,0.6170727754065589,4.398151311984774,0.4953937066673226,0.11893743441986199,0.013663430640419147,4.972719056334713,0.0,0.7963415919041498,0.22752560848507075,0.03379474695712874,Insurance—Property & Casualty,Financial Services,DGICA
2015Q4,2015,Q4,2016-03-18,2015-12-31,1983839.0,163795540.0,0.0,0.277635,163795540.0,1.0,1537834415.0,408388568.0,0.0,0.0,1129445847.0,0.0,229024370.0,391019650.56,448880506.56,14.705427282759219,0.0,0.055922795823242125,0.210583759533641,0.0,14.705427282759219,0.004857724127086731,2.3872423544621544,49.27562803231512,0.9574696286797136,1.861319391341737,0.0,0.0094434077538346,0.1065105179090429,0.0,0.0012900212016649399,21.97220282684313,1.0,0.37968990707151035,-0.590799558374907,0.4649569725647312,0.015627372839114133,0.027618217441767137,-0.6511521091447944,0.0,-0.7054924838375656,0.18744987471673247,-0.0573326840280406,Insurance—Property & Casualty,Financial Services,DGICA
2015Q3,2015,Q3,2015-11-06,2015-09-30,5686831.0,159393379.0,0.0,0.20123,159393379.0,1.0,1530856449.0,441567053.0,0.0,0.0,1089289396.0,0.0,234411399.0,393947350.90000004,422019698.90000004,15.75954947024369,0.0,0.03462114297824668,0.12002707095087549,0.0,15.75954947024369,0.012878748451370534,2.471541499223754,17.31840417360741,0.8921574837242217,0.6479701964063993,0.0,0.009353780375935001,0.10412039554990306,0.0,0.003714803568757086,27.611167034701225,1.0,-0.12986136935596856,0.055878047538253386,0.4005385546962639,0.01967246206489437,0.010895496100353038,-0.12037010827642329,0.0,-0.40525158433564573,-0.1258868675028569,-0.2160440538323385,Insurance—Property & Casualty,Financial Services,DGICA
2015Q2,2015,Q2,2015-08-07,2015-06-30,6465027.0,157675427.0,0.0,0.231262,157675427.0,1.0,1519444626.0,437144121.0,0.0,0.0,1082300505.0,0.0,232592944.0,420027591.26,435625254.26,15.850637199471104,0.0,0.03455209824803448,0.12009769199206502,0.0,15.850637199471104,0.014789234692693031,2.663874766357855,16.242298418088588,0.9608446530154755,0.5568764059299366,0.0,0.008571391677389685,0.10377174942866263,0.0,0.004254861868194202,16.879407898818936,1.0,-0.06568358112475757,2.440069601332453,0.4376982468039604,0.04329549833398517,0.022235558377489296,-0.05679747826777094,0.0,1.9685106024473629,0.15058021810200836,0.03174310155486556,Insurance—Property & Casualty,Financial Services,DGICA
2015Q1,2015,Q1,2015-05-11,2015-03-31,6854336.0,154245688.0,0.0,0.24752,154245688.0,1.0,1495268875.0,425530345.0,0.0,0.0,1069738530.0,0.0,229897853.0,426172626.96000004,458259514.96000004,15.696308491506782,0.0,0.04012656252207483,0.1410005201861691,0.0,15.696308491506782,0.016107749025513093,2.7629467798153295,15.543906330241178,1.0015093681744365,0.5073417760670035,0.0,0.008159817829704001,0.1031558207215408,0.0,0.004584015700855139,45.80125117452505,1.0,0.45599999999999985,26.471251449103274,0.48217119184255036,0.038772153414472585,0.01756448522691567,0.5279219964284847,0.0,-0.19281219627036683,0.16076618926301942,0.026800290702319606,Insurance—Property & Casualty,Financial Services,DGICA
2014Q4,2014,Q4,2015-03-12,2014-12-31,4486051.0,151583207.0,0.0,0.17,151583207.0,1.0,1458654644.0,416134643.0,0.0,0.0,1042520001.0,0.0,223253887.0,430818067.42,453739558.42,15.435359141187432,0.0,0.04010544938833376,0.14057949989037563,0.0,15.435359141187432,0.01078028728312341,2.842122659537082,24.008758896187317,1.0352852728485766,0.7705144234873834,0.0,0.008023263789051422,0.10391987412751828,0.0,0.00307547164673477,23.39884794401023,1.0,-0.46995915567611385,-0.43617344803178326,0.41193170450012573,0.021297811536816116,0.019674155547819854,-0.4872329192266152,0.0,5.841505436807533,0.13025808690385138,0.029411205154507864,Insurance—Property & Casualty,Financial Services,DGICA
2014Q3,2014,Q3,2014-11-06,2014-09-30,8748711.0,148658477.0,0.0,0.32073,148658477.0,1.0,1457722392.0,414943913.0,0.0,0.0,1042778479.0,0.0,225790998.0,410913223.68,440915468.68,15.510667791609972,0.0,0.0418461020663254,0.14700781982551941,0.0,15.510667791609972,0.0210840808261236,2.7641425633601777,11.74210759962239,0.9902861827979146,0.3905624497140207,0.0,0.008315424773627962,0.10197996396010633,0.0,0.006001630384504651,17.428790420640862,1.0,3.454026580010832,0.23550768367920422,0.49247358975015987,0.009481588275814018,0.02428921499843492,3.512738630091764,0.0,9.192126262683429,0.19162134132491945,0.022436280944062328,Insurance—Property & Casualty,Financial Services,DGICA
2014Q2,2014,Q2,2014-08-07,2014-06-30,1938670.0,145133303.0,0.0,0.072009,145133303.0,1.0,1462453010.0,405478899.0,0.0,0.0,1056974111.0,0.0,220578243.0,406036005.3,450469186.3,15.279007461706007,0.0,0.04444587248652864,0.16030427270150005,0.0,15.279007461706007,0.0047811859132033405,2.7976763217467737,52.360123860688006,1.0013739464652143,1.7538812691174877,0.0,0.008374126815398458,0.09923963505671884,0.0,0.0013256289171301307,62.281029929516706,1.0,4.00413016270338,-0.5758462409519592,0.4697063761545966,0.04823833259662222,0.03718619140898784,4.055843660448855,0.0,2.104107258805062,0.19618109286424107,0.022266929414560547,Insurance—Property & Casualty,Financial Services,DGICA
2014Q1,2014,Q1,2014-05-08,2014-03-31,-634414.0,139929845.0,0.0,-0.02397,139929845.0,1.0,1408324749.0,401585329.0,0.0,0.0,1006739420.0,0.0,222133113.0,385638346.44,434485302.44,15.182914642361622,0.0,0.046864190980712504,0.16434863336354602,0.0,15.182914642361622,-0.001579773846768192,2.7559406389680485,-151.96636046808553,0.9602899274241167,-5.205253982415268,0.0,0.00856316813533944,0.09935907545426513,0.0,-0.0004504742251036022,-63.00335120320187,1.0,-1.066291622289594,-4.596341813341872,0.4105892482965434,0.04943026398741778,0.006784669903879046,-1.066334686869859,0.0,-1.2854401044297195,0.24464569340518108,0.04123328586096332,Insurance—Property & Casualty,Financial Services,DGICA
2013Q4,2013,Q4,2014-03-14,2013-12-31,9563835.0,138986865.0,0.0,0.3615841515431221,138986865.0,1.0,1385410502.0,396877111.0,0.0,0.0,988533391.0,0.0,222888887.0,420552106.2,455915690.2,15.004908956273347,0.0,0.04547388655496131,0.15873931313715897,0.0,15.004908956273347,0.02409772379138287,3.0258406519205967,10.99329155615922,1.0596532139138657,0.34271628483762007,0.0,0.007793759564340995,0.10032179256570989,0.0,0.006903249965402673,32.57697544805995,1.0,0.23698018399217993,0.9582954799391545,0.39592035892693456,0.05072138485720302,0.010082043855075721,0.24956459160979463,0.0,1.071261750768025,0.30517815555351396,0.036311014289044485,Insurance—Property & Casualty,Financial Services,DGICA
2013Q3,2013,Q3,2013-11-07,2013-09-30,7653734.0,137599580.0,0.0,0.292312,137599580.0,1.0,1389645513.0,389078680.0,0.0,0.0,1000566833.0,0.0,219914119.0,363179560.6,409887043.6,14.987657136341609,0.0,0.05001275458369361,0.17862710956046216,0.0,14.987657136341609,0.019671429953447978,2.6393943978608077,11.862822793423446,0.9334347505239815,0.4232977001813755,0.0,0.008920678230480794,0.09901775576056568,0.0,0.005507688060300311,23.579315660143727,1.0,2.022156053885839,0.03918212264933543,0.45558620107039094,0.07286860394365108,0.020525629114623006,1.9112863623897722,0.0,0.5337902842807657,0.3049416087351843,-0.03027042228247025,Insurance—Property & Casualty,Financial Services,DGICA
2013Q2,2013,Q2,2013-08-08,2013-06-30,2628987.0,134832067.0,0.0,0.096723,134832067.0,1.0,1374496656.0,384801383.0,0.0,0.0,989695273.0,0.0,215528076.0,380266713.2,421772269.2,14.369334598387876,0.0,0.04838134724425259,0.17281642670187597,0.0,14.369334598387876,0.006832062243393756,2.8202987735847733,36.16095412415504,0.9882155574269337,1.2261738076300872,0.0,0.008477194790132895,0.0980955947847719,0.0,0.0019126907210169305,26.09528207056705,1.0,-0.612585765612045,-0.6374425195818226,0.3639270180287181,0.023734503767349147,0.015426450806614903,-0.594006179661107,0.0,0.44066589444609905,0.2661200016093279,-0.05420445172683139,Insurance—Property & Casualty,Financial Services,DGICA
2013Q1,2013,Q1,2013-05-08,2013-03-31,6475436.0,132783686.0,0.0,0.249663,132783686.0,1.0,1352032681.0,404721614.0,0.0,0.0,947311067.0,0.0,216122684.0,385935126.5,428506326.5,15.782601459315469,0.0,0.04918520161126194,0.16431047342087343,0.0,15.782601459315469,0.01599972864310627,2.9064950531648894,14.899966832349206,0.953581704435484,0.47400453035131535,0.0,0.007953113850599448,0.09821041152776691,0.0,0.004789407897455994,206.4366240012752,1.0,0.0292954961236471,-0.04758013535589975,0.4627065205478661,0.12230080351760149,0.04249997713362782,0.041063198811837,0.0,26.437040930223056,0.3489170917722657,0.04448296956233681,Insurance—Property & Casualty,Financial Services,DGICA
2012Q4,2012,Q4,2013-03-12,2012-12-31,6220022.0,127370445.0,0.0,0.242557167441456,127370445.0,1.0,1336889187.0,400034094.0,0.0,0.0,936855093.0,0.0,209670214.0,360035161.2,412698871.2,15.599806032944763,0.0,0.05420419336520522,0.18114705993034683,0.0,15.599806032944763,0.015548729704023677,2.826677422694095,14.470815424768592,0.9000111905461737,0.4937525944441997,0.0,0.00853014463855093,0.09527374911739786,0.0,0.004652608503744297,33.373148047643674,1.0,-0.029771330234175997,-0.4301556936432968,0.4499336690039545,0.1219002529576319,-0.023468911056483726,-0.09055815552979625,0.0,-0.17811214490306218,0.24729904593314278,0.03217862416511713,Insurance—Property & Casualty,Financial Services,DGICA
2012Q3,2012,Q3,2012-11-07,2012-09-30,6839384.0,130431531.0,0.0,0.25,130431531.0,1.0,1336715406.0,402888585.0,0.0,0.0,933826821.0,0.0,212078748.0,276173523.59999996,326287229.59999996,20.102595748247897,0.0,0.05248364287947767,0.1741317491037876,0.0,20.102595748247897,0.016975869395753667,2.1173831318440937,10.094970672797432,0.685483614781491,0.44897639904412445,0.0,0.01111881385287145,0.09757614105032617,0.0,0.005116559567803769,27.00864502279867,1.0,2.1249999999999996,-0.24164656777054025,0.897891864942512,0.4539337025108489,0.02460613457163396,2.3807006886079405,0.0,0.2892716905808974,0.7479364792152493,0.3083382712499914,Insurance—Property & Casualty,Financial Services,DGICA
2012Q2,2012,Q2,2012-08-07,2012-06-30,2023067.0,127299190.0,0.0,0.08,127299190.0,1.0,1326651677.0,393578708.0,0.0,0.0,933072969.0,0.0,208332800.0,340215831.35999995,397549197.35999995,15.362968916955928,0.0,0.05681257583033229,0.19150044824071125,0.0,15.362968916955928,0.005140184056907875,2.672568704954053,42.0420865151772,0.8644162512978217,1.5165874387748899,0.0,0.00901826933724734,0.09595524749033277,0.0,0.0015249421043018814,102.04795231504893,1.0,-0.7333333333333333,-0.8205261618802598,0.4390532514056581,0.1340375661680418,0.015564871226432502,-0.7474369696336409,0.0,-0.5414925800947834,0.33538290134401577,0.053998629269959714,Insurance—Property & Casualty,Financial Services,DGICA
2012Q1,2012,Q1,2012-05-07,2012-03-31,8010147.0,125348162.0,0.0,0.3,125348162.0,1.0,1288305065.0,390925716.0,0.0,0.0,897379349.0,0.0,207594434.0,349583730.2,408563179.2,15.286622562962743,0.0,0.0581888576212343,0.19176277469553832,0.0,15.286622562962743,0.02049020228692246,2.7889019242260606,10.910652769543429,0.8942459293212627,0.37433482806245627,0.0,0.008577278462829333,0.09729695660243329,0.0,0.006217585584047983,-2755.1660206647066,1.0,9.728801256087015,0.4237545143786562,0.4616651879846346,0.16664931148626178,-0.014676279898862407,10.113624675738405,0.0,45.964389455800394,0.30691751059973094,0.05659846805479517,Insurance—Property & Casualty,Financial Services,DGICA
2011Q4,2011,Q4,2012-03-12,2011-12-31,-878920.0,127215208.0,0.0,-0.034368980481803896,127215208.0,1.0,1290793478.0,383451592.0,0.0,0.0,907341886.0,0.0,199604700.0,362114529.6,423834151.6,14.994357030406217,0.0,0.05807668017981727,0.1955005574732364,0.0,14.994357030406217,-0.0022921276592326677,2.846472016144485,-102.9998548218268,0.9443552645362338,-3.4093626268602377,0.0,0.008275163670759264,0.09855581870239354,0.0,-0.0006809145033501633,131.20590805084976,1.0,-1.5728163413633982,-1.0776461805966695,0.47424072212688045,0.16636691248459085,0.06755987697037652,-2.0719503955234986,0.0,-1.1861381889676295,0.3214961586119285,0.04998248439520548,Insurance—Property & Casualty,Financial Services,DGICA
2011Q3,2011,Q3,2011-11-04,2011-09-30,819926.0,119164471.0,0.0,0.06,119164471.0,1.0,1284721250.0,387657802.0,0.0,0.0,897063448.0,0.0,206476253.0,307666897.15999997,369721708.15999997,15.170302620020742,0.0,0.05835117929278433,0.19337931447075585,0.0,15.170302620020742,0.0021150767397685446,2.581867687391487,93.80934900222702,0.7936558881897596,3.6588923878496353,0.0,0.009750873518381343,0.09275511789035948,0.0,0.0006382131532423862,35.87297445539094,1.0,1.4615384615384615,-0.917727296151341,0.4209567392088813,0.2256431302716331,0.018025561051058455,1.4840208525557133,0.0,-0.8869052720866866,0.2806103589883776,0.08594300265112483,Insurance—Property & Casualty,Financial Services,DGICA
2011Q2,2011,Q2,2011-08-09,2011-06-30,-1693989.0,117054498.0,0.0,-0.13,117054498.0,1.0,1247993308.0,382667790.0,0.0,0.0,865325518.0,0.0,210905634.0,327718566.40000004,398996161.40000004,14.94620144902477,0.0,0.0600684310720679,0.19590099286903662,0.0,14.94620144902477,-0.0044267875276359165,2.7997092978007565,-48.36491948885147,0.8564048894734516,-1.7737210808334647,0.0,0.009168427754967744,0.09379417121041166,0.0,-0.0013573702592321914,97.39884227660835,1.0,-2.625,-1.1613747745791596,0.39224130719259626,0.2529340777833902,0.04903107398318112,-1.76792300411254,0.0,-1.2443475040689453,0.23849693639717745,0.06483303167989768,Insurance—Property & Casualty,Financial Services,DGICA
2011Q1,2011,Q1,2011-05-05,2011-03-31,2205936.0,111583442.0,0.0,0.08,111583442.0,1.0,1189441838.0,382793837.0,0.0,0.0,806648001.0,0.0,215604255.0,350985549.88,393483965.88,14.581664693716878,0.0,0.050419155509813164,0.15666567014243754,0.0,14.581664693716878,0.005762726007524515,3.1454985039805456,39.777394933488544,0.9169049131791533,1.302451657709018,0.0,0.008185878310324472,0.09381160005908587,0.0,0.001854597618416715,57.14882229175886,1.0,-0.5417361647232465,-0.7728915186827628,0.29038916640493484,0.24750220241873294,0.05574892956860854,-0.5186503314339181,0.0,-0.6830634569250579,0.20069363918357297,0.03690218906994335,Insurance—Property & Casualty,Financial Services,DGICA
2010Q4,2010,Q4,2011-03-14,2010-12-31,4582814.0,105691267.0,0.0,0.1745719252571755,105691267.0,1.0,1174619523.0,380102810.0,0.0,0.0,794516713.0,0.0,213435095.0,380124963.52000004,419865122.52000004,14.479156111804315,0.0,0.04774513781004132,0.14754526808154877,0.0,14.479156111804315,0.012056774849941257,3.5965598134044514,20.7364385462731,1.0000582829682316,0.6264618201829706,0.0,0.007552668926067378,0.08997915063599705,0.0,0.0039015305894928498,37.7490120229808,1.0,-0.09184492679397023,-0.5627508646067145,0.2158671694023133,0.28569694346988816,0.01870788482788072,-0.06661365789258758,0.0,-0.5898747552717041,0.1752724386109854,0.04130582586352226,Insurance—Property & Casualty,Financial Services,DGICA
2010Q3,2010,Q3,2010-11-09,2010-09-30,4909879.0,103750318.0,0.0,0.192227,103750318.0,1.0,976101999.0,394775506.0,0.0,0.0,581326493.0,0.0,214604432.0,333843311.19,336579043.19,15.455501699368943,0.0,0.015843631112162082,0.03917416294819466,0.0,15.455501699368943,0.012437141933522087,3.2177569922243516,16.998550839542077,0.8456535578223032,0.5840683650248815,0.0,0.008589972912076423,0.10629044721380598,0.0,0.005030088049230601,45.53037936014795,1.0,1.7460999999999998,-0.5254957732782459,0.21679402032800113,0.4073268017948781,0.021915353282097396,1.822210713398876,0.0,-0.5728393980880105,0.18452447998871896,0.11782951273269063,Insurance—Property & Casualty,Financial Services,DGICA
2010Q2,2010,Q2,2010-08-09,2010-06-30,1739728.0,101525354.0,0.0,0.07,101525354.0,1.0,963817073.0,387878358.0,0.0,0.0,575938715.0,0.0,213838682.0,313767559.06,319109380.06,15.19285497232819,0.0,0.01604557590151757,0.03987074731300167,0.0,15.19285497232819,0.004485241220908747,3.0905340065103344,45.08859417391684,0.8089328847267111,1.647544328768635,0.0,0.009135039353931099,0.105336745783087,0.0,0.0018050396166825321,43.22907441501419,1.0,6.5979594051883215,-0.8183291118671894,0.18742018011070918,0.3953061954055012,0.036874975425050874,6.410729346816722,0.0,-0.8451281360371281,0.1516646191532139,0.1214803837132907,Insurance—Property & Casualty,Financial Services,DGICA
2010Q1,2010,Q1,2010-05-07,2010-03-31,234758.0,97914750.0,0.0,0.009213,97914750.0,1.0,936024756.0,385428382.0,0.0,0.0,550596374.0,0.0,214965233.0,370112606.15999997,379670716.15999997,15.110444037138063,0.0,0.016521998911746733,0.04012418576896602,0.0,15.110444037138063,0.000609083323811893,3.7799474150728054,394.1426981828095,0.9602629786614936,11.928564734748123,0.0,0.007566145960425397,0.10460700891975126,0.0,0.000250803195636847,-111.92710565637522,1.0,-0.9687823992633171,-0.9738972524911921,0.1736571357799914,0.4548524674360535,-0.03603473127047816,-0.9688145233420818,0.0,-0.9581658199430527,0.14470685948642623,0.15320366284769218,Insurance—Property & Casualty,Financial Services,DGICA
2009Q4,2009,Q4,2010-03-11,2009-12-31,7527799.0,101574977.0,0.0,0.2951219755070447,101574977.0,1.0,935601927.0,385505699.0,0.0,0.0,550096228.0,0.0,214755495.0,396385244.64,398926346.64,15.113475194821772,0.0,0.016529465741470198,0.040116138464661194,0.0,15.113475194821772,0.019527075785201298,3.9023906905733288,13.164048503420453,1.0282214910654277,0.3719320879848147,0.0,0.007063406213676865,0.10856644697782886,0.0,0.008045942171301236,26.39807938432379,1.0,0.1350845211809412,-0.024865629073249487,0.25943958856339266,0.48655504826540746,0.07060672727786507,0.11608084448418504,0.0,-0.33326232297178976,0.18013675372265986,0.17563276398915778,Insurance—Property & Casualty,Financial Services,DGICA
2009Q3,2009,Q3,2009-11-06,2009-09-30,6744851.0,94876087.0,0.0,0.26,94876087.0,1.0,926441567.0,391529722.0,0.0,0.0,534911845.0,0.0,212825904.0,393441292.56,400089565.56,15.364983345661669,0.0,0.016692903849380065,0.03949891701963817,0.0,15.364983345661669,0.017226919492972746,4.146896283359578,14.583023871098115,1.004882312766028,0.41469025779813373,0.0,0.0071091267055388005,0.10240914309061869,0.0,0.007280384689388618,35.269174665119195,1.0,0.5294117647058822,0.0691658223928631,0.2026983855076508,0.5509075583862819,0.0008556149371582223,0.5372445314366044,0.0,-0.3213042729925939,0.1345208298287005,0.24137182731576448,Insurance—Property & Casualty,Financial Services,DGICA
2009Q2,2009,Q2,2009-08-07,2009-06-30,4387624.0,94794979.0,0.0,0.17,94794979.0,1.0,893823545.0,371327450.0,0.0,0.0,522496095.0,0.0,208908145.0,387481670.55,395465177.55,14.575890793707119,0.0,0.017302072748598272,0.04164787709607787,0.0,14.575890793707119,0.011816050765974882,4.087575888908631,22.078103692909878,1.0435039762075227,0.6374728098852591,0.0,0.007218382732865503,0.10605558505398288,0.0,0.004908825712350193,73.99317178761828,1.0,27.333333333333332,-0.4113432477585456,0.21799600700140456,0.48227501893557223,-0.007251064130328281,24.839344185060423,0.0,-0.579928136436249,0.1331329545740508,0.22189108395006027,Insurance—Property & Casualty,Financial Services,DGICA
2009Q1,2009,Q1,2009-05-05,2009-03-31,169804.0,95487364.0,0.0,0.006,95487364.0,1.0,890378990.0,368349746.0,0.0,0.0,522029244.0,0.0,207322810.0,391320568.88,404494906.88,14.467769001317517,0.0,0.017369008224239434,0.04198455453801236,0.0,14.467769001317517,0.0004609857936484094,4.098139821725522,576.1356753668936,1.062361446232679,15.333714164566207,0.0,0.006653690623654498,0.10724350537516614,0.0,0.00019070980100282915,223.7787565348769,1.0,-0.9675047348466719,-0.986974159855983,0.2637686940754092,0.4760109630912575,-0.003685006481130213,-0.9638791515927366,0.0,-0.9819744974230277,0.13858610557406115,0.23775810734463404,Insurance—Property & Casualty,Financial Services,DGICA
2008Q4,2008,Q4,2009-03-12,2008-12-31,4700997.0,95840537.0,0.0,0.18464228470483768,95840537.0,1.0,880109036.0,363583865.0,0.0,0.0,516525171.0,0.0,207182253.0,426964602.47999996,440598648.47999996,14.280578250829615,0.0,0.017571686424544333,0.04253489081535563,0.0,14.280578250829615,0.012929608413728701,4.454947935861419,22.70606652588802,1.1743221951832212,0.5548463442967524,0.0,0.00610900993864516,0.10889620840115996,0.0,0.00534138022416577,101.07955821493378,1.0,-0.34056326891129407,-0.18310168903510124,0.548743160666211,0.5682995605386747,0.03378287283565733,-0.3491700216528129,0.0,-0.5375277025484219,0.13682937526498684,0.26806394421741003,Insurance—Property & Casualty,Financial Services,DGICA
2008Q3,2008,Q3,2008-11-06,2008-09-30,7223080.0,92708575.0,0.0,0.28,92708575.0,1.0,894070761.0,355657216.0,0.0,0.0,538413545.0,0.0,207691691.0,461574933.4,470573356.4,13.969704287412242,0.0,0.017297288620313128,0.04348287987498614,0.0,13.969704287412242,0.020309105720492396,4.978772820097817,15.975696427285865,1.2978084308009654,0.3601052459615566,0.0,0.0056352041928280335,0.10369265951199136,0.0,0.008078868379412308,24.958677972581274,1.0,0.03703703703703707,0.17264781538373666,0.10940355444586913,0.5781479439405316,-0.01343364135725907,0.04789872736045895,0.0,-0.2996511805452108,0.09086301121742184,0.2720350098778607,Insurance—Property & Casualty,Financial Services,DGICA
2008Q2,2008,Q2,2008-08-11,2008-06-30,6892918.0,93970947.0,0.0,0.27,93970947.0,1.0,871999504.0,357306426.0,0.0,0.0,514693078.0,0.0,204778779.0,403987973.72999996,430749288.72999996,14.03619253381481,0.0,0.03546905687230758,0.08656155543085586,0.0,14.03619253381481,0.019291335107418414,4.299073135125476,14.652284189729228,1.1306484975727809,0.3778560835918837,0.0,0.006447050826668182,0.10776490877453526,0.0,0.00790472697333094,41.25570729245948,1.0,0.026615969581749072,-0.1557038956620624,0.1480350555074993,0.6028066944298077,0.046539103778424705,0.02497181033766182,0.0,-0.2781088056856692,0.10227044444475146,0.28907874379156434,Insurance—Property & Casualty,Financial Services,DGICA
2008Q1,2008,Q1,2008-05-05,2008-03-31,6724983.0,89792103.0,0.0,0.263,89792103.0,1.0,868624995.0,356695594.0,0.0,0.0,511929401.0,0.0,200490392.0,441344457.59999996,468322120.59999996,14.06271955775887,0.0,0.03560685011142237,0.0867097898607629,0.0,14.06271955775887,0.01885356341127107,4.915181211425686,16.4068986345393,1.2373140151543334,0.32889005072577876,0.0,0.005011459783651762,0.10337269076628401,0.0,0.007742101641917408,22.936706399351287,1.0,-0.38212894653799256,0.12194481620242029,0.10357399335653393,0.6624703368628976,0.03339651225164207,-0.37711931636148216,0.0,-0.24803946413059705,0.08235394325112336,0.3539762430000525,Insurance—Property & Casualty,Financial Services,DGICA
2007Q4,2007,Q4,2008-03-13,2007-12-31,10796583.0,86890271.0,0.0,0.42565515656766684,86890271.0,1.0,834095756.0,352690191.0,0.0,0.0,481405565.0,0.0,193806855.0,435510594.08000004,462150229.08000004,13.904806592047255,0.0,0.03708087444099164,0.08769452848208074,0.0,13.904806592047255,0.03061208753605512,5.012190537189141,10.084454361162232,1.2348247986290042,0.204198309780048,0.0,0.005062205213761169,0.10417301655710619,0.0,0.012944056989063495,329.86529559150114,1.0,-0.054099652071851495,0.9089382256513627,0.07280478732669428,0.6984687709828443,0.01696425447921966,-0.037087863574241015,0.0,0.4064387195098297,0.08342735313174188,0.3676709140756769,Insurance—Property & Casualty,Financial Services,DGICA
2007Q3,2007,Q3,2007-11-05,2007-09-30,11212428.0,85440831.0,0.0,0.45,85440831.0,1.0,848141162.0,344504338.0,0.0,0.0,503636824.0,0.0,187428952.0,420590638.15999997,446705716.15999997,13.826349656474722,0.0,0.036466806925236815,0.0897782599184571,0.0,13.826349656474722,0.03254655098131159,4.922595359120512,9.377777903233804,1.2208573064760653,0.19601026646503328,0.0,0.005225392104814129,0.10073892746641626,0.0,0.013220002167516544,60.020994709586674,1.0,0.046511627906976785,1.4235756766389582,0.09020989264647533,0.7138397772594591,0.009877114374184388,0.04002168267823373,0.0,0.8176817942200297,0.10767131697768534,0.39560126455801203,Insurance—Property & Casualty,Financial Services,DGICA
2007Q2,2007,Q2,2007-08-06,2007-06-30,10780956.0,84605176.0,0.0,0.43,84605176.0,1.0,841354473.0,331934438.0,0.0,0.0,509420035.0,0.0,178436557.0,364592334.24,389739123.24,13.547142859533317,0.0,0.036760962225252235,0.09317803897165981,0.0,13.547142859533317,0.03247917289015971,4.309338405489518,8.454545548650788,1.0983865863294364,0.16528024045362952,0.0,0.004887318883745492,0.10055830059157479,0.0,0.01281380957250821,28.14429001177824,1.0,1.0476190476190477,1.2343059879641611,0.09856829338973322,0.7293654288214065,0.011031760993903397,0.963766439620994,0.0,0.5038597909737746,0.1302507673473623,0.3776579231306457,Insurance—Property & Casualty,Financial Services,DGICA
2007Q1,2007,Q1,2007-05-04,2007-03-31,5489938.0,83682016.0,0.0,0.21,83682016.0,1.0,837968145.0,326976077.0,0.0,0.0,510992068.0,0.0,169442667.0,423723402.72,452753353.72,13.103014258404896,0.0,0.036909517604634005,0.09459101804564131,0.0,13.103014258404896,0.01679002956537398,5.063494200713329,19.2954548266301,1.29588502806583,0.4449882676270661,0.0,0.005765454502437117,0.0998630037422246,0.0,0.006551487706015364,105.75405633631976,1.0,-0.5255693448942031,0.6291814927888159,0.08234981926339109,0.7308586632590834,-0.006198981414124116,-0.5029774161794538,0.0,-0.5703257666019825,0.12997247879469181,0.3367778192467312,Insurance—Property & Casualty,Financial Services,DGICA
