Quarters,Year,Quarter,FillingDate,Date,NetIncome,Revenue,OperatingIncome,EPSDiluted,GrossProfit,GrossProfitRatio,TotalAssets,CommonStockEquity,CurrentAssets,CurrentLiability,TotalLiability,Inventory,RetainedEarnings,MarketCap,EnterpriseValue,bookValuePerShare,currentRatio,debtToAssets,debtToEquity,roic,shareholdersEquityPerShare,roe,priceToSalesRatio,peRatio,pbRatio,payoutRatio,inventoryTurnover,dividendYield,assetTurnover,quickRatio,returnOnAssets,priceToFreeCashFlowsRatio,grossProfitMargin,epsdilutedGrowth,fiveYNetIncomeGrowthPerShare,fiveYRevenueGrowthPerShare,fiveYShareholdersEquityGrowthPerShare,grossProfitGrowth,netIncomeGrowth,operatingIncomeGrowth,threeYNetIncomeGrowthPerShare,threeYRevenueGrowthPerShare,threeYShareholdersEquityGrowthPerShare,Industry,Sector,Symbol
2023Q3,2023,Q3,2023-06-09,2023-04-30,-10960000.0,20217000.0,-3484000.0,-0.0292,6219000.0,0.3076124054,722148000.0,621838000.0,48281000.0,9595000.0,100310000.0,26637000.0,-290197000.0,928126016.8700001,910663016.8700001,1.654882884524435,5.031891610213653,0.0,0.0,-0.0054365727922934355,1.654882884524435,-0.01762516925630148,45.908196907058425,-21.17075768407847,1.4925527498641127,0.0,0.5255096294627774,0.0,0.02799564632180661,1.998019801980198,-0.015176944338279688,-94.29300181550342,0.30761240540139484,-1.9733333333333334,-0.04648456977184859,0.0,2.972813418154572,-0.4033387700278231,-2.006243114212266,-1.684748427672956,-0.6287402500209899,0.0,3.2858787099914353,Uranium,Energy,UEC
2023Q2,2023,Q2,2023-03-13,2023-01-31,10892000.0,47931000.0,5088000.0,0.03,10423000.0,0.2174584298,733315000.0,624668000.0,57573000.0,12904000.0,108647000.0,21037000.0,-279237000.0,1489523669.5300002,1456910669.5300002,1.6900785744440951,4.461639801611903,0.0,0.0,0.008468568148303013,1.6900785744440951,0.017436462248746534,31.076415462435588,34.18847937775432,2.3845045200490502,0.0,1.7829538432285972,0.0,0.06536208859766948,-0.24387786732796032,0.014853098600192278,88.37805087990982,0.2174584298262085,3.678571428571429,1.9969970994274315,0.0,2.813733019396443,0.06281227694503926,3.8998935037273696,1.0335731414868106,3.8279191783612374,0.0,3.370116811277044,Uranium,Energy,UEC
2023Q1,2023,Q1,2022-12-19,2022-10-31,-3756000.0,57292000.0,2502000.0,-0.0112,9807000.0,0.1711757313,695487000.0,581439000.0,54895000.0,17608000.0,114048000.0,29165000.0,-290129000.0,1417888956.46,1396923956.46,1.7264103643994044,3.117616992276238,0.0,0.0,0.004270147201839499,1.7264103643994044,-0.006459834995588531,24.74846324897019,-94.37493054179978,2.438585916080621,0.0,1.6281501800102862,0.0,0.08237680934366853,0.6702067242162654,-0.005400532288885342,38.975479162703756,0.17117573134119948,-1.4444444444444444,0.6226936760770212,0.0,4.767754748227133,769.5665121395458,-1.6884978154492238,1.276474383631744,0.5991622122482574,0.0,3.2153757616921026,Uranium,Energy,UEC
2022Q4,2022,Q4,2022-09-29,2022-07-31,5455355.0,77765.0,-9049663.0,0.0252,12727.0,0.1636597441,354247000.0,326909000.0,102191000.0,8498000.0,27338000.0,66570000.0,-286373000.0,1140759239.3999999,1109561223.3999999,1.1606142683502336,12.025300070604848,0.0037769804684302196,0.004092833173757835,-0.02746461601195332,1.1606142683502336,0.016687686787454612,14669.314465376452,52.27703968852623,3.489531457989838,0.0,0.0009769866306143908,0.0,0.00021952197195741955,2.4976843963285478,0.015399862243011233,-71.0616875486355,0.16365974410081657,-0.15999999999999998,1.7007845458794013,0.0,2.2968797258485005,-0.996186730649613,-0.2572430766080424,-1.9576033827091741,1.6922927049205765,0.0,1.6139376575052993,Uranium,Energy,UEC
2022Q3,2022,Q3,2022-06-14,2022-04-30,7344738.0,9892310.0,-3059796.0,0.03,3337556.0,0.3373889415,330793380.0,307524498.0,92802397.0,4631428.0,23268882.0,57411334.0,-291828465.0,1197093029.0,1174676982.0,1.0917941085930423,20.03753421191045,0.0040447726009510835,0.004350820857205334,-0.009865415253696405,1.0917941085930423,0.023883424077648603,121.01248636567192,40.7466212205255,3.8926753373645053,0.0,0.1141717766042503,0.0,0.029904800392317403,6.716195091449117,0.022203400805663038,-58.94978115178724,0.3373889415111334,4.571428571428571,1.822949070088172,0.0,1.6327699858880822,-0.7106435188833689,4.541636569316808,0.371920125082441,1.9201713394549356,0.0,1.3584312729902188,Uranium,Energy,UEC
2022Q2,2022,Q2,2022-03-17,2022-01-31,-2073826.0,13190925.0,-4871667.0,-0.0084,11534409.0,0.8744200274,232718651.0,214881546.0,134427054.0,13019322.0,17837105.0,36217420.0,-293698936.0,644302830.42,559093239.42,0.8704615416548863,10.325196196852648,0.047673587623193986,0.05163092506789764,-0.021495808594809998,0.8704615416548863,-0.009651019543576814,48.84440101205942,-77.67079186248026,2.998409320919536,0.0,0.04573810061567058,0.0,0.05668185572285738,7.397015297724413,-0.008911301226131634,-52.39484628405233,0.8744200274052047,-0.15068493150684922,0.7686788989590022,0.0,2.7257428436515365,9.62685643980898,0.0,0.15107771881500331,0.40507608304972037,0.0,0.764137077081244,Uranium,Energy,UEC
2022Q1,2022,Q1,2021-12-15,2021-10-31,-2073826.0,0.0,-5738649.0,-0.0073,-1337035.0,0.0,169541085.0,151455144.0,75045362.0,13269210.0,18085941.0,29172480.0,-291625110.0,960282762.58,926302675.58,0.6135281534962653,5.655601350796317,0.060945068270620066,0.06822279341004094,-0.03532767454446758,0.6135281534962653,-0.013692674578289661,0.0,-115.76221469158936,6.340377336936143,0.0,0.04583206501469878,0.0,0.0,3.33951908214581,-0.012231996745803532,-78.09040308236153,0.0,0.6523809523809524,0.7686788989590022,0.0,1.3594215486081274,0.0958367652767127,0.5482019040290743,-0.18002932672525843,0.5949855915681718,0.0,0.6159638936491744,Uranium,Energy,UEC
2021Q4,2021,Q4,2021-10-28,2021-07-31,-4590161.0,0.0,-4863141.0,-0.021,-1478754.0,0.0,163575373.0,146340297.0,76430509.0,12201873.0,17235076.0,26405480.0,-289826057.0,474843924.45,441188712.45,0.6687638361548378,6.263834167098772,0.06515386640750621,0.07282729513662255,-0.030864908880059994,0.6687638361548378,-0.03136635017216071,0.0,-25.8620517041777,3.2447926796950535,0.0,0.056001784478070464,0.0,0.0,3.9594560605572604,-0.028061442965500682,-76.28414346679038,0.0,-0.2068965517241381,0.3744664599901185,0.0,1.1816750949957502,-0.5383544671196152,0.0,-0.3801790689978709,0.20221811677616994,0.0,0.6658418671132251,Uranium,Energy,UEC
2021Q3,2021,Q3,2021-06-09,2021-04-30,-4590161.0,0.0,-3523558.0,-0.0174,-961257.0,0.0,100142619.0,75646843.0,14437870.0,19467523.0,24495776.0,211662.0,-285235896.0,576153193.5,585346240.5,0.38075957431970736,0.7416387796228622,0.17880738669317206,0.23670835807384585,-0.03743945482825663,0.38075957431970736,-0.06067881775317444,0.0,-31.379792206635017,7.61635476975556,0.0,4.541471780480199,0.0,0.0,0.6530462555508474,-0.045836238814565056,-19.432491211665354,0.0,0.3333333333333334,0.3742469910392139,0.0,0.5847618949207585,-0.3697783148393826,-0.3262302087309116,-0.040431933810307,0.1710655067188584,0.0,-0.08592519742999308,Uranium,Energy,UEC
2021Q2,2021,Q2,2021-03-16,2021-01-31,-3461059.0,0.0,-3386630.0,-0.0261,-701761.0,0.0,102213761.0,74958572.0,18143540.0,3822283.0,27255189.0,211662.0,-281774837.0,347618563.17,362076457.17,0.39461122417940636,4.74678091601276,0.20700243091534418,0.2822692113184867,-0.03503259573056591,0.39461122417940636,-0.046172958044078,0.0,-25.109263029754764,4.637475793562343,0.0,3.315479396396141,0.0,0.0,4.3692743315971105,-0.03386098863928899,-107.10815810920444,0.0,-0.12500000000000014,0.6259684240254304,0.0,0.41742475932082135,0.09922663705852529,0.3027030925728971,0.021526458365114805,0.38356717455794576,0.0,-0.10954326134069636,Uranium,Energy,UEC
2021Q1,2021,Q1,2020-12-15,2020-10-31,-4963537.0,0.0,-3461136.0,-0.0232,-779065.0,0.0,91389617.0,64416618.0,6589879.0,2037402.0,26972999.0,211662.0,-276811300.0,163855613.4374,178884479.4374,0.33911425749248775,3.234452012906633,0.24369298976272108,0.345733906738165,-0.03967196863720512,0.33911425749248775,-0.07705367270290409,0.0,-8.25296625357079,2.543685442123025,0.0,3.6807031966059096,0.0,0.0,7.434813060947226,-0.05431182625483593,-64.55959666602575,0.0,-0.30337078651685384,0.492208113560173,-1.0,0.07869765026328776,0.1855589380323742,-0.516211597840205,-0.09581255218044199,0.11596793435298915,0.0,0.13294492965133264,Uranium,Energy,UEC
2020Q4,2020,Q4,2020-10-29,2020-07-31,-3273644.0,0.0,-3158511.0,-0.0178,-956564.0,0.0,93647447.0,67460728.0,9111165.0,1955966.0,26186719.0,211662.0,-272405666.0,178067410.8752,192392459.8752,0.36683985352143755,4.658140785678278,0.20793681647295734,0.28865315535877406,-0.036321264594814426,0.36683985352143755,-0.048526662801504306,0.0,-13.598562555610812,2.639571438885154,0.0,4.519299638102257,0.0,0.0,2.6317957469608366,-0.034957108868114685,-61.604171056101194,0.0,-0.7281553398058253,0.6936343087592486,-1.0,0.2836726544234135,0.2771500230858226,0.0,0.16878423966720957,0.3558939064630244,0.0,0.04205756269670256,Uranium,Energy,UEC
2020Q3,2020,Q3,2020-06-09,2020-04-30,-3273644.0,0.0,-3799869.0,-0.0103,-1323323.0,0.0,96514311.0,70584624.0,12068244.0,2148353.0,25929687.0,211662.0,-269132022.0,201083021.70000002,209855470.70000002,0.3861245257982912,5.617439964475112,0.19732580383856235,0.2698146270496532,-0.04235202306427131,0.3861245257982912,-0.046378996082772926,0.0,-15.3562071578339,2.8488218864777126,0.0,6.252057525677731,0.0,0.0,4.781483769194355,-0.033918741853734,-70.91052131568286,0.0,0.6294964028776978,0.69276660484115,0.0,0.16812658741439176,0.13136490769968973,-0.7333147663874036,0.02940939824628666,0.43482316391379094,0.0,-0.06889306844947378,Uranium,Energy,UEC
2020Q2,2020,Q2,2020-03-11,2020-01-31,-1888661.0,0.0,-3915007.0,-0.0278,-1523451.0,0.0,96696496.0,70092183.0,14889164.0,1841311.0,26604313.0,211662.0,-267243361.0,150411658.5898,157331773.5898,0.38673533166959373,8.086175556437777,0.20716556264872307,0.28579769016467926,-0.043425599324809286,0.38673533166959373,-0.026945387048367433,0.0,-19.909827463716358,2.145912028304212,0.0,7.197564985684724,0.0,0.0,7.1210507078923655,-0.019531845290443616,-53.04161948825152,0.0,0.20343839541547284,0.8381062317828099,0.0,0.028107478211401946,-0.20077889587844117,0.6254571819131369,0.23283458199161272,0.7130602309631598,0.0,0.6553016134588282,Uranium,Energy,UEC
2020Q1,2020,Q1,2019-12-10,2019-10-31,-5042577.0,0.0,-5103211.0,-0.0349,-1268719.0,0.0,101040242.0,74227268.0,19709933.0,3071368.0,26812974.0,211662.0,-262200784.0,171653068.8642,185244855.8642,0.40955076415451097,6.41731404377463,0.19447670166902412,0.26472714851905904,-0.0543220850046549,0.40955076415451097,-0.06793429336507441,0.0,-8.510185806989165,2.3125338368131776,0.0,5.994080184445012,0.0,0.0,5.824719473537525,-0.049906620374088176,-35.984014466342394,0.0,-0.2464285714285714,0.6224235271494523,0.0,-0.05173195873573222,0.12704302725137234,-0.00498649043747784,-0.4612495672698212,0.2338932822086748,0.0,0.5749935723217962,Uranium,Energy,UEC
2019Q4,2019,Q4,2019-10-15,2019-07-31,-5017557.0,0.0,-3492361.0,-0.028,-1453358.0,0.0,105055912.0,79632565.0,22969697.0,1493746.0,25423347.0,211662.0,-255866652.0,177626867.3056,190754326.3056,0.4440099269459646,15.377244190109964,0.18262318259633023,0.24092712573053499,-0.035314208341387876,0.4440099269459646,-0.06300885824787887,0.0,-8.850266539353713,2.230580759336334,0.0,6.866409653126211,0.0,0.0,11.976505376416071,-0.04776082473112032,-53.13220748745704,0.0,-1.105263157894737,0.6647045312642959,0.0,-0.1081085531300849,-0.616248358293938,0.0,-0.10256521968361669,0.1657271241755845,0.0,0.44847156377130304,Uranium,Energy,UEC
2019Q3,2019,Q3,2019-06-10,2019-04-30,-5017557.0,0.0,-3167487.0,-0.0133,-899217.0,0.0,106958178.0,81967408.0,23836423.0,1501756.0,24990770.0,211662.0,-250849095.0,249656451.32999998,264467021.32999998,0.46293234027921165,15.872367415212592,0.1757798641633555,0.22937280144322728,-0.03134262496892363,0.46293234027921165,-0.061214049857475056,0.0,-12.439143757111278,3.045801464528438,0.0,4.248362956033676,0.0,0.0,14.66082306313409,-0.04691139185261738,-74.677882765484,0.0,0.35748792270531404,0.6839712201210142,0.0,-0.19596099423748628,-0.038065531265476314,-1.1354268719830922,0.01445789205446002,0.2324907154059383,0.0,0.9267736973174077,Uranium,Energy,UEC
2019Q2,2019,Q2,2019-03-12,2019-01-31,-2349674.0,0.0,-3213954.0,-0.0207,-866243.0,0.0,108046108.0,82103849.0,26449132.0,16462136.0,25942259.0,211662.0,-248499421.0,216316480.9,226613886.9,0.49342058106678455,1.6066646515373217,0.18365071511877132,0.2416786209377346,-0.031478724775393985,0.49342058106678455,-0.028618317272799232,0.0,-23.015584385323244,2.6346691846322576,0.0,4.092576844213888,0.0,0.0,1.4910178727717958,-0.021746956401243068,-88.65596683380097,0.0,0.2787456445993031,0.8232202823338333,0.0,-0.269927012797165,0.05198398236703318,0.3192164629923979,0.3415120321241827,0.7101238468020556,0.0,0.7723432723357033,Uranium,Energy,UEC
2019Q1,2019,Q1,2018-12-10,2018-10-31,-3451426.0,0.0,-4880809.0,-0.0287,-913743.0,0.0,89611309.0,63175560.0,8340728.0,12315570.0,26435749.0,211662.0,-245151636.0,221308399.69,233916850.69,0.3796669937412984,0.6772506672447967,0.2179967486023444,0.30921726693043955,-0.05403494797202261,0.3796669937412984,-0.05463229767967233,0.0,-16.030214735155848,3.5030698531204156,0.0,4.316991240751765,0.0,0.0,1.7803904325987348,-0.03851551816969887,-54.97275925950306,0.0,-0.091254752851711,0.6469084871803291,-1.0,-0.42877083560075235,0.06902749179056804,0.16765839186658327,-0.4035969261721111,0.5969131096439556,-1.0,0.207692938243204,Uranium,Energy,UEC
2018Q4,2018,Q4,2018-10-15,2018-07-31,-4146646.0,0.0,-3477358.0,-0.0263,-981493.0,0.0,88958320.0,63311612.0,13801876.0,6438163.0,25646708.0,211662.0,-240381301.0,260212591.64999998,268227311.64999998,0.4014569746129347,2.1437599514022865,0.21626046894770495,0.3038647633865333,-0.04200330897039349,0.4014569746129347,-0.06549582089301406,0.0,-15.688136366716618,4.110029478478608,0.0,4.637077037918946,0.0,0.0,1.8985925022401577,-0.046613357806217566,-48.15260633263106,0.0,0.05734767025089608,0.42378365549987185,-1.0,-0.4277911292384017,-0.0013037955958641726,0.0475828888378991,0.11603462997897462,0.5474820732175618,-1.0,0.4048073983544517,Uranium,Energy,UEC
2018Q3,2018,Q3,2018-06-11,2018-04-30,-4353813.0,0.0,-3933817.0,-0.0279,-980215.0,0.0,92046979.0,65068551.0,17308660.0,2189534.0,26978428.0,211662.0,-236234655.0,235873411.07,252094431.07,0.41655187655229764,7.905179823651974,0.27008671300336756,0.38206884305753175,-0.041394188644462836,0.41655187655229764,-0.0669111718808676,0.0,-13.544071086080178,3.6249986736296003,0.0,4.631039109523675,0.0,0.0,7.226908100079743,-0.04729990106465091,-61.453789843948655,0.0,0.057432432432432436,0.5755381133819775,-1.0,-0.44313158059973445,0.4153903500924435,0.044344621409004706,0.021924432066955792,0.5218243906310828,0.0,0.2601771955099409,Uranium,Energy,UEC
2018Q2,2018,Q2,2018-03-12,2018-01-31,-4555840.0,0.0,-4021997.0,-0.0296,-1676700.0,0.0,94523947.0,68305189.0,20174171.0,1545278.0,26218758.0,211662.0,-231880842.0,241989621.69,251589773.69,0.443155974959035,13.055366736600146,0.20684977321143816,0.28624848691949306,-0.04568653127822917,0.443155974959035,-0.06669830018331403,0.0,-13.279089130105536,3.542770691843046,0.0,7.921591972106472,0.0,0.0,12.0080690982464,-0.048197733427276374,-88.62903739609905,0.0,0.1823204419889503,0.8275109508963568,-1.0,-0.4537307769008412,-0.44098014494883475,0.0,0.17741354245833685,0.5407985717696817,0.0,0.17809761498258847,Uranium,Energy,UEC
2018Q1,2018,Q1,2017-12-11,2017-10-31,-4555840.0,0.0,-4889452.0,-0.0362,-1163583.0,0.0,72177234.0,46135405.0,23591397.0,2447622.0,26041829.0,211662.0,-227325002.0,163381528.02,170060390.02,0.2993210425478061,9.638496875743067,0.26677158340537127,0.41735484927465144,-0.07466362728550456,0.2993210425478061,-0.09874932278149504,0.0,-8.965499667459788,3.5413480822374925,0.0,5.497363721404882,0.0,0.0,9.223635430634305,-0.06312017997253816,-39.46521439353297,0.0,-0.31159420289855083,0.7352104401273513,-1.0,-0.6642006350501364,-0.16446683032421608,-0.1992637799089412,-0.5233413579944973,0.5988752149422902,0.0,-0.30695629560856147,Uranium,Energy,UEC
2017Q4,2017,Q4,2017-10-16,2017-07-31,-3798864.0,0.0,-3209689.0,-0.0276,-999241.0,0.0,74946960.0,48388150.0,26861983.0,2742478.0,26558810.0,211662.0,-221737873.0,219924796.8,229560312.8,0.35203415497710716,9.794785227082953,0.2530857555796793,0.3919969661993691,-0.047542826217786674,0.35203415497710716,-0.0785081471393306,0.0,-14.47306331577019,4.545013537405336,0.0,4.72092770549272,0.0,0.0,7.049278790932871,-0.050687366105309675,-99.03711865551668,0.0,0.23545706371191139,0.8681971020540412,-1.0,-0.6560397738198439,0.06389550384750142,0.0,0.10636485785926639,0.6687675144043495,0.0,-0.29286208984158474,Uranium,Energy,UEC
2017Q3,2017,Q3,2017-06-09,2017-04-30,-3798864.0,0.0,-3591722.0,-0.0361,-1067446.0,0.0,76665928.0,49718406.0,28907720.0,2346908.0,26947522.0,211662.0,-217939009.0,148665793.56,140730128.56,0.414694072951747,12.317363952911661,0.2582600448011273,0.3982377472037217,-0.051564077571532044,0.414694072951747,-0.07640759842542015,0.0,-9.783569085389738,2.990156071375257,0.0,5.043163156353053,0.0,0.0,18.635618439240055,-0.04955087741193193,-50.6112686401773,0.0,0.005509641873278204,0.817268234012245,-1.0,-0.4441371976820989,-0.19921853057684485,0.1067158840960577,-0.018185890003600214,0.6466359386536538,0.0,-0.2797431047685589,Uranium,Energy,UEC
2017Q2,2017,Q2,2017-03-13,2017-01-31,-4252694.0,0.0,-3527570.0,-0.0363,-890118.0,0.0,53562227.0,27358565.0,5576188.0,1956945.0,26203662.0,211662.0,-213606640.0,188530872.81,203696578.81,0.23363435915554545,2.8494352166259143,0.3639413088630538,0.7125193518007981,-0.07513589449319376,0.23363435915554545,-0.15544287501921245,0.0,-11.083026007161578,6.891109705863594,0.0,4.2053746066842415,0.0,0.0,2.211508754717174,-0.07939725881823398,-66.05363265619302,0.0,-0.12383900928792559,0.7566271808290267,-1.0,-0.7141740024316127,-0.3644875572165691,0.0,-0.14936270690969136,0.5453485151245206,0.0,-0.6543108636994159,Uranium,Energy,UEC
2017Q1,2017,Q1,2016-12-12,2016-10-31,-4252694.0,0.0,-3069153.0,-0.0323,-652346.0,0.0,56176311.0,30449878.0,8000641.0,1822447.0,25726433.0,275316.0,-209353946.0,105144019.0659,117199626.0659,0.2600332924221187,4.390054141492181,0.3417486420566135,0.6304845622041573,-0.06166589038968471,0.2600332924221187,-0.13966210307969049,0.0,-6.1810242557952675,3.453019387003784,0.0,2.369444565517442,0.0,0.0,3.9192201474171813,-0.07570262134158293,-37.35212179079419,0.0,0.03582089552238805,0.7568546083499388,-1.0,-0.6723490689479273,0.10141218345712208,-0.15592020233456688,-0.04502402345858128,0.3817807820238038,-1.0,-0.6087660955656184,Uranium,Energy,UEC
2016Q4,2016,Q4,2016-10-14,2016-07-31,-3679055.0,0.0,-2936921.0,-0.0335,-725968.0,0.0,59558492.0,33630461.0,11115132.0,2113915.0,25928031.0,251999.0,-205576668.0,114099424.4,122925989.4,0.3065368613726328,5.25807896722432,0.3175595849538971,0.5623880683645699,-0.05576766195314805,0.3065368613726328,-0.10939650812398914,0.0,-7.753310591986257,3.392740420656143,0.0,2.880836828717574,0.0,0.0,4.771622794672444,-0.06177213150393398,-49.076752126311554,0.0,0.30497925311203317,0.8084928437260555,0.0,-0.639181801418782,0.18779626884457248,0.0,0.2691239230362061,0.26511540779667586,-1.0,-0.5630836617997383,Uranium,Energy,UEC
2016Q3,2016,Q3,2016-06-09,2016-04-30,-3679055.0,0.0,-4018357.0,-0.0482,-893825.0,0.0,49982462.0,23940769.0,3289970.0,13631613.0,26041693.0,251999.0,-201897613.0,80791379.524,97926124.524,0.24026295403748724,0.24134854767370523,0.3909544911973324,0.8162172234317118,-0.09229789174432017,0.24026295403748724,-0.15367321743090206,0.0,-5.489954589154008,3.3746359410593705,0.0,3.5469386783280887,0.0,0.0,0.1765105127324257,-0.07360691836268489,-34.750206039094714,0.0,0.06407766990291257,0.8061174343374452,0.0,-0.7220155510110136,0.5003828911918257,0.2337704532224792,0.06708476191183736,0.4377156899569662,-1.0,-0.6788038681695956,Uranium,Energy,UEC
2016Q2,2016,Q2,2016-03-11,2016-01-31,-4801505.0,0.0,-4307312.0,-0.0515,-1789020.0,0.0,53130380.0,27440874.0,6186582.0,8490219.0,25689506.0,251999.0,-197096108.0,96594988.7,110435046.7,0.27840012077148263,0.7286716632397822,0.36124616462370496,0.6994363955025631,-0.09221078968810571,0.27840012077148263,-0.17497638741389943,0.0,-5.029412064550594,3.520113415483778,0.0,7.099313886166215,0.0,0.0,0.6305005795492437,-0.0903721185506296,-29.90570813796349,0.0,0.06193078324225866,0.832340655556599,0.0,-0.7263873414305082,-3.5578617778264667,0.05333737904753793,0.06825817783796179,0.7157247710444606,-1.0,-0.6568219176135264,Uranium,Energy,UEC
2016Q1,2016,Q1,2015-12-08,2015-10-31,-5072034.0,3080000.0,-4622860.0,-0.0549,-392513.0,-0.1274392857,57900257.0,30986665.0,10807618.0,4560698.0,26913592.0,251999.0,-192024074.0,110394272.80000001,120059342.80000001,0.3143737797238336,2.3697289318433277,0.3412329931454363,0.6376122761194211,-0.09096776780365401,0.3143737797238336,-0.16368441069731124,35.842296363636365,-5.4413216078598845,3.5626380831883657,0.0,13.779868174080056,0.0,0.053194927960337035,2.2129086381075878,-0.08759950754622729,-23.340664909401177,-0.12743928571428573,0.055077452667814136,0.7803467992800047,0.0,-0.541751187548946,-1.1929609204398086,0.05155365950668031,-0.007637614378942504,0.5390189015875126,-0.6459569212143284,-0.6473134174277405,Uranium,Energy,UEC
2015Q4,2015,Q4,2015-10-14,2015-07-31,-5347729.0,3080000.0,-4587820.0,-0.0581,2034158.0,0.6604409091,52359602.0,26301154.0,4302409.0,1945813.0,26058448.0,2193888.0,-186611642.0,123326776.72000001,141540277.72000003,0.28577367622293925,2.2111112424472443,0.4068712172411089,0.809987843118975,-0.0963040553527649,0.28577367622293925,-0.20332678178303507,40.04116127272728,-5.765380814921625,4.689025307406664,0.0,0.4767071062880147,0.0,0.05882397654588742,0.7315435758729127,-0.10213463807459805,-232.48542657374298,0.6604409090909091,0.09218750000000003,-1.545604325342719,0.0,-0.6425571850665225,2.6217889637621306,0.0,0.1022231806537551,0.7228963551074945,-0.6507893043537895,-0.7207805637030616,Uranium,Energy,UEC
2015Q3,2015,Q3,2015-06-09,2015-04-30,-5347729.0,0.0,-5110201.0,-0.064,-1254268.0,0.0,55525074.0,30326798.0,7148845.0,1478416.0,25198276.0,2101666.0,-181263913.0,238540666.0,253499761.0,0.3305502416933807,4.835475941818811,0.3479804277253192,0.6371143765325967,-0.10289048433232362,0.3305502416933807,-0.17633675009145378,0.0,-11.151493746223865,7.865672663497149,0.0,0.5967970172234789,0.0,0.0,2.9529462614040973,-0.09631196529337359,-80.28406829814675,0.0,0.13161465400271372,-2.058614538190736,0.0,-0.544989133290215,0.44504632696069385,0.08983191332200956,0.15041826538858688,0.6638524230088728,-1.0,-0.5569249824414013,Uranium,Energy,UEC
2015Q2,2015,Q2,2015-03-12,2015-01-31,-5875540.0,0.0,-6014961.0,-0.0737,-2260131.0,0.0,59838854.0,34336417.0,7049013.0,2052768.0,25502437.0,2012387.0,-175388373.0,115926670.61,130521044.61,0.37616235643222534,3.43390631576486,0.31764637404319274,0.5535695526996891,-0.11239861591079638,0.37616235643222534,-0.17111686405719037,0.0,-4.932596434114992,3.376201733861748,0.0,1.1231095211805682,0.0,0.0,2.1592634920263762,-0.09818938043165065,-28.73742112599489,0.0,-0.08223201174743038,0.710950118612003,0.0,-0.4014148748692971,-0.004888543867511791,0.12647313270872362,-0.04153221030671634,0.5686471363797145,-1.0,-0.5398066398986497,Uranium,Energy,UEC
2015Q1,2015,Q1,2014-12-10,2014-10-31,-6726227.0,0.0,-5775108.0,-0.0681,-2249136.0,0.0,64907320.0,39423599.0,11567034.0,2298334.0,25483721.0,1896475.0,-168662146.0,104972969.44999999,114838214.44999999,0.43189345874029667,5.032790708400085,0.28818224200290504,0.4744654844931839,-0.09824906408649493,0.43189345874029667,-0.17061423032432935,0.0,-3.9016290057561243,2.662693719312638,0.0,1.1859560500402062,0.0,0.0,3.8547804627177773,-0.1036281732168267,-22.758076254417556,0.0,0.18345323741007202,-0.25928478225412593,0.0,-0.3545954386119696,0.1789523715306082,0.10354743867916984,0.01968170721232567,0.5066553894716685,-1.0,-0.4557993226427297,Uranium,Energy,UEC
2014Q4,2014,Q4,2014-10-14,2014-07-31,-7503160.0,0.0,-5891054.0,-0.0834,-2739349.0,0.0,70496960.0,44767030.0,16076336.0,2645270.0,25729930.0,1815953.0,-162442974.0,159166207.47,164273734.47,0.49782956042936993,6.077389453628552,0.2612004404161541,0.41132585744464173,-0.10446345664443724,0.49782956042936993,-0.16760459650774243,0.0,-5.3033057894940265,3.555433708021283,0.0,1.508491133856438,0.0,0.0,5.037733766307409,-0.10643239084352006,-34.50713746317391,0.0,0.07023411371237458,-0.062075900437783535,0.0,0.20064724950973567,-0.06011137684692843,0.06716643830158041,0.06704172586354862,0.5234972109582632,0.0,-0.41401512238931787,Uranium,Energy,UEC
2014Q3,2014,Q3,2014-06-09,2014-04-30,-8043407.0,0.0,-6314381.0,-0.0897,-2584020.0,0.0,67320964.0,51646209.0,12136539.0,9059775.0,15674755.0,1788642.0,-155745867.0,95980237.99000001,94800165.99000001,0.5757585601710801,1.3396071094480824,0.11666312443178918,0.15207067763676516,-0.1189037948303669,0.5757585601710801,-0.15574051137035053,0.0,-2.98319598865257,1.8584178751629186,0.0,1.4446826139607591,0.0,0.0,1.004400330030271,-0.11947848815712146,-17.727121577314662,0.0,-0.1226533166458073,-0.14353144436485407,0.0,0.18733532843975914,-0.6270701064072945,-0.1650666580530741,-0.30031192011780766,0.5291357030080936,0.0,-0.33384683984665553,Uranium,Energy,UEC
2014Q2,2014,Q2,2014-03-12,2014-01-31,-6903817.0,0.0,-4856051.0,-0.0799,-1588143.0,0.0,73692104.0,58413245.0,17433489.0,7142202.0,15278859.0,1401086.0,-148566973.0,149522467.56,142212129.56,0.675851030945894,2.4409123404798687,0.10025804121429346,0.12648203331282143,-0.08664917986061012,0.675851030945894,-0.11818923944389667,0.0,-5.414485478105807,2.559735682549394,0.0,1.1335085783456547,0.0,0.0,2.067261469221957,-0.09368462325353066,-24.92908242583712,0.0,-0.3611584327086882,-0.3169805043411465,0.0,0.26128637298474494,0.25676815922074386,-0.3597650915965117,0.03415045812730185,0.7250790619163675,0.0,-0.33577113091187993,Uranium,Energy,UEC
2014Q1,2014,Q1,2013-12-09,2013-10-31,-5077213.0,1980000.0,-5027751.0,-0.0587,-2136807.0,-1.0791954545,73250001.0,57445078.0,16527822.0,5657844.0,15804923.0,975719.0,-142687039.0,152115342.72,144900754.72,0.6646491765534905,2.921222642405835,0.09497909767946625,0.12111079386122515,-0.07790289311385212,0.6646491765534905,-0.08838377763191478,76.82593066666666,-7.490100509866338,2.648013511618872,0.0,4.219254723952285,0.0,0.027030716354529468,2.5168672024184477,-0.0693134871083483,-25.36137865287476,-1.0791954545454545,-0.28728070175438597,0.26754759188952215,0.0,0.08980372085730029,-0.6322855054163621,-0.30140267226201056,-0.2895799193126209,0.7492453870444818,0.0,-0.031170169090545187,Uranium,Energy,UEC
2013Q4,2013,Q4,2013-10-15,2013-07-31,-3901339.0,2789325.0,-3898751.0,-0.0456,-1309089.0,-0.4693210723,67927245.0,59983401.0,11214251.0,3588708.0,7943844.0,1237161.0,-137609826.0,197496155.01,195472833.01,0.7015916654325958,3.1248714021870825,0.10242162772831431,0.11598573745426673,-0.058261255582371205,0.7015916654325958,-0.0650403100684471,70.80428240165631,-12.655664824948563,3.2925134573479755,0.0,3.3127571916670506,0.0,0.04106342013429221,2.5256178546708177,-0.05743408259822697,-47.010481044409936,-0.46932107230243875,0.30593607305936066,0.7043714879859683,0.0,0.5758172761411667,0.30838456698254807,0.30342200584531887,0.3007601378768832,-1.4284774989536297,0.0,-0.12245626279988543,Uranium,Energy,UEC
2013Q3,2013,Q3,2013-06-10,2013-04-30,-5600721.0,2103750.0,-5575699.0,-0.0657,-1892799.0,-0.8997262032,72188198.0,63801577.0,14850655.0,4086275.0,8386621.0,1304954.0,-133709781.0,132204611.9,119890796.9,0.7480256772343356,3.634276939266202,0.0,0.0,-0.08758689444486181,0.7480256772343356,-0.08778342579212423,62.84235859774213,-5.901231819081865,2.0721213818899806,0.0,3.0625976088046016,0.0,0.029142575355600372,3.0396593474496942,-0.07758499526473843,-39.39054990507268,-0.8997262032085561,0.613529411764706,0.4845057449237045,0.0,2.546681280640692,-7.523721225197404,0.6162640218602687,0.23708641584756668,-2.1925773970412745,0.0,0.029676487229096007,Uranium,Energy,UEC
2013Q2,2013,Q2,2013-03-12,2013-01-31,-14595246.0,2153250.0,-7308428.0,-0.17,290141.0,0.1347456171,76682464.0,69095768.0,20005792.0,3770179.0,7586696.0,1597626.0,-128121571.0,191639085.75,174451967.75,0.8112409709719146,5.306324182485765,0.0,0.0,-0.21154488072265148,0.8112409709719146,-0.21123212640172115,88.9999237199582,-3.2825600498614413,2.7735285574942883,0.0,1.1661734348339348,0.0,0.028080083602947344,4.650226952089012,-0.19033355527021145,-43.79956546482408,0.13474561709044466,-0.5454545454545455,-0.3283659881844312,0.0,4.372763573197122,-0.88693811194234,-0.5351093953422231,-0.633745829251816,0.23048959309052824,0.0,0.29092337342338054,Uranium,Energy,UEC
2013Q1,2013,Q1,2012-12-10,2012-10-31,-9507626.0,7517400.0,-4473418.0,-0.11,2566214.0,0.3413698885,85143395.0,75920481.0,27924201.0,5451899.0,9222914.0,1876100.0,-120823948.0,201008107.72,175992823.72,0.8913686974735529,5.121921921150777,0.0,0.0,-0.11784482766909762,0.8913686974735529,-0.12523137201936327,26.739046441588847,-5.285444224457294,2.6476137278424248,0.0,2.6390842705612707,0.0,0.0882910529935998,4.6558303813038355,-0.11166604291501414,-25.663601762928955,0.341369888525288,0.47619047619047616,0.13467666068951556,0.0,4.903441072923659,0.0,0.42198320572650655,0.1902423271633018,-0.9076671219630977,0.0,0.33202624764425986,Uranium,Energy,UEC
2012Q4,2012,Q4,2012-10-15,2012-07-31,-16448702.0,7517400.0,-5524391.0,-0.21,2566214.0,0.3413698885,88258690.0,80284857.0,31358343.0,4998450.0,7973833.0,4281402.0,-116070135.0,156887036.0,130686437.0,1.0234734372826064,6.27361342016025,0.0,0.0,-0.1376197506336718,1.0234734372826064,-0.2048792588619794,20.869853406762978,-2.3844896089673218,1.9541298553972635,0.0,1.1564403436070707,0.0,0.08517461566674057,5.312395242525183,-0.18636920625039868,-126.7084938857494,0.341369888525288,-0.23529411764705868,-0.3584819218501027,0.0,1.2987831862955075,0.8606108326952971,-0.25615465072021143,0.19008160625768683,-1.669091847566863,0.0,1.4683760569777935,Uranium,Energy,UEC
2012Q3,2012,Q3,2012-06-11,2012-04-30,-13094488.0,3120000.0,-6820923.0,-0.17,1379232.0,0.4420615385,62967078.0,56337609.0,20634988.0,4907136.0,6629469.0,3044257.0,-107845784.0,222771798.8,206097529.8,0.746036740041801,4.205098044969612,0.002827922235807099,0.0031606950163610955,-0.24138163438727397,0.746036740041801,-0.23242889132905872,71.40121756410257,-4.253159779901284,3.954228849151195,0.0,0.5718203160902644,0.0,0.04954970278277801,3.4873176533114223,-0.20795768861944014,-19.31395053840985,0.44206153846153845,-0.13333333333333347,0.36155529168946554,0.0,0.7887378943976621,2.3355773197273906,-0.17791969538948071,-0.30645346647906335,-1.2113446628929097,0.0,0.5384847730313465,Uranium,Energy,UEC
2012Q2,2012,Q2,2012-03-12,2012-01-31,-11116622.0,3120000.0,-5220946.0,-0.15,-1032686.0,-0.3309891026,68652813.0,60893700.0,27722509.0,4702760.0,7759113.0,3393762.0,-101298539.0,268188332.4,245495267.4,0.8174006603428211,5.8949444581479815,0.017338153354327958,0.019547391602086916,-0.16818970771106564,0.8174006603428211,-0.1825578343900929,85.95779884615385,-6.0312461015585495,4.404204907896876,0.0,1.2236232240210128,0.0,0.04544606205720951,5.07198347353469,-0.16192522220466044,-46.32735768487182,-0.3309891025641026,0.0,0.44409968496200186,0.0,1.1015105227507387,0.0,0.0009344820086600006,0.14049333986571735,-1.4602876520492472,0.0,0.525449051570165,Uranium,Energy,UEC
2012Q1,2012,Q1,2011-12-12,2011-10-31,-11127020.0,3120000.0,-6074352.0,-0.15,-1032686.0,-0.3309891026,65390985.0,59122791.0,33937189.0,3916263.0,6268194.0,2775947.0,-95740228.0,250309110.23999998,220597306.23999998,0.7936290355933471,8.66570733375159,0.01547991668882186,0.017121096329840043,-0.20202371868460448,0.7936290355933471,-0.18820187294608606,80.22727892307692,-5.6239026765477185,4.233716067971148,0.0,1.4959529126456665,0.0,0.047712998970729684,7.8923974207043806,-0.1701613762202848,-42.1664850535948,-0.3309891025641026,0.16666666666666666,-0.15784224116668596,0.0,4.25612157872031,0.0,0.10926219953163302,0.030971229936372288,-0.8623267003906115,0.0,0.3012878169125571,Uranium,Energy,UEC
2011Q4,2011,Q4,2011-10-13,2011-07-31,-12491914.0,0.0,-6268495.0,-0.18,0.0,0.0,65000838.0,60606904.0,35424534.0,2266809.0,4393934.0,1532542.0,-90176718.0,244693226.19,211452968.19,0.8495604228887951,15.627489567934484,0.0,0.0,-0.20685745637163713,0.8495604228887951,-0.20611371272157378,0.0,-4.8970323160646165,4.037382047926421,0.0,0.0,0.0,0.0,14.772343854290327,-0.19218081465349723,-42.814074723214304,0.0,0.05263157894736847,0.68850377028131,0.0,1.808451819523168,0.0,0.06032835777333899,0.05787806045215877,-0.13443718094969906,0.0,0.9081640468013472,Uranium,Energy,UEC
2011Q3,2011,Q3,2011-06-09,2011-04-30,-13293914.0,0.0,-6653592.0,-0.19,0.0,0.0,64507287.0,60335503.0,35030886.0,2082004.0,4171784.0,710585.0,-83930751.0,242932640.4,210153558.4,0.8643035785322161,16.82556133417611,0.013963120166563509,0.014928573645934468,-0.2141589539582962,0.8643035785322161,-0.2203331925483409,0.0,-4.568493530197352,4.026363058579291,0.0,0.0,0.0,0.0,16.263980280537407,-0.20608391110914337,-42.50602430129065,0.0,0.3448275862068965,-0.678643838176619,0.0,190.38224069714232,0.0,0.25329017284416616,0.25325793776341415,-0.49499946298009584,0.0,3.098000130295883,Uranium,Energy,UEC
2011Q2,2011,Q2,2011-03-14,2011-01-31,-17803320.0,0.0,-8910161.0,-0.29,0.0,0.0,67179939.0,62346651.0,39174113.0,4389856.0,4833288.0,710585.0,-77283793.0,320465723.91,282680169.91,1.017497224825126,8.923780871172085,0.01340761860471472,0.014447014964765309,-0.2777996984072653,1.017497224825126,-0.2855537501124158,0.0,-4.500083747160643,5.1400631592866155,0.0,0.0,0.0,0.0,8.844680326643973,-0.2650094695679911,-41.28261661493228,0.0,-0.2608695652173912,-1.1628549142544395,1.0,104.03199395645208,0.0,-0.24023790850729534,-0.24691020953310705,-1.2523143382286048,0.0,5.738777035410432,Uranium,Energy,UEC
2011Q1,2011,Q1,2010-12-10,2010-10-31,-14354762.0,0.0,-7145792.0,-0.23,0.0,0.0,47554766.0,42036337.0,21335242.0,5091404.0,5518429.0,0.0,-68382133.0,231617674.26,210550012.26,0.6860329392722916,4.190443736148222,0.0,0.0,-0.33998166871675806,0.6860329392722916,-0.3414846065203065,0.0,-4.033812512182369,5.50993951399714,0.0,0.0,0.0,0.0,4.1597315789515035,-0.3018574836431747,-35.995123042331755,0.0,-3.0909090909090913,-0.24533484202171268,0.0,5.844816084437101,0.0,-3.23159991654875,-0.35986123150379795,-0.8160341034402081,0.0,3.543523956537358,Uranium,Energy,UEC
2010Q4,2010,Q4,2010-10-14,2010-07-31,6432498.0,0.0,-5254795.0,0.11,0.0,0.0,52168362.0,48289900.0,26330488.0,1085999.0,3878462.0,0.0,-61204752.0,167309432.09,141439484.09,0.7994948122712261,24.24540722413188,0.0,0.0,-0.2176353647450088,0.7994948122712261,0.13320586706536977,0.0,6.502506183834025,3.46468789726216,0.0,0.0,0.0,0.0,23.900360865893983,0.12330266378691361,-42.58730722629971,0.0,1.7333333333333334,1.2210611930509503,0.0,4.269412284471436,0.0,1.0,-0.24707738209378577,1.6899510773283917,0.0,0.7957136600039553,Uranium,Energy,UEC
2010Q3,2010,Q3,2010-06-11,2010-04-30,3216249.0,0.0,-4213688.0,-0.15,0.0,0.0,46832449.0,42434874.0,18378255.0,1152175.0,4397575.0,0.0,-64581873.0,167060293.4,149014858.4,0.7264666975617798,15.950923253845987,0.0,0.0,-0.19859552310677298,0.7264666975617798,0.07579258984013951,0.0,12.98564674252522,3.9368631894606305,0.0,0.0,0.0,0.0,15.748819406774144,0.06867565264417413,-42.523890921549594,0.0,0.31818181818181823,3.7530396220410323,-1.0,0.0,0.0,1.2553499857964627,0.3329612161204216,1.2027287874849923,0.0,0.7418157058509902,Uranium,Energy,UEC
2010Q2,2010,Q2,2010-03-17,2010-01-31,-12595454.0,0.0,-6317006.0,-0.22,0.0,0.0,36361464.0,35544130.0,22222384.0,817334.0,817334.0,0.0,-60201191.0,192308018.79999998,170370809.79999998,0.6284191514951013,27.188865261936982,0.0,0.0,-0.35544580778879664,0.6284191514951013,-0.3543610154475577,0.0,-3.8170124475068543,5.410401627497986,0.0,0.0,0.0,0.0,26.989249193108325,-0.3463956786778442,-65.44664153275565,0.0,-2.7606837606837606,-0.6576835804091151,1.0,64.63386222511805,0.0,-2.8056375791880974,-0.877447969002671,0.17042279475221153,0.0,0.6156452075915485,Uranium,Energy,UEC
2010Q1,2010,Q1,2009-12-15,2009-10-31,-3309683.0,0.0,-3364677.0,-0.0585,0.0,0.0,38611555.0,37849755.0,24496474.0,761800.0,761800.0,0.0,-53903464.0,152715191.4,128449548.4,0.669182532288664,32.15604358099239,0.0,0.0,-0.08816314493851311,0.669182532288664,-0.08744265319550945,0.0,-11.535484773013005,4.034773577794625,0.0,0.0,0.0,0.0,31.94957337883959,-0.08571742319106289,-61.40224902065717,0.0,0.25572519083969464,-0.8909080145758347,-1.0,49.69133644085218,0.0,0.09311380018424431,0.07233631574361932,0.5463970997099235,0.0,3.4319254844745917,Uranium,Energy,UEC
2009Q4,2009,Q4,2009-10-15,2009-07-31,-3649502.0,0.0,-3627044.0,-0.0786,0.0,0.0,19839635.0,19261398.0,5927661.0,564531.0,578237.0,0.0,-50566284.0,124496559.2,118802719.2,0.4146343238054727,10.500151453153148,0.0,0.0,-0.1888875534022026,0.4146343238054727,-0.1894723321744351,0.0,-8.528325179709451,6.4635266453660325,0.0,0.0,0.0,0.0,10.210130178856431,-0.1839500575489418,-50.05637396079895,0.0,-0.30132450331125826,-2.92808661654964,-1.0,0.0,0.0,-0.0030863544324463833,-0.2862483035523357,0.8602465019912799,0.0,0.370685933283718,Uranium,Energy,UEC
2009Q3,2009,Q3,2009-06-11,2009-04-30,-3638273.0,0.0,-2819863.0,-0.0604,0.0,0.0,23057990.0,22499269.0,7731779.0,558721.0,558721.0,0.0,-46928011.0,61245660.96,53763260.96,0.4849165575892252,13.838354026428217,0.0,0.0,-0.12493780524248374,0.4849165575892252,-0.1617062758794519,0.0,-4.208429449906591,2.7221178145832203,0.0,0.0,0.0,0.0,13.506716232251875,-0.15778795116139785,-26.20902157465543,0.0,0.23833543505674645,-2.9207025320018682,-1.0,0.0,0.0,-0.29428143421804837,0.24938763558927265,0.3087960504646687,0.0,107.25269466470138,Uranium,Energy,UEC
2009Q2,2009,Q2,2009-03-12,2009-01-31,-2811037.0,0.0,-3756750.0,-0.0793,0.0,0.0,25564676.0,24834434.0,10073112.0,730242.0,730242.0,0.0,-44116974.0,21319392.3,11687434.3,0.5358426487606779,13.794210686320426,0.0,0.0,-0.1496576389214409,0.5358426487606779,-0.11319110393254785,0.0,-1.896043372961651,0.8584609699580832,0.0,0.0,0.0,0.0,13.196047337731875,-0.10995785747490013,-9.123265289179807,0.0,0.2070000000000001,0.5485019709816463,1.0,55.259545089381476,1.0,0.24375249859701928,0.2228053236723351,0.5485019709816463,1.0,55.259545089381476,Uranium,Energy,UEC
2009Q1,2009,Q1,2008-12-10,2008-10-31,-3717086.0,0.0,-4833731.0,-0.1,-7003437.0,0.0,29131183.0,28265793.0,13615190.0,865390.0,865390.0,0.0,-40399888.0,21310122.998999998,8172804.998999998,0.6098797093761439,15.733010550156576,0.0,0.0,-0.17127775398834566,0.6098797093761439,-0.13150474851351243,0.0,-1.4332546381089917,0.7539191629613929,0.0,0.0,0.0,0.0,15.246923352476918,-0.12759818233265707,-6.054093051526539,0.0,0.33333333333333326,-1.591720117144459,-1.0,45.199080287856724,0.0,0.3946477809395494,0.2082439268569302,0.5736604141738656,0.0,5.085005843506237,Uranium,Energy,UEC
2008Q4,2008,Q4,2008-10-22,2008-07-31,-6140369.0,0.0,-6105076.0,-0.15,-7003437.0,0.0,18537322.0,17711377.0,3245530.0,825945.0,825945.0,0.0,-35610091.0,86722194.14,84067517.14,0.4452239964970056,3.929474722893171,0.0,0.0,-0.3486614733218861,0.4452239964970056,-0.34669066103668844,0.0,-3.530821769017465,4.896411732413578,0.0,0.0,0.0,0.0,3.408312902190824,-0.33124358523847186,-19.802910794391295,0.0,-0.15384615384615377,-6.717750082747158,-1.0,0.0,0.0,-0.243930933973926,-0.364447870359175,0.6795987421210545,0.0,1.9344390488513794,Uranium,Energy,UEC
2008Q3,2008,Q3,2008-06-13,2008-04-30,-4936262.0,0.0,-4474393.0,-0.13,0.0,0.0,8724476.0,8173110.0,7658354.0,551366.0,551366.0,0.0,-42952259.0,93779598.0,86990629.0,0.21090862641573704,13.889782830279705,0.0,0.0,-0.5576313054919216,0.21090862641573704,-0.6039637298409051,0.0,-4.749524944178408,11.474163201033633,0.0,0.0,0.0,0.0,13.174089443309889,-0.5657946677829133,-22.756873864790393,0.0,0.0,-5.36905803328353,-1.0,0.0,0.0,-0.01718971745016272,-0.19958782200902855,-5.36905803328353,-1.0,0.0,Uranium,Energy,UEC
2008Q2,2008,Q2,2008-03-17,2008-01-31,-4852843.0,0.0,-3729942.0,-0.13,0.0,0.0,6209160.0,5680104.0,5449752.0,529056.0,529056.0,0.0,-38015997.0,113984754.92999999,109559608.92999999,0.15099137714135014,10.300898203592814,0.0,0.0,-0.6604483569336087,0.15099137714135014,-0.8543581244287076,0.0,-5.872060714204024,20.06737111327539,0.0,0.0,0.0,0.0,9.655229314099074,-0.7815619181982748,-27.659925461090747,0.0,0.0,0.039718889346734454,1.0,16.289420233826867,0.0,0.0,0.0,0.039718889346734454,1.0,16.289420233826867,Uranium,Energy,UEC
2008Q1,2008,Q1,2007-12-12,2007-10-31,-4852843.0,0.0,-3729942.0,-0.13,0.0,0.0,6209160.0,5680104.0,5449752.0,529056.0,529056.0,0.0,-38015997.0,147841612.83,143416466.83,0.15099137714135014,10.300898203592814,0.0,0.0,-0.6604483569336087,0.15099137714135014,-0.8543581244287076,0.0,-7.616237163967597,26.027976394446302,0.0,0.0,0.0,0.0,9.592687730599406,-0.7815619181982748,-31.781257910564168,0.0,0.7678571428571429,-3.168641808433344,-1.0,10.437768215740135,0.0,0.7680279163271183,0.6441263476061877,-3.168641808433344,-1.0,10.437768215740135,Uranium,Energy,UEC
2007Q4,2007,Q4,2007-08-14,2007-06-30,-20919944.0,0.0,-10481085.0,-0.56,0.0,0.0,11849920.0,11257435.0,11340013.0,592485.0,592485.0,0.0,-32200911.0,148857988.0,138852428.0,0.3025013343590268,19.139746997814292,0.0,0.0,-1.8620733763952446,0.3025013343590268,-1.8583224331297494,0.0,-1.77890041197051,13.223082167474207,0.0,0.0,0.0,0.0,18.2306303113159,-1.7654080365099512,-28.48214264530471,0.0,-1.0740740740740742,-27.107250784553127,-1.0,0.0,0.0,-1.1923331013841498,-1.1268582210185702,-27.107250784553127,-1.0,0.0,Uranium,Energy,UEC
2007Q3,2007,Q3,2007-05-15,2007-03-31,-9542320.0,0.0,-4927966.0,-0.27,0.0,0.0,15175156.0,14653469.0,14892638.0,521687.0,521687.0,0.0,-21740939.0,244883610.59,230949856.59,0.417074375389705,28.547075161926596,0.0,0.0,-0.6726005971691754,0.417074375389705,-0.6511987025051884,0.0,-6.4157251745382675,16.711647637156773,0.0,0.0,0.0,0.0,27.94562064992994,-0.628811987171664,-108.68234829498425,0.0,0.0,-12.579914605096887,-1.0,0.0,0.0,-0.011785602801264913,-0.0340172624162137,-12.579914605096887,-1.0,0.0,Uranium,Energy,UEC
2007Q2,2007,Q2,2007-03-21,2006-12-31,-9431168.0,0.0,-4765845.0,-0.27,0.0,0.0,14197695.0,13665652.0,13992691.0,532043.0,532043.0,0.0,-16969779.0,,,,,,,,,,,,,,,,,,,,,,,,,,,,,,,Uranium,Energy,UEC
2007Q1,2007,Q1,2006-11-20,2006-09-30,-5270612.0,0.0,-2678079.0,-0.19,0.0,0.0,2992175.0,2808111.0,2667277.0,184064.0,184064.0,0.0,-12252195.0,,,,,,,,,,,,,,,,,,,,,,,,,,,,,,,Uranium,Energy,UEC
