Quarters,Year,Quarter,FillingDate,Date,NetIncome,Revenue,OperatingIncome,EPSDiluted,GrossProfit,GrossProfitRatio,TotalAssets,CommonStockEquity,CurrentAssets,CurrentLiability,TotalLiability,Inventory,RetainedEarnings,MarketCap,EnterpriseValue,bookValuePerShare,currentRatio,debtToAssets,debtToEquity,roic,shareholdersEquityPerShare,roe,priceToSalesRatio,peRatio,pbRatio,payoutRatio,inventoryTurnover,dividendYield,assetTurnover,quickRatio,returnOnAssets,priceToFreeCashFlowsRatio,grossProfitMargin,epsdilutedGrowth,fiveYNetIncomeGrowthPerShare,fiveYRevenueGrowthPerShare,fiveYShareholdersEquityGrowthPerShare,grossProfitGrowth,netIncomeGrowth,operatingIncomeGrowth,threeYNetIncomeGrowthPerShare,threeYRevenueGrowthPerShare,threeYShareholdersEquityGrowthPerShare,Industry,Sector,Symbol
2023Q1,2023,Q1,2023-05-11,2023-03-31,-10913000.0,0.0,-11281000.0,-0.46,0.0,0.0,29104000.0,13169000.0,26022000.0,15511000.0,15935000.0,0.0,-191001000.0,33673013.66,10620013.659999996,0.5592511020886154,1.6776481206885436,0.029171247938427708,0.0644695876680082,-0.7462130278696697,0.5592511020886154,-0.8286885868327132,0.0,-0.7713968125171813,2.5569909378084894,0.0,0.0,0.0,0.0,1.540970923860486,-0.3749656404617922,-2.776697753772573,0.0,-0.0454545454545455,0.9930994516839655,0.0,1.050512085694943,1.0,-0.2695439739413681,-0.194262121532924,0.2868809612467977,0.0,-0.557775486040464,Biotechnology,Healthcare,SLS
2022Q4,2022,Q4,2023-03-16,2022-12-31,-8596000.0,-1000000.0,-9446000.0,-0.44,-1000000.0,1.0,20943000.0,4851000.0,17756000.0,15515000.0,16092000.0,0.0,-179904000.0,45773873.239999995,29593873.239999995,0.25010686642081503,1.1444408636803094,0.04512247529007306,0.19480519480519481,-1.3206190727797948,0.25010686642081503,-1.772005772005772,-45.77387323999999,-1.3312550383899486,9.43596644815502,0.0,0.0,0.0,-0.04774865110060641,1.103770544634225,-0.41044740486081266,-8.884680364906831,1.0,-0.33333333333333326,-1.021595891814928,0.0,-0.9856166803384865,0.0,-0.26653897156328277,-0.3218583823117828,0.6191761541202021,0.0,-0.7383183946843097,Biotechnology,Healthcare,SLS
2022Q3,2022,Q3,2022-11-14,2022-09-30,-6787000.0,0.0,-7146000.0,-0.33,0.0,0.0,26001000.0,12597000.0,22605000.0,12553000.0,13404000.0,0.0,-170783000.0,41535949.02,21223949.020000003,0.6126244999902978,1.800764757428503,0.0398446213607169,0.0822418036040327,-0.4708466961028319,0.6126244999902978,-0.5387790743827896,0.0,-1.5299819146898481,3.297288959276018,0.0,0.0,0.0,0.0,1.7006293316338723,-0.26102842198376985,-7.22867194918204,0.0,0.17500000000000002,0.998578338718583,0.0,-0.9989047599981726,0.0,0.16815786248314746,0.1712860953264525,0.6636580876323342,0.0,-0.7533920016540419,Biotechnology,Healthcare,SLS
2022Q2,2022,Q2,2022-08-11,2022-06-30,-8159000.0,0.0,-8623000.0,-0.4,0.0,0.0,32210000.0,19057000.0,28737000.0,12186000.0,13153000.0,0.0,-163761000.0,45239171.52,19376171.520000003,0.939387450568414,2.3581979320531756,0.03489599503259857,0.05898095188119851,-0.392474344705606,0.939387450568414,-0.4281366427034685,0.0,-1.3861739036646648,2.373887365272603,0.0,0.0,0.0,0.0,2.214590513704251,-0.25330642657559765,-7.852659524388128,0.0,0.6190476190476191,0.9988061234097964,0.0,-0.998774773946289,-1.0,0.5129246015163273,0.4847325963549447,0.9171034462109974,0.0,-0.9576781646590197,Biotechnology,Healthcare,SLS
2022Q1,2022,Q1,2022-05-12,2022-03-31,-16751000.0,1000000.0,-16735000.0,-1.05,900000.0,0.9,21434000.0,4025000.0,17839000.0,10679000.0,17409000.0,2576000.0,-155347000.0,106195159.72,93151159.72,0.2531847974134767,1.67047476355464,0.05635905570588784,0.3001242236024845,-2.5992852410275105,0.2531847974134767,-4.161739130434783,106.19515971999999,-1.5849077625216403,26.383890613664594,0.0,0.03881987577639751,0.0,0.04665484743864887,1.4282236164434872,-0.7815153494448073,-14.852469890909092,0.9,-1.5000000000000002,0.9984170385270398,0.0,-0.9998361011556348,0.0,-1.5387996362534102,-0.4403132799724589,0.89610305188612,0.0,-0.961604997511699,Biotechnology,Healthcare,SLS
2021Q4,2021,Q4,2022-03-31,2021-12-31,-6598000.0,0.0,-11619000.0,-0.42,0.0,0.0,26275000.0,20347000.0,23044000.0,4982000.0,5928000.0,0.0,-138603000.0,87783640.28,67236640.28,1.2817753927850666,4.625451625853071,0.030751665080875356,0.039711013908684326,-0.5301875366218304,1.2817753927850666,-0.3242738487246277,0.0,-3.3261458123673844,4.3143284159827004,0.0,0.0,0.0,0.0,4.286431152147732,-0.25111322549952425,4.176398876463029,0.0,0.06666666666666672,0.9994334220309647,0.0,-0.9996636888307097,0.0,0.06873676781933663,-0.6653289379389422,0.9860433586175879,0.0,-0.8906734788813894,Biotechnology,Healthcare,SLS
2021Q3,2021,Q3,2021-11-12,2021-09-30,-7085000.0,0.0,-6977000.0,-0.45,0.0,0.0,37952000.0,26607000.0,28974000.0,5319000.0,11345000.0,0.0,-132005000.0,145406536.16,119982536.16,1.6761290546926952,5.4472645234066555,0.022581155143338954,0.0322095689104371,-0.24635429539917375,1.6761290546926952,-0.26628330890367197,0.0,-5.130788149611856,5.464972983049574,0.0,0.0,0.0,0.0,4.940966347057717,-0.18668317875210794,-24.737416835658387,0.0,-0.5000000000000001,0.9995506473471999,0.0,-0.9995113800131409,-1.0,-0.53587686971602,-0.5668088928812037,0.4571562171229846,0.0,-0.9679691982842378,Biotechnology,Healthcare,SLS
2021Q2,2021,Q2,2021-08-12,2021-06-30,-4613000.0,1900000.0,-4453000.0,-0.3,1800000.0,0.9473684210526315,43624000.0,33415000.0,34575000.0,4239000.0,10209000.0,0.0,-124920000.0,169500196.79999998,140486196.79999998,2.1882363973750856,8.156404812455769,0.020699614890885752,0.02702379171030974,-0.1264302546776071,2.1882363973750856,-0.13805177315576836,89.21062989473683,-9.186006763494472,5.072578087685171,0.0,0.0,0.0,0.04355400696864112,7.585987261146497,-0.10574454428754813,-34.60600179665169,0.9473684210526315,-0.8749999999999999,-1.0003400964024378,0.0,-0.9993466842073286,-0.6785714285714286,-0.9196837286724927,-0.9835189309576837,0.9932553517946568,0.0,1.119276950046852,Biotechnology,Healthcare,SLS
2021Q1,2021,Q1,2021-05-13,2021-03-31,-2403000.0,5700000.0,-2245000.0,-0.16,5600000.0,0.9824561403508771,40575000.0,28742000.0,31431000.0,5971000.0,11833000.0,0.0,-120307000.0,127052287.17999999,99968287.17999999,1.9319343669291984,5.2639423882096805,0.02338878619839803,0.03301788323707466,-0.07327023498694517,1.9319343669291984,-0.08360587293855681,22.289874943859648,-13.218090634623385,4.420440024354602,0.0,0.0,0.0,0.14048059149722736,4.742086752637749,-0.05922365988909427,-12.372410865712338,0.9824561403508771,-157507638.1937974,0.9999414458004608,0.0,-0.9990694404592066,2947368421051.632,-281011779.053787,0.460206780476076,0.9975950029454418,0.0,1.1744941296224223,Biotechnology,Healthcare,SLS
2020Q4,2020,Q4,2021-03-23,2020-12-31,0.008551243000000002,1.9e-06,-4159000.0,1.0158237584577312e-09,1.9e-06,1.0,38839000.0,27961000.0,36925000.0,12336000.0,18088000.0,0.0,0.0,48908800.779999994,15256800.779999994,3.3215578261823,2.9932717250324252,0.04248307113983367,0.05901076499409892,-0.1359061499248415,3.3215578261823,3.0582750974571733e-10,25741474094736.84,1429874018.899942,1.74917924180108,0.0,0.0,0.0,4.8919900100414534e-14,2.8617055771725033,2.2017155436545745e-10,14.284112377336447,1.0,1.0000000019166486,1.0000000000002787,0.0,-0.9986736382720284,0.0,1.0000000019117465,0.07413178984861978,-0.9999999999505007,0.0,-0.8089815418829858,Biotechnology,Healthcare,SLS
2020Q3,2020,Q3,2020-11-13,2020-09-30,-4473000.0,0.0,-4492000.0,-0.53,0.0,0.0,18509000.0,7948000.0,9333000.0,4219000.0,10561000.0,0.0,-114188000.0,22307800.7,15113800.7,0.9441629985514439,2.212135577150984,0.0,0.0,-0.5015072010717875,0.9441629985514439,-0.5627830900855562,0.0,-1.246803079588643,2.806718759436336,0.0,0.0,0.0,0.0,1.944299597060915,-0.24166621643524772,-6.147093055938274,0.0,0.19696969696969696,0.9998409696193029,0.0,-0.9998428676503938,0.0,-0.010847457627118645,-0.05273025544879306,0.9977113516369386,0.0,-0.9983120409251096,Biotechnology,Healthcare,SLS
2020Q2,2020,Q2,2020-08-13,2020-06-30,-4425000.0,0.0,-4267000.0,-0.66,0.0,0.0,14514000.0,3783000.0,5229000.0,4325000.0,10731000.0,0.0,-109715000.0,19683447.0,17351447.0,0.5631224043227795,1.2090173410404623,0.0,0.0,-0.8906282613233145,0.5631224043227795,-1.1697065820777162,0.0,-1.1120591525423729,5.203131641554322,0.0,0.0,0.0,0.0,0.7722543352601156,-0.3048780487804878,-5.821782608695652,0.0,0.0,0.999773749510871,-1.0,-0.9999386400199969,0.0,-0.06806661839246922,-0.049950787401574805,0.9980447061984526,0.0,-0.9992655296376514,Biotechnology,Healthcare,SLS
2020Q1,2020,Q1,2020-05-14,2020-03-31,-4143000.0,0.0,-4064000.0,-0.66,0.0,0.0,17026000.0,8062000.0,8790000.0,3635000.0,8964000.0,0.0,-105290000.0,11028713.67,4405713.67,1.2646316168257181,2.4181568088033014,0.0,0.0,-0.4965180207697007,1.2646316168257181,-0.5138923344083354,0.0,-0.6655028765387401,1.3679873071198214,0.0,0.0,0.0,0.0,1.8558459422283355,-0.24333372489134264,-1.614509393939394,0.0,0.4328769187221997,0.9997202974111133,-1.0,-0.9999029330380085,0.0,0.4415689446016983,0.45661184650354325,0.9990236758296851,0.0,-0.9991813423923439,Biotechnology,Healthcare,SLS
2019Q4,2019,Q4,2020-03-13,2019-12-31,-7419000.0,0.0,-7479000.0,-1.1637685394728359,0.0,0.0,16609000.0,6093000.0,8242000.0,5290000.0,10516000.0,0.0,-101147000.0,27412409.7,20352409.7,0.9557678542941083,1.5580340264650283,0.0,0.0,-1.1724606656101426,0.9557678542941083,-1.2176267848350566,0.0,-0.923723200566114,4.499000443131462,0.0,0.0,0.0,0.0,1.4338374291115312,-0.4466855319405142,-6.564274353448275,0.0,-0.18588484997250349,0.9994007089358697,-1.0,-0.9998943365741375,0.0,-0.7655878153260353,-0.7875239005736138,0.9984136374821798,0.0,-0.9997492264194983,Biotechnology,Healthcare,SLS
2019Q3,2019,Q3,2019-11-14,2019-09-30,-4202000.0,0.0,-4184000.0,-0.9813503726772626,0.0,0.0,21484000.0,10637000.0,10211000.0,5574000.0,10847000.0,0.0,-93728000.0,25905222.75,17092222.75,2.484203692091395,1.8318980983135988,0.0,0.0,-0.3823448780042036,2.484203692091395,-0.39503619441571874,0.0,-1.5412436191099477,2.4353880558428127,0.0,0.0,0.0,0.0,1.6359885181198421,-0.19558741388940606,-6.781471924083769,0.0,0.7977290963190506,0.9993693476545584,-1.0,-0.9996806495334739,0.0,-0.34077855775366944,-0.04105498880318487,0.9990119930437585,0.0,-0.999275812580191,Biotechnology,Healthcare,SLS
2019Q2,2019,Q2,2019-08-14,2019-06-30,-3134000.0,0.0,-4019000.0,-4.851663560198401,0.0,0.0,25034000.0,14338000.0,13641000.0,5400000.0,10696000.0,0.0,-89526000.0,3714293.0,-8646707.0,22.196283384213363,2.526111111111111,0.0,0.0,-0.27288158609451385,22.196283384213363,-0.21857999721021062,0.0,-0.2962901244416082,0.2590523782954387,0.0,0.0,0.0,0.0,2.3612962962962962,-0.1251897419509467,-0.7977433419243987,0.0,0.5589396763455999,0.9990423675957605,-1.0,-0.9969141121330838,0.0,0.3092351774300198,0.07799954117916953,-1.0054620602745823,0.0,-0.9933731188774163,Biotechnology,Healthcare,SLS
2019Q1,2019,Q1,2019-05-15,2019-03-31,-4537000.0,0.0,-4359000.0,-11.0,0.0,0.0,14927000.0,2950000.0,3416000.0,5804000.0,11977000.0,0.0,-86392000.0,23262824.0,21157824.0,6.594212293399976,0.5885596140592695,0.0,0.0,-1.2741888336743643,6.594212293399976,-1.5379661016949153,0.0,-1.2818395415472779,7.885703050847457,0.0,0.0,0.0,0.0,0.44383184011026877,-0.30394586990018085,-4.660954518132638,0.0,0.6306400960744577,0.9845075517146242,-1.0,-0.9994506713739758,0.0,0.6594610823388126,0.7248627153948116,0.9963234660356936,0.0,-0.9968237496735489,Biotechnology,Healthcare,SLS
2018Q4,2018,Q4,2019-03-22,2018-12-31,-13323000.0,0.0,-15843000.0,-29.781250977955214,0.0,0.0,16915000.0,5245000.0,5838000.0,5974000.0,11670000.0,0.0,-81855000.0,27512763.0,22175763.0,11.724285925045042,0.9772346836290593,0.0,0.0,-2.707436384131281,11.724285925045042,-2.540133460438513,0.0,-0.5162644111686557,5.245522020972355,0.0,0.0,0.0,0.0,0.8933712755272849,-0.7876441028672776,-6.040123600439078,0.0,-35.22149784892247,0.9976212332469722,-1.0,-0.9922834040649636,0.0,-44.94137931034483,-4.175759555700751,0.9918335384552777,0.0,-0.9953182678271633,Biotechnology,Healthcare,SLS
2018Q3,2018,Q3,2018-11-14,2018-09-30,-290000.0,0.0,-3061000.0,-0.8221982178144838,0.0,0.0,38470000.0,18457000.0,17807000.0,11997000.0,20013000.0,0.0,-68532000.0,20810067.0,10918067.0,52.3286638144894,1.484287738601317,0.0019755653756173643,0.004117678929403478,-0.1651648410942643,52.3286638144894,-0.01571219591482906,0.0,-17.93971293103448,1.1274891369128244,-1.296551724137931,0.0,0.018068178252381408,0.0,1.3810119196465782,-0.007538341564855732,-1.4691187433815742,0.0,0.9816430888169114,0.9997423713993927,-1.0,-0.995601490129978,0.0,0.952161002969317,0.5291493616366713,0.9997539243656325,0.0,-0.9912912008736413,Biotechnology,Healthcare,SLS
2018Q2,2018,Q2,2018-08-14,2018-06-30,-6062000.0,0.0,-6501000.0,-44.789573235607044,0.0,0.0,31973000.0,-2483000.0,10926000.0,24852000.0,34456000.0,0.0,-68242000.0,23143824.0,29573824.0,-18.345844662489657,0.43964268469338486,0.2432990335595659,-3.1329037454691906,-1.2614490832334222,-18.345844662489657,2.441401530406766,0.0,-0.954463213460904,-9.320911800241642,0.0,0.0,0.0,0.0,0.054281345565749234,-0.18959747286773215,-3.6742060644546752,0.0,0.46359792532207134,0.986988295281768,0.0,-1.0033581652497552,0.0,0.241776110068793,-0.14373680506685432,0.9846153822200301,-1.0,-1.0019990336967393,Biotechnology,Healthcare,SLS
2018Q1,2018,Q1,2018-05-15,2018-03-31,-7995000.0,0.0,-5684000.0,-83.5,0.0,0.0,33485000.0,-1318000.0,13072000.0,25747000.0,34803000.0,0.0,-62180000.0,20534917.5,26736917.5,-11.071629579227674,0.5077096360741057,0.2889652083022249,-7.341426403641882,-0.6800670016750419,-11.071629579227674,6.066009104704097,0.0,-0.6421174953095685,-15.580362291350532,0.0,0.0,0.0,0.0,0.13492834116596109,-0.238763625503957,-3.800651027207107,0.0,-5.068804952926729,0.9800100897740291,0.0,-1.0013136636674735,0.0,-4.2726156365124845,0.3373746794124505,0.9710948706988819,-1.0,-1.0008498043487544,Biotechnology,Healthcare,SLS
2017Q4,2017,Q4,2018-04-13,2017-12-31,2443000.0,0.0,-8578000.0,20.521996253454635,0.0,0.0,33526000.0,2070000.0,13087000.0,24569000.0,31456000.0,0.0,-54185000.0,46426770.0,55095770.0,17.388674680577605,0.5326631120517725,0.3277456302571139,5.308212560386473,-0.6569153009649257,17.388674680577605,1.180193236714976,0.0,4.750999795333606,22.428391304347826,0.0,0.0,0.0,0.0,0.09438723594773903,0.07286881823062698,3.0445780051150897,0.0,1.0912079601579745,1.0151329889728222,0.0,-0.9982671467730768,0.0,1.4021399176954732,-0.9224562976243836,1.0105679510621424,-1.0,-0.998077622165565,Biotechnology,Healthcare,SLS
2017Q3,2017,Q3,2017-11-09,2017-09-30,-6075000.0,0.0,-4462000.0,-225.00225,0.0,0.0,49595000.0,14636000.0,26636000.0,28021000.0,34959000.0,0.0,-329129000.0,13737150.0,12993150.0,559.3518306198885,0.9505727846971914,0.24538763988305273,0.8315113418966931,-0.16645527120793852,559.3518306198885,-0.41507242415960643,0.0,-0.5653148148148148,0.9385863623940967,0.0,0.0,0.0,0.0,0.46086863423860674,-0.1224921867123702,-2.1895361810647116,0.0,0.31818181818181823,0.916861755550543,0.0,-0.9114672217261003,0.0,0.27712993812470255,0.09142740785990633,0.8507979230512949,-1.0,-0.9280939527506045,Biotechnology,Healthcare,SLS
2017Q2,2017,Q2,2017-08-14,2017-06-30,-8404000.0,0.0,-4911000.0,-330.0033,0.0,0.0,60554000.0,19127000.0,32293000.0,34539000.0,41427000.0,0.0,-323054000.0,21703890.0,16655890.0,766.7054154808193,0.9349720605692116,0.2150972685536876,0.6809745386103414,-0.15274321970639462,766.7054154808193,-0.4393788884822502,0.0,-0.6456416587339362,1.1347252574894129,0.0,0.0,0.0,0.0,0.5232635571383074,-0.13878521650097433,-2.270281380753138,0.0,0.5111111111111111,-2.729678346666361,0.0,-0.9129655392554207,0.0,0.28281276668373445,0.0347877358490566,0.9335070083796544,-1.0,-0.8934070673825544,Biotechnology,Healthcare,SLS
2017Q1,2017,Q1,2017-05-10,2017-03-31,-11718000.0,0.0,-5088000.0,-675.00675,0.0,0.0,70332000.0,27194000.0,42046000.0,36269000.0,43138000.0,0.0,-314650000.0,16107660.0,1064660.0,1544.762553965008,1.1592820314869448,0.17910766080873572,0.4632271824667206,-0.12786811087934458,1544.762553965008,-0.43090387585496803,0.0,-0.34365207373271894,0.5923240420681032,0.0,0.0,0.0,0.0,0.7620833218451019,-0.16660979355058864,-1.5482179930795847,0.0,0.08163265306122444,0.957041339747867,0.0,1.2335412073071035,0.0,-1.1243654822335025,0.28689558514365804,-0.016839716668924476,-1.0,-0.8713140776264313,Biotechnology,Healthcare,SLS
2016Q4,2016,Q4,2017-03-15,2016-12-31,-5516000.0,0.0,-7135000.0,-735.00735,0.0,0.0,65811000.0,28657000.0,37499000.0,30398000.0,37154000.0,0.0,-302932000.0,21880290.0,20194290.0,3811.278095491422,1.2336008947957102,0.24915287717858717,0.5721813169557176,-0.18110950075039975,3811.278095491422,-0.19248351188191368,0.0,-0.991673767222625,0.763523397424713,0.0,0.0,0.0,0.0,0.5948746628067636,-0.08381577547826351,-2.73503625,0.0,0.18333333333333338,-1.737763305060367,0.0,-0.397703481349358,0.0,0.20392553037956415,-0.10244128553770086,0.9414033084255938,-1.0,1.50847627283958,Biotechnology,Healthcare,SLS
2016Q3,2016,Q3,2016-11-09,2016-09-30,-6929000.0,0.0,-6472000.0,-900.009,0.0,0.0,72846000.0,23930000.0,44458000.0,42538000.0,48916000.0,0.0,-297416000.0,73248000.0,72456000.0,3430.3325688073396,1.0451361135925525,0.325645883095846,0.991307981613038,-0.1358180139343574,3430.3325688073396,-0.2895528625156707,0.0,-2.6428055996536295,3.0609277058086084,0.0,0.0,0.0,0.0,0.5762847336499131,-0.09511846909919557,-6.0,0.0,-2.0,0.746196456998031,0.0,0.019119826664147032,0.0,-2.285767303766933,0.30348687042617306,0.688769870925423,-1.0,-0.7116618204728665,Biotechnology,Healthcare,SLS
2016Q2,2016,Q2,2016-08-09,2016-06-30,5389000.0,0.0,-9292000.0,900.009,0.0,0.0,73778000.0,20321000.0,45284000.0,47224000.0,53457000.0,0.0,-290487000.0,85544700.0,89111700.0,3349.4313499258283,0.9589191936303575,0.3138740545962211,1.1395600610206191,-0.21371728230369383,3349.4313499258283,0.2651936420451749,0.0,3.968486732232325,4.209669799714581,0.0,0.0,0.0,0.0,0.41483144163984415,0.07304345468838949,-7.444495692280915,0.0,1.3333333333333333,1.8259034367078477,0.0,-0.5634868879660558,0.0,1.3267446795610258,-0.03612845673505798,1.2580426321690448,0.0,-0.38689418924606334,Biotechnology,Healthcare,SLS
2016Q1,2016,Q1,2016-05-10,2016-03-31,-16493000.0,0.0,-8968000.0,-2700.027,0.0,0.0,66365000.0,12413000.0,37949000.0,42222000.0,53952000.0,0.0,-295876000.0,243943200.0,212974200.0,2076.0996822211073,0.8987968357728199,0.056355006403978,0.3012970273100781,-0.5551909861945149,2076.0996822211073,-1.3286876661564488,0.0,-3.697677802704178,19.652235559494077,0.0,0.0,0.0,0.0,0.8220595897873146,-0.2485195509681308,-18.449795794887308,0.0,0.25,0.40679220977317165,0.0,-0.46924842540556033,0.0,0.16185587966256734,-0.1817103702727632,0.17895427496722768,0.0,-0.7536679941221868,Biotechnology,Healthcare,SLS
2015Q4,2015,Q4,2016-03-10,2015-12-31,-19678000.0,0.0,-7589000.0,-3600.036,0.0,0.0,82144000.0,13513000.0,53621000.0,57071000.0,68631000.0,0.0,-279383000.0,237963600.0,212972600.0,2504.2624166048927,0.9395489828459288,0.05769137125048695,0.35069932657440983,-0.43032537924347586,2504.2624166048927,-1.4562273366387923,0.0,-3.023218823051123,17.609975579072003,0.0,0.0,0.0,0.0,0.5209300695624748,-0.23955492793143748,-15.496457410784059,0.0,-0.09090909090909095,-0.6451318795523434,0.0,-0.1487568904873904,0.0,-0.09164540108731832,0.12113491603937464,-1.6891444218779115,0.0,-0.7504399104939785,Biotechnology,Healthcare,SLS
2015Q3,2015,Q3,2015-11-09,2015-09-30,-18026000.0,0.0,-8635000.0,-3300.033,0.0,0.0,82669000.0,32417000.0,54188000.0,37091000.0,50252000.0,0.0,-259705000.0,255723000.0,226603000.0,6008.7117701575535,1.4609473996387263,0.06885289528118158,0.17558688342536324,-0.2265868954840064,6008.7117701575535,-0.5560662615294444,0.0,-3.54658548762898,7.888546133201715,0.0,0.0,0.0,0.0,0.9385565231457766,-0.2180502969674243,-28.499164159144097,0.0,-0.0999999999999999,0.5054800394023308,0.0,0.11840985502932556,-1.0,-0.15108556832694764,0.23373857485136215,-0.1964645134664936,0.0,-0.04895645685187191,Biotechnology,Healthcare,SLS
2015Q2,2015,Q2,2015-08-06,2015-06-30,-15660000.0,3382000.0,-11269000.0,-3000.03,2914000.0,0.8616203429923123,101967000.0,49365000.0,51122000.0,38114000.0,52602000.0,1426000.0,-241678000.0,274329000.0,235675000.0,9177.356385945342,1.3412919137324868,0.06497200074533918,0.13420439582700294,-0.2012680835863547,9177.356385945342,-0.31722880583409296,81.11442933175636,-4.379454022988506,5.557155879671833,0.0,0.3281907433380084,0.0,0.03316759343709239,1.2356876738206433,-0.15357909912030362,-23.033501259445845,0.8616203429923123,-0.25000000000000017,0.16780525646860114,0.0,-0.12732409754528443,0.23631735256682224,-0.4861915156116542,-0.012852777278446881,-31.232491434945416,0.0,0.041790299095071815,Biotechnology,Healthcare,SLS
2015Q1,2015,Q1,2015-05-07,2015-03-31,-10537000.0,2750000.0,-11126000.0,-2400.024,2357000.0,0.8570909090909091,108607000.0,59084000.0,57321000.0,33964000.0,49523000.0,637000.0,-226018000.0,189109500.0,143777500.0,13028.445424476295,1.6876987398421859,0.0693141326065539,0.1274118204590075,-0.1670269621089293,13028.445424476295,-0.17833931351973462,68.76709090909091,-4.486796526525577,3.2006888497732047,0.0,0.6169544740973313,0.0,0.025320651523382472,1.5875633023201037,-0.09701952912795676,-15.662539340732152,0.8570909090909091,-0.33333333333333326,0.6346760854133319,0.0,0.15184201336348085,-0.13249907986750092,-0.32440925087983913,0.02249165348796345,0.8500493738886867,0.0,2.9696741521582894,Biotechnology,Healthcare,SLS
2014Q4,2014,Q4,2015-03-05,2014-12-31,-7956000.0,3195000.0,-11382000.0,-1800.018,2717000.0,0.8503912363067293,80488000.0,37059000.0,29024000.0,27233000.0,43429000.0,655000.0,-215481000.0,185594100.0,170346100.0,9045.399072492068,1.065765798846987,0.10438823178610476,0.2267195553037049,-0.2503684476804294,9045.399072492068,-0.21468469197765724,58.08892018779343,-5.831891025641026,5.008070913948028,0.0,0.7297709923664122,0.0,0.03969535831428288,0.9359600484706055,-0.09884703309810158,-17.102294507924807,0.8503912363067293,-0.19999999999999993,0.8070093975168526,0.0,6.458486954511003,0.9788783685360525,-0.28883849019925484,0.1382495457298607,-2.9529075673261973,0.0,0.42944498791953356,Biotechnology,Healthcare,SLS
2014Q3,2014,Q3,2014-11-05,2014-09-30,-6173000.0,1620000.0,-13208000.0,-1500.015,1373000.0,0.8475308641975309,79492000.0,30859000.0,28521000.0,31586000.0,48633000.0,450000.0,-207525000.0,245160600.0,229773600.0,7778.926140660448,0.9029633381878047,0.11648970965631762,0.30007453255128164,-0.3290319366249813,7778.926140660448,-0.20003888654849478,151.3337037037037,-9.928746152600032,7.944541300755048,0.0,0.5488888888888889,0.0,0.02037940924872943,0.8257455834863547,-0.07765561314346098,-17.287962767082718,0.8475308641975309,0.7058823529988459,0.7186851788385752,0.0,-0.26805713260905345,-0.3079637096774194,0.6904367885261522,0.1631502249255528,0.6023805067606843,0.0,1.3110464367772283,Biotechnology,Healthcare,SLS
2014Q2,2014,Q2,2014-08-11,2014-06-30,-19941000.0,2331000.0,-15783000.0,-5100.051001,1984000.0,0.8511368511368511,80276000.0,28311000.0,43684000.0,33413000.0,51965000.0,433000.0,-201352000.0,361324800.0,332241800.0,7192.835365853659,1.307395325172837,0.12555433753550252,0.3560100314365441,-0.4108551347130027,7192.835365853659,-0.7043551976263643,155.0084942084942,-4.529923273657289,12.762700010596587,0.0,0.8013856812933026,0.0,0.02903732124171608,1.236464849010864,-0.2484055010214759,-27.2,0.8511368511368511,-7.50000000166665,0.5413298467269262,0.0,0.02659145773896463,0.07709011943539631,-6.863170347003154,-0.33201114018060596,-3.7107160663231094,0.0,-0.06259701367931526,Biotechnology,Healthcare,SLS
2014Q1,2014,Q1,2014-05-06,2014-03-31,-2536000.0,2173000.0,-11849000.0,-600.006,1842000.0,0.8476760239300506,92290000.0,46504000.0,55779000.0,26840000.0,45786000.0,358000.0,-181411000.0,290550000.0,248108000.0,12004.13009808983,2.078204172876304,0.10819157005092643,0.21471271288491312,-0.20965002300152163,12004.13009808983,-0.05453294340271805,133.70915784629545,-28.64254731861199,6.247849647342163,0.0,0.9245810055865922,0.0,0.02354534619135334,2.0079359165424737,-0.02747860006501246,-28.824404761904763,0.8476760239300506,0.9520747356961713,0.9278049744115371,0.0,-0.14666978131334849,0.6775956284153005,0.9477124183006536,0.0405668016194332,0.8592250528459814,0.0,2.068836725788363,Biotechnology,Healthcare,SLS
2013Q4,2013,Q4,2014-03-17,2013-12-31,-48501000.0,1317000.0,-12350000.0,-12519.61796592669,1098000.0,0.8337129840546698,87976000.0,5886000.0,53455000.0,62447000.0,82090000.0,386000.0,-178875000.0,576451200.0,538556200.0,1519.3598347960765,0.8560058929972617,0.11243975629717196,1.6805980292218825,-0.7995149071100894,1519.3598347960765,-8.240061162079511,437.7002277904328,-2.97133667347065,97.93598369011212,0.0,0.5673575129533679,0.0,0.014969991815949804,0.8242189376591349,-0.5512980812948987,-42.10746530314098,0.8337129840546698,-2.7937856881815097,-0.4393962170273126,0.0,-0.9220667346112629,0.26352128883774456,-4.222461505330031,-0.7916727114463948,-4.647845133727715,0.0,-0.48354270636149826,Biotechnology,Healthcare,SLS
2013Q3,2013,Q3,2013-11-06,2013-09-30,-9287000.0,1170000.0,-6893000.0,-3300.033,869000.0,0.7427350427350428,91254000.0,34620000.0,56786000.0,36514000.0,56634000.0,425000.0,-130374000.0,199044000.0,157446000.0,11896.907216494845,1.5551843128662979,0.10737063580774542,0.2830155979202773,-0.17716959154716777,11896.907216494845,-0.26825534373194687,170.12307692307692,-5.358135027457736,5.749393414211439,0.0,0.7082352941176471,0.0,0.012821355776185154,1.5275236895437367,-0.1017708812764372,-24.63720757519495,0.7427350427350428,0.0,0.5711076020844424,0.0,-0.553012017624722,0.0,0.032301760966968844,0.13686451289757076,0.5276560415861579,0.0,1.2143878395665586,Biotechnology,Healthcare,SLS
2013Q2,2013,Q2,2013-08-09,2013-06-30,-9597000.0,0.0,-7986000.0,-3300.033,0.0,0.0,62002000.0,15231000.0,27548000.0,25752000.0,46771000.0,352000.0,-121087000.0,184844400.0,173629400.0,5463.055954088953,1.0697421559490525,0.15651108028773264,0.6371216597728317,-0.3809253245300912,5463.055954088953,-0.6300965136891865,0.0,-4.81516098780869,12.13606460508174,0.0,0.0,0.0,0.0,1.0370068344206276,-0.15478532950549984,-24.41801849405548,0.0,0.0,0.6348884553199945,0.0,-0.8251150047548235,0.0,-0.032712794576563,-0.2079866888519135,0.016039917522014942,0.0,-0.48051736421652597,Biotechnology,Healthcare,SLS
2013Q1,2013,Q1,2013-05-09,2013-03-31,-9293000.0,0.0,-6611000.0,-3300.033,0.0,0.0,61451000.0,23312000.0,27502000.0,26379000.0,38139000.0,0.0,-111490000.0,171768600.0,154344600.0,8428.054953000723,1.0425717426740968,0.0,0.0,-0.21807995607733033,8428.054953000723,-0.3986358956760467,0.0,-4.620913590874852,7.368248112560055,0.0,0.0,0.0,0.0,1.0307441525455856,-0.1512261802086215,-11.141506129597198,0.0,-1.4334554193548386,0.4641708053029197,0.0,-0.5961118339579485,0.0,-1.4774726739536124,-0.18519182502689135,0.4717467528093693,0.0,-0.25487750306996937,Biotechnology,Healthcare,SLS
2012Q4,2012,Q4,2013-03-12,2012-12-31,-3751000.0,0.0,-5578000.0,-1356.1099060014462,0.0,0.0,54986000.0,27756000.0,36121000.0,15919000.0,27230000.0,0.0,-102197000.0,126959400.0,94209400.0,10034.70715835141,2.269049563414787,0.0,0.0,,10034.70715835141,-0.1351419512898112,0.0,-8.461703545721141,4.574124513618677,0.0,0.0,0.0,0.0,2.229097305107105,-0.06821736442003419,-24.566447368421052,0.0,0.49774209443037193,0.7828569727332797,0.0,-0.6105906858996958,0.0,0.4008944258105734,-0.009044862518089725,0.8652272035512552,0.0,7.274232218289759,Biotechnology,Healthcare,SLS
2012Q3,2012,Q3,2012-11-13,2012-09-30,-6261000.0,0.0,-5528000.0,-2700.027,0.0,0.0,35192000.0,14165000.0,16325000.0,10057000.0,21027000.0,0.0,-98446000.0,119722800.0,104356800.0,6318.019625334523,1.6232474893109277,0.0,0.0,,6318.019625334523,-0.4420049417578539,0.0,-4.780498322951606,8.452015531238969,0.0,0.0,0.0,0.0,1.5335587153226609,-0.1779097522164128,-28.744969987995198,0.0,-29.843675780612244,0.5794584881538887,0.0,-0.790761059561544,0.0,-30.943877551020407,0.02727432693999648,0.49514503377257446,0.0,-0.4055182788498619,Biotechnology,Healthcare,SLS
2012Q2,2012,Q2,2012-08-14,2012-06-30,-196000.0,0.0,-5683000.0,-87.53907994640464,0.0,0.0,38959000.0,19116000.0,20089000.0,9322000.0,19843000.0,0.0,-92185000.0,107415000.0,88244000.0,8809.216589861751,2.155009654580562,0.0,0.0,-0.2964064048401398,8809.216589861751,-0.010253191044151497,0.0,-137.00892857142856,5.619114877589454,0.0,0.0,0.0,0.0,2.062647500536366,-0.005030929952000821,-15.925129725722758,0.0,0.9943885766312093,0.992028685885487,0.0,0.0,0.0,0.9920843261580712,-0.01301247771836007,0.9918227933287199,0.0,0.25728812638424,Biotechnology,Healthcare,SLS
2012Q1,2012,Q1,2012-05-14,2012-03-31,-24761000.0,0.0,-5610000.0,-15600.156002,0.0,0.0,28208000.0,-10570000.0,9092000.0,27392000.0,38778000.0,0.0,-91989000.0,106426800.0,98785800.0,-6614.5181476846055,0.3319217289719626,0.03545093590470788,-0.0946073793755913,0.5899053627760252,-6614.5181476846055,2.342573320719016,0.0,-1.074540608214531,-10.06876064333018,0.0,0.0,0.0,0.0,0.317647488317757,-0.877800623936472,-21.7864483111566,0.0,-16.688514343106355,-3.6089924728857246,0.0,0.0,0.0,-16.58275645059786,0.03442340791738382,-0.7088700842488017,0.0,-1.4702021863599009,Biotechnology,Healthcare,SLS
2011Q4,2011,Q4,2012-03-28,2011-12-31,1589000.0,0.0,-5810000.0,994.3679599499375,0.0,0.0,30968000.0,10112000.0,11810000.0,11202000.0,20856000.0,0.0,-67228000.0,22531800.0,11665800.0,6327.909887359199,1.0542760221389038,0.016145698785843453,0.04944620253164557,-0.5440584324374942,6327.909887359199,0.1571400316455696,0.0,3.5449653870358713,2.228223892405063,0.0,0.0,0.0,0.0,1.0206213176218533,0.05131103074141049,-5.40460542096426,0.0,1.2549635939409678,1.5452148083276418,0.0,1327.861076345432,0.0,1.2902283105022831,-0.144602048857368,1.1143237344606276,0.0,-0.6754194303986137,Biotechnology,Healthcare,SLS
2011Q3,2011,Q3,2011-11-14,2011-09-30,-5475000.0,0.0,-5076000.0,-3900.039,0.0,0.0,30329000.0,4709000.0,16187000.0,21461000.0,25620000.0,0.0,-68817000.0,42389700.0,27275700.0,3365.975696926376,0.7542518987931597,0.016485871608031916,0.10617965597791464,-0.959909228441755,3365.975696926376,-1.1626672329581653,0.0,-1.9356027397260274,9.001847526014016,0.0,0.0,0.0,0.0,0.73123340012115,-0.18052029410794948,-12.420070319367126,0.0,-2.25,0.41065828150056477,0.0,-0.8885262740333482,0.0,-2.9616497829232995,-0.0982258762440502,0.47406472430005336,0.0,-0.8735343011327088,Biotechnology,Healthcare,SLS
2011Q2,2011,Q2,2011-08-15,2011-06-30,-1382000.0,0.0,-4622000.0,-1200.012,0.0,0.0,32353000.0,9860000.0,18192000.0,16819000.0,22493000.0,0.0,-60970000.0,37779000.0,19915000.0,7673.151750972763,1.0816338664605505,0.0,0.0,-0.46550508611139085,7673.151750972763,-0.14016227180527382,0.0,-6.834117221418235,3.8315415821501015,0.0,0.0,0.0,0.0,1.0662346156132945,-0.042716285970389144,-9.277750491159136,0.0,0.7419396219526169,0.9050842025308591,0.0,0.0,0.0,0.6401978651392867,0.12379146919431279,0.8859257149963145,0.0,-0.7543647513842506,Biotechnology,Healthcare,SLS
2011Q1,2011,Q1,2011-05-16,2011-03-31,-3841000.0,0.0,-5275000.0,-4650.121065,0.0,0.0,11880000.0,3231000.0,11398000.0,8616000.0,8649000.0,0.0,-59585000.0,244553820.0,233530820.0,3911.6222760290557,1.32288765088208,0.0,0.0,-1.5874210051158593,3911.6222760290557,-1.188796038378211,0.0,-15.917327518875293,75.68982358402971,0.0,0.0,0.0,0.0,1.290041782729805,-0.32331649831649834,-79.73714378871861,0.0,-1.0977607862861825,-0.38318048686800776,0.0,0.0,0.0,-1.0977607864554888,-0.4272186147186147,0.2583707144412783,0.0,-0.8125477401221598,Biotechnology,Healthcare,SLS
2010Q4,2010,Q4,2011-04-15,2010-12-31,-1831000.0,0.0,-3696000.0,-2216.7070217917676,0.0,0.0,7476000.0,2430000.0,7041000.0,5026000.0,5046000.0,0.0,-55743000.0,232932000.0,226112000.0,2941.8886198547216,1.4009152407481098,0.0,0.0,,2941.8886198547216,-0.7534979423868313,0.0,-31.80393227744402,95.85679012345679,0.0,0.0,0.0,0.0,1.3710704337445285,-0.2449170679507758,-121.95392670157068,0.0,0.671916639110322,-0.21542682656989864,0.0,616.7966101694916,0.0,0.5571946795646917,0.006184458187684862,0.6450564433272808,0.0,-0.8858363466378099,Biotechnology,Healthcare,SLS
2010Q3,2010,Q3,2010-11-15,2010-09-30,-4135000.0,0.0,-3719000.0,-6756.535948,0.0,0.0,9605000.0,3288000.0,9166000.0,6274000.0,6317000.0,0.0,-53912000.0,171115200.0,168374200.0,5372.549019607844,1.460949952183615,0.0,0.0,,5372.549019607844,-1.257603406326034,0.0,-10.345538089480048,52.042335766423356,0.0,0.0,0.0,0.0,1.4077143767931144,-0.4305049453409682,-76.11886120996441,0.0,-0.9313404952176455,-0.01747762568634478,0.0,-0.8220729704908301,0.0,-0.9313404950957497,0.2177114009255364,-0.01747762568634478,0.0,-0.8220729704908301,Biotechnology,Healthcare,SLS
2010Q2,2010,Q2,2010-08-16,2010-06-30,-2141000.0,0.0,-4754000.0,-3498.366013,0.0,0.0,11844000.0,6436000.0,11399000.0,5373000.0,5408000.0,0.0,-49777000.0,128152800.0,123144800.0,10516.339869281046,2.121533593895403,0.0,0.0,-0.7290292899861984,10516.339869281046,-0.3326600372902424,0.0,-14.964128911723494,19.911870727159727,0.0,0.0,0.0,0.0,2.0638377070537874,-0.18076663289429246,-34.201441152922335,0.0,0.44994811268818474,0.6912557836751007,0.0,0.0,0.0,0.4490478641276377,-0.06687612208258528,0.6912557836751007,0.0,0.0,Biotechnology,Healthcare,SLS
2010Q1,2010,Q1,2010-05-17,2010-03-31,-3886000.0,0.0,-4456000.0,-6360.065466,0.0,0.0,15762000.0,6911000.0,15314000.0,8799000.0,8851000.0,0.0,-47636000.0,142424100.0,127673100.0,11310.965630114566,1.7404250483009434,0.0,0.0,,11310.965630114566,-0.5622919982636376,0.0,-9.162641533710756,20.608320069454493,0.0,0.0,0.0,0.0,1.6881463802704852,-0.24654231696485218,-57.94308380797396,0.0,0.36792452834645417,-0.8918041755724838,0.0,0.0,0.0,0.36792452830188677,0.1573373676248109,-0.8918041755724838,0.0,0.0,Biotechnology,Healthcare,SLS
2009Q4,2009,Q4,2010-03-31,2009-12-31,-6148000.0,0.0,-5288000.0,-10062.193126022914,0.0,0.0,6252000.0,741000.0,5804000.0,5475000.0,5511000.0,0.0,-43750000.0,135458700.0,129862700.0,1212.7659574468084,1.0600913242009133,0.0,0.0,,1212.7659574468084,-8.29689608636977,0.0,-5.508242517891997,182.80526315789476,0.0,0.0,0.0,0.0,1.0381735159817351,-0.9833653230966091,-41.197901459854016,0.0,-0.8190774317125322,-4.517129390247551,0.0,253.68085106382978,0.0,-1.058252427184466,-0.7709310113864702,-4.517129390247551,0.0,253.68085106382978,Biotechnology,Healthcare,SLS
2009Q3,2009,Q3,2009-11-16,2009-09-30,-2987000.0,0.0,-2986000.0,-5531.481481,0.0,0.0,9721000.0,5739000.0,9233000.0,3902000.0,3982000.0,0.0,-37602000.0,118357200.0,109473200.0,10627.777777777777,2.366222450025628,0.0,0.0,,10627.777777777777,-0.5204739501655341,0.0,-9.906026113157013,20.62331416623105,0.0,0.0,0.0,0.0,2.3034341363403383,-0.30727291430922743,-38.42766233766234,0.0,0.4992163981027419,0.16700529859368152,0.0,-0.6480313304946643,0.0,0.41212359771698487,0.4116256157635468,0.16700529859368152,0.0,-0.6480313304946643,Biotechnology,Healthcare,SLS
2009Q2,2009,Q2,2009-08-14,2009-06-30,-5081000.0,0.0,-5075000.0,-11045.652174,0.0,0.0,5102000.0,3223000.0,4695000.0,1868000.0,1879000.0,0.0,-34615000.0,76866000.0,72529000.0,7006.521739130435,2.51338329764454,0.0,0.0,-1.5625,7006.521739130435,-1.5764815389388769,0.0,-3.7820310962408974,23.84920881166615,0.0,0.0,0.0,0.0,2.335117773019272,-0.9958839670717365,-27.412981455064195,0.0,-0.2181731000323442,0.02517883735165409,0.0,0.0,0.0,-0.21817309997602494,-0.21673459602013906,0.02517883735165409,0.0,0.0,Biotechnology,Healthcare,SLS
2009Q1,2009,Q1,2009-05-15,2009-03-31,-4171000.0,0.0,-4171000.0,-9067.391304,0.0,0.0,7963000.0,6471000.0,7563000.0,1492000.0,1492000.0,0.0,-29534000.0,57546000.0,50391000.0,14067.391304347826,5.069034852546917,0.0,0.0,,14067.391304347826,-0.6445680729408129,0.0,-3.4491728602253655,8.892906815020863,0.0,0.0,0.0,0.0,4.806970509383378,-0.5237975637322617,-21.472388059701494,0.0,-0.04248937761559615,-1.6970993964773988,0.0,0.0,0.0,-0.0424893776555861,-0.03498759305210918,-1.6970993964773988,0.0,0.0,Biotechnology,Healthcare,SLS
2008Q4,2008,Q4,2009-03-18,2008-12-31,-4001000.0,0.0,-4030000.0,-8697.826086956522,0.0,0.0,10359000.0,8968000.0,9929000.0,1387000.0,1391000.0,0.0,-25363000.0,77280000.0,67445000.0,19495.652173913044,7.158615717375631,0.0016410850468191911,0.001895628902765388,-0.44832573144954946,19495.652173913044,-0.44614183764495985,0.0,-4.82879280179955,8.617305976806422,0.0,0.0,0.0,0.0,7.105984138428262,-0.38623419248962254,-27.317073170731707,0.0,-0.16889798937529937,-3.7690430241798163,0.0,4093.0869565217395,0.0,-0.17400234741784038,-0.16339491916859122,-3.7690430241798163,0.0,4093.0869565217395,Biotechnology,Healthcare,SLS
2008Q3,2008,Q3,2008-11-14,2008-09-30,-3408000.0,0.0,-3464000.0,-7441.048035,0.0,0.0,13379000.0,12190000.0,13005000.0,1180000.0,1189000.0,0.0,-21362000.0,132591000.0,128936000.0,26615.720524017466,11.021186440677965,0.0,0.0,-0.2839577014509386,26615.720524017466,-0.27957342083675146,0.0,-9.726452464788732,10.877030352748154,0.0,0.0,0.0,0.0,10.744915254237288,-0.25472755811346137,-56.30191082802548,0.0,0.21074571558092794,-0.12055940289440265,0.0,-0.11854576406818043,0.0,0.2107457156090783,0.2029452369995398,-0.12055940289440265,0.0,-0.11854576406818043,Biotechnology,Healthcare,SLS
2008Q2,2008,Q2,2008-08-14,2008-06-30,-4318000.0,0.0,-4346000.0,-9427.947598,0.0,0.0,15842000.0,14307000.0,15433000.0,1522000.0,1535000.0,0.0,-17954000.0,178345200.0,169355200.0,31237.991266375546,10.139947437582128,0.0010730968312081808,0.0011882295379883974,,31237.991266375546,-0.3018103026490529,0.0,-10.325683186660491,12.465590270496959,0.0,0.0,0.0,0.0,9.90473061760841,-0.2725665951268779,-65.44777981651376,0.0,-0.5036258074135093,0.1679474697906335,0.0,0.0,0.0,-0.6318972033257747,-0.6019166973829709,0.1679474697906335,0.0,0.0,Biotechnology,Healthcare,SLS
2008Q1,2008,Q1,2008-03-31,2008-03-31,-2646000.0,0.0,-2713000.0,-6270.14218,0.0,0.0,10580000.0,8806000.0,10179000.0,1774000.0,1774000.0,0.0,-13636000.0,201420600.0,191563600.0,20867.298578199054,5.737880496054115,0.0,0.0,,20867.298578199054,-0.3004769475357711,0.0,-19.030668934240364,22.873109243697478,0.0,0.0,0.0,0.0,5.556369785794814,-0.2500945179584121,-119.46654804270463,0.0,-0.003987691803278633,-0.8650564558355597,0.0,0.0,0.0,-0.008768585589020206,0.010576221735959153,-0.8650564558355597,0.0,0.0,Biotechnology,Healthcare,SLS
2007Q4,2007,Q4,2007-12-31,2007-12-31,-2623000.0,0.0,-2742000.0,-6245.238095238095,0.0,0.0,12147000.0,10823000.0,11737000.0,1324000.0,1324000.0,0.0,-10990000.0,200088000.0,198325000.0,25769.04761904762,8.864803625377643,0.0,0.0,-0.25334934860944286,25769.04761904762,-0.24235424558809943,0.0,-19.070529927563857,18.487295574240044,0.0,0.0,0.0,0.0,8.848187311178247,-0.2159380917098872,-84.6754126110876,0.0,0.05951954098669916,-2.4242819843342036,0.0,5410.5,0.0,0.05951954105414127,0.05121107266435986,-2.4242819843342036,0.0,5410.5,Biotechnology,Healthcare,SLS
2007Q3,2007,Q3,2007-09-30,2007-09-30,-2789000.0,0.0,-2890000.0,-6640.47619,0.0,0.0,14395000.0,12682000.0,14242000.0,1713000.0,1713000.0,0.0,-8367000.0,200088000.0,197734000.0,30195.238095238095,8.31406888499708,0.0,0.0,-0.22788203753351208,30195.238095238095,-0.21991799400725437,0.0,-17.93546073861599,15.77732218892919,0.0,0.0,0.0,0.0,8.277875072971396,-0.19374782910732893,-91.7414030261348,0.0,0.41395251107621783,0.0,0.0,0.0,0.0,0.41395251103172936,0.4092395748160262,0.0,0.0,0.0,Biotechnology,Healthcare,SLS
2007Q2,2007,Q2,2007-06-30,2007-06-30,-4759000.0,0.0,-4892000.0,-11330.952381,0.0,0.0,,,,,,,,200088000.0,,,0.0,0.0,0.0,0.0,,0.0,0.0,-10.511031729354906,0.0,0.0,0.0,0.0,0.0,0.0,0.0,-299.98200899550227,0.0,-2.3703966004852575,0.0,0.0,0.0,0.0,-2.3703966005665724,-2.464589235127479,0.0,0.0,0.0,Biotechnology,Healthcare,SLS
2007Q1,2007,Q1,2007-03-31,2007-03-31,-1412000.0,0.0,-1412000.0,-3361.904762,0.0,0.0,,,,,,,,200088000.0,,,0.0,0.0,0.0,0.0,,0.0,0.0,-35.42634560906516,0.0,0.0,0.0,0.0,0.0,0.0,0.0,-187.87605633802818,0.0,-0.8433420366057441,0.0,0.0,0.0,0.0,-0.8433420365535248,-0.8433420365535248,0.0,0.0,0.0,Biotechnology,Healthcare,SLS
