Year,Date,FillingDate,NetIncome,Revenue,OperatingIncome,EPSDiluted,GrossProfit,GrossProfitRatio,TotalAssets,CommonStockEquity,CurrentAssets,CurrentLiability,TotalLiability,Inventory,RetainedEarnings,EnterpriseValue,bookValuePerShare,currentRatio,debtToAssets,debtToEquity,roic,shareholdersEquityPerShare,roe,priceToSalesRatio,peRatio,pbRatio,payoutRatio,inventoryTurnover,dividendYield,assetTurnover,quickRatio,returnOnAssets,priceToFreeCashFlowsRatio,grossProfitMargin,epsdilutedGrowth,fiveYNetIncomeGrowthPerShare,fiveYRevenueGrowthPerShare,fiveYShareholdersEquityGrowthPerShare,grossProfitGrowth,netIncomeGrowth,operatingIncomeGrowth,threeYNetIncomeGrowthPerShare,threeYRevenueGrowthPerShare,threeYShareholdersEquityGrowthPerShare,Industry,Sector,Price,MarketCap,AvgVolume,Symbol
2022,2022-12-31,2023-03-02,-40825000.0,78259000.0,85321000.0,-0.77,47280000.0,0.6041477658,3454101000.0,983545000.0,3496695000.0,100000000.0,2470431000.0,0.0,-219376000.0,1565591280.16,18.553319990645104,34.96695,0.4095363742982617,1.4382463435836692,0.035593033493818406,18.553319990645104,-0.0415080143765664,3.630806426864642,-6.960031357256583,0.2888970816383592,-1.6134966319657074,0.0,0.23182318428543613,0.022656836033457042,34.96695,-0.011819283802066007,4.824328163265307,0.6041477657521819,-1.6260162601626016,-1.6246227589224569,-0.13772703079147525,-0.031949847091415524,-0.45987319357971096,-1.597267127997308,-0.5100014357501794,-1.5822658153092746,-0.266296037826894,-0.033546624881494784,REIT—Mortgage,Real Estate,5.385,277467510,647783,GPMT
2021,2021-12-31,2022-02-25,68353000.0,87535000.0,174125000.0,1.23,87535000.0,1.0,3988518000.0,1013058000.0,202647000.0,0.0,2261208000.0,0.0,-112767000.0,2708566873.29,18.5563852575194,0.0,0.566929370758763,2.232061737827449,0.053030896701017155,18.5563852575194,0.06747195126044116,7.303248680984749,9.352769787573333,0.6310496272572745,0.9766652524395418,0.0,0.10442524242788478,0.021946748140537414,0.0,0.01713744303021824,10.601646295915492,1.0,2.684931506849315,0.5310089865898899,0.40338467629559366,0.874542286909147,-0.16574538246001944,2.6902742402136552,1.3823694399978108,-0.1376113512423299,-0.23957605229675605,-0.025789628225565936,REIT—Mortgage,Real Estate,5.385,277467510,647783,GPMT
2020,2020-12-31,2021-03-05,-40439000.0,104926000.0,73089000.0,-0.73,104926000.0,1.0,4219648000.0,933846000.0,273807000.0,0.0,1527917000.0,0.0,-125004000.0,1817511255.18,16.930847765091325,0.0,0.36209584306558273,1.636155211887185,0.030131548891565395,16.930847765091325,-0.043303713888585484,5.251446306730458,-13.625788352333144,0.5900472403158551,-0.8451989416157669,0.0,0.06202936077977782,0.024866055178062247,0.0,-0.009583500803858521,27.203814128857076,1.0,-1.5530303030303028,-230.70014056079813,8.363338619158373,0.5032733816369163,-0.017684782099892337,-1.575939271370382,-0.6472402409359435,-1.594659087675834,0.11114218620371279,-0.11660501860946226,REIT—Mortgage,Real Estate,5.385,277467510,647783,GPMT
2019,2019-12-31,2020-03-02,70214000.0,106815000.0,207192000.0,1.32,106815000.0,1.0,4460862000.0,1019136000.0,104434000.0,49293000.0,3441726000.0,0.0,-29929000.0,2364616320.1,19.19732546680808,2.118637534741241,0.329342400639159,1.4415652081763377,0.08327166606202006,19.19732546680808,0.06889561353931173,9.134918504891635,13.89674879796052,0.9574250346371829,1.2306947332440823,0.0,0.08855990355274311,0.023944923649285722,2.118637534741241,0.015740007200402074,15.20280327973575,1.0,-0.07042253521126751,413.3713415823261,8.903415506548907,0.7045117157319979,0.16601351425109434,0.11318271898533491,0.3403805223286776,0.6173104374907656,0.7610705469871772,0.9392892464607212,REIT—Mortgage,Real Estate,5.385,277467510,647783,GPMT
2018,2018-12-31,2019-02-27,63075000.0,91607000.0,154577000.0,1.42,91607000.0,1.0,3361881000.0,827531000.0,133691000.0,24740000.0,2534350000.0,0.0,-9001000.0,1689021273.52,19.04761619784509,5.403839935327405,0.2966794482017656,1.2052732767715046,0.08470556794817687,19.04761619784509,0.0762207095565,8.550877918936328,12.41887076527943,0.9465751416200724,1.0886880697582244,0.0,0.08766401473489593,0.027248733670228065,4.631123686337914,0.018761818160726095,13.642178956791307,1.0,0.15281636284813838,453.8529655447501,9.378370999234715,0.6912191764487371,0.0,0.18328487008723385,0.6141451902593876,453.8529655447501,9.378370999234715,0.6912191764487371,REIT—Mortgage,Real Estate,5.385,277467510,647783,GPMT
2017,2017-12-31,2018-03-16,53305000.0,74020000.0,95764000.0,1.231766,0.0,0.0,2499130000.0,828621000.0,118213000.0,1669509000.0,1670509000.0,0.0,-1515000.0,780532063.54,19.165659893653405,0.07080704566432407,0.09708498557498009,0.29280937847339134,0.08940142455853937,19.165659893653405,0.06432977199467549,10.361835497703323,14.388576372572928,0.9256138373755914,1.391407935465716,0.0,0.09670226570280964,0.02961830717089547,0.07647038740132578,0.0213294226390784,39.44980267153585,0.0,0.5062222955911394,385.2719755256046,7.426769080875967,0.7017001605223498,0.0,0.5076222530192042,1.0649919137466308,385.2719755256046,7.426769080875967,0.7017001605223498,REIT—Mortgage,Real Estate,5.385,277467510,647783,GPMT
2016,2016-12-31,2016-12-31,35357000.0,49397000.0,46375000.0,0.817785,0.0,0.0,1495607000.0,427991000.0,68013000.0,1067616000.0,1067616000.0,0.0,35495000.0,1359079957.0,9.899155322932849,0.06370548961424333,0.7938342091204441,2.774039641020489,0.028719572034228175,9.899155322932849,0.08261155024287894,16.629895681924005,23.233502757586898,1.9193556803764567,0.0,0.0,0.0,0.03302806151616033,0.07534450588975812,0.02364056867880399,24.637602933237357,0.0,255.1983082706767,255.21014492753625,4.6235200364298725,-0.12106369957818384,0.0,255.21014492753622,91.01388888888889,255.21014492753625,4.6235200364298725,-0.12106369957818384,REIT—Mortgage,Real Estate,5.385,277467510,647783,GPMT
2015,2015-12-31,2015-12-31,138000.0,8784000.0,504000.0,0.003192,0.0,0.0,722744000.0,486942000.0,60214000.0,235802000.0,235802000.0,0.0,138000.0,932640957.0,11.262653867159747,0.2553583090898296,0.462852683661158,0.6869894155772145,0.0004070583753735582,11.262653867159747,0.00028340130857473783,93.51855157103824,5952.659108695652,1.6869913809036805,0.0,0.0,0.0,0.012153680971408964,0.25429809755642446,0.00019093897700984028,254.56056925937403,0.0,0.0,0.0,0.0,0.0,0.0,0.0,0.0,0.0,0.0,0.0,REIT—Mortgage,Real Estate,5.385,277467510,647783,GPMT
TTM,,,,,,,,,,,,,,,,1370396510.0,17.8046615093031,2.37301,0.3787717521820161,1.4134160391610735,0.058452680423221916,17.8046615093031,-0.08004839853986633,3.591812427184466,-3.5525365909950812,0.3024488838041817,-0.8299659477866062,0.0,0.15784586815227486,0.02222803460149666,2.37301,-0.022815027359905114,4.943037250815029,0.48010355987055015,,,,,,,,,,,REIT—Mortgage,Real Estate,5.385,277467510,647783,GPMT
