Quarters,Year,Quarter,FillingDate,Date,NetIncome,Revenue,OperatingIncome,EPSDiluted,GrossProfit,GrossProfitRatio,TotalAssets,CommonStockEquity,CurrentAssets,CurrentLiability,TotalLiability,Inventory,RetainedEarnings,MarketCap,EnterpriseValue,bookValuePerShare,currentRatio,debtToAssets,debtToEquity,roic,shareholdersEquityPerShare,roe,priceToSalesRatio,peRatio,pbRatio,payoutRatio,inventoryTurnover,dividendYield,assetTurnover,quickRatio,returnOnAssets,priceToFreeCashFlowsRatio,grossProfitMargin,epsdilutedGrowth,fiveYNetIncomeGrowthPerShare,fiveYRevenueGrowthPerShare,fiveYShareholdersEquityGrowthPerShare,grossProfitGrowth,netIncomeGrowth,operatingIncomeGrowth,threeYNetIncomeGrowthPerShare,threeYRevenueGrowthPerShare,threeYShareholdersEquityGrowthPerShare,Industry,Sector,Symbol
2023Q1,2023,Q1,2023-05-04,2023-03-31,13000000.0,986000000.0,82000000.0,0.15,551000000.0,0.5588235294,10997000000.0,4568000000.0,1562000000.0,953000000.0,6402000000.0,262000000.0,2872000000.0,1762050000.0,5889050000.0,53.741176470588236,1.6390346274921301,0.38928798763299083,0.9371716287215411,0.004677123650437972,53.741176470588236,0.0028458844133099825,1.7870689655172414,33.88557692307692,0.3857377408056042,0.0,1.6603053435114503,0.0,0.08966081658634173,1.224554039874082,0.0011821405837955806,-11.0128125,0.5588235294117647,1.4545454545454544,-0.7111111111111111,0.04670912951167728,0.16918351676478127,0.0260707635009311,1.4642857142857142,2.5652173913043477,-0.8147473073736536,0.03592938733125651,0.08695700293287592,Telecom Services,Communication Services,USM
2022Q4,2022,Q4,2023-02-16,2022-12-31,-28000000.0,1048000000.0,23000000.0,-0.33,537000000.0,0.5124045802,11119000000.0,4554000000.0,1723000000.0,1195000000.0,6537000000.0,261000000.0,2861000000.0,1772250000.0000002,5675250000.0,53.576470588235296,1.4418410041841003,0.37557334292652217,0.9169960474308301,0.0017932624567695659,53.576470588235296,-0.006148440931049627,1.6910782442748094,-15.823660714285715,0.389163372859025,0.0,1.9578544061302683,0.0,0.09425308031297779,1.1288702928870293,-0.0025182120694307044,-77.05434782608697,0.5124045801526718,-1.357142857142857,-1.1025641025641026,0.019455252918288014,0.23850965460973625,0.009398496240601503,-1.3333333333333333,-0.17857142857142858,-2.5738562091503265,0.007917691791545532,0.09782617836269603,Telecom Services,Communication Services,USM
2022Q3,2022,Q3,2022-11-03,2022-09-30,-12000000.0,1083000000.0,28000000.0,-0.14,532000000.0,0.4912280702,11056000000.0,4589000000.0,1675000000.0,1099000000.0,6439000000.0,243000000.0,2890000000.0,2212550000.0,6076550000.0,53.98823529411764,1.524112829845314,0.37246743849493485,0.8973632599694923,0.0023095164449943293,53.98823529411764,-0.0026149487905861844,2.0429824561403507,-46.09479166666667,0.48214207888428856,0.0,2.2674897119341564,0.0,0.09795586107091173,1.2101910828025477,-0.001085383502170767,-38.147413793103446,0.49122807017543857,-1.56,0.959866220735786,0.12461059190031139,0.3516936671575847,-0.05,-1.5714285714285714,-0.6888888888888889,-1.5278772378516625,0.06279454555828136,0.1128926738480627,Telecom Services,Communication Services,USM
2022Q2,2022,Q2,2022-08-04,2022-06-30,21000000.0,1027000000.0,90000000.0,0.25,560000000.0,0.5452775073,11003000000.0,4608000000.0,1673000000.0,982000000.0,6367000000.0,206000000.0,2903000000.0,2490560000.0,6301560000.0,53.58139534883721,1.7036659877800406,0.37544306098336816,0.896484375,0.005080049261083745,53.58139534883721,0.004557291666666667,2.42508276533593,29.64952380952381,0.5404861111111111,0.0,2.266990291262136,0.0,0.0933381804962283,1.3890020366598779,0.0019085703898936654,19.766349206349208,0.5452775073028238,-0.5833333333333334,0.7296511627906976,0.05405829650559058,0.23559918737144947,-0.014084507042253521,-0.5961538461538461,-0.23728813559322035,-0.3147036759189798,0.06777169626425116,0.12003397293340637,Telecom Services,Communication Services,USM
2022Q1,2022,Q1,2022-05-05,2022-03-31,52000000.0,1010000000.0,118000000.0,0.6,568000000.0,0.5623762376,10875000000.0,4593000000.0,1611000000.0,873000000.0,6254000000.0,177000000.0,2897000000.0,2599780000.0,6538780000.0,53.406976744186046,1.8453608247422681,0.38979310344827584,0.9229261920313521,0.007419768313623062,53.406976744186046,0.011321576311778794,2.574039603960396,12.498942307692309,0.566030916612236,0.0,2.4971751412429377,0.0,0.0928735632183908,1.5120274914089347,0.0047816091954022985,-6.49945,0.5623762376237624,0.8749999999999999,0.9767441860465114,0.06651262174517984,0.23694632786261952,0.04990757855822551,0.8571428571428571,1.5106382978723405,-0.037037037037037104,0.04554865424430634,0.1145353069643291,Telecom Services,Communication Services,USM
2021Q4,2021,Q4,2022-02-17,2021-12-31,28000000.0,1069000000.0,47000000.0,0.32,541000000.0,0.506080449,10341000000.0,4547000000.0,1605000000.0,903000000.0,5767000000.0,173000000.0,2849000000.0,2710720000.0,6304720000.0,52.872093023255815,1.7774086378737541,0.3626341746446185,0.8247195953375852,0.008310441729026554,52.872093023255815,0.00615790631185397,2.5357530402245088,24.20285714285714,0.5961557070595997,0.0,3.052023121387283,0.0,0.10337491538535926,1.4673311184939093,0.0027076685040131514,-15.76,0.5060804490177736,-0.15789473684210525,6.5348837209302335,0.06616525473447074,0.23668902228308875,-0.03220035778175313,-0.17647058823529413,0.044444444444444446,0.3333333333333335,0.017126546146527147,0.12077890066551633,Telecom Services,Communication Services,USM
2021Q3,2021,Q3,2021-11-04,2021-09-30,34000000.0,1016000000.0,45000000.0,0.38,559000000.0,0.5501968503937008,10144000000.0,4523000000.0,1571000000.0,856000000.0,5595000000.0,136000000.0,2822000000.0,2742540000.0,6134540000.0,52.593023255813954,1.8352803738317758,0.3571569400630915,0.8010170240990493,0.0035082795397137242,52.593023255813954,0.007517134645147026,2.6993503937007874,20.16573529411765,0.6063541896971038,0.0,3.360294117647059,0.0,0.10015772870662461,1.558411214953271,0.0033517350157728706,26.11942857142857,0.5501968503937008,-0.025641025641025664,0.9767441860465115,-0.005756389592447679,0.22982310226800165,0.012681159420289856,-0.02857142857142857,0.25,-0.05555555555555565,0.014985014985014936,0.12736789631106676,Telecom Services,Communication Services,USM
2021Q2,2021,Q2,2021-08-06,2021-06-30,35000000.0,1014000000.0,36000000.0,0.39,552000000.0,0.5443786982248521,9920000000.0,4503000000.0,1645000000.0,751000000.0,5391000000.0,183000000.0,2794000000.0,3158970000.0,6619970000.0,51.758620689655174,2.1904127829560585,0.3758064516129032,0.8278925161003775,0.0054510058403634005,51.758620689655174,0.007772596047079724,3.115355029585799,22.56407142857143,0.7015256495669554,0.0,2.5245901639344264,0.0,0.10221774193548387,1.8202396804260985,0.003528225806451613,35.897386363636365,0.5443786982248521,-0.4347826086956521,0.26649638143891025,0.010907811400422227,0.21835579025773735,-0.019538188277087035,-0.4166666666666667,-0.5714285714285714,-0.2939244663382594,0.02910146569425752,0.12405085336119831,Telecom Services,Communication Services,USM
2021Q1,2021,Q1,2021-05-06,2021-03-31,60000000.0,1023000000.0,84000000.0,0.69,563000000.0,0.5503421309872922,10148000000.0,4475000000.0,1845000000.0,739000000.0,5658000000.0,139000000.0,2796000000.0,3137279999.9999995,6640280000.0,52.03488372093023,2.496617050067659,0.39239258967284196,0.8898324022346369,0.006188330576626932,52.03488372093023,0.013407821229050279,3.0667448680351903,13.072,0.701068156424581,0.0,3.3093525179856114,0.0,0.10080804099329917,2.165087956698241,0.005912495072920773,-2.480063241106719,0.5503421309872922,10.499999999999998,5.511627906976745,0.04301597319998061,0.22297991957418553,0.019927536231884056,11.0,15.8,0.3178294573643411,0.07335950229595625,0.1320617139183696,Telecom Services,Communication Services,USM
2020Q4,2020,Q4,2021-02-18,2020-12-31,5000000.0,1073000000.0,5000000.0,0.06,552000000.0,0.5144454799627214,9681000000.0,4411000000.0,2623000000.0,871000000.0,5255000000.0,146000000.0,2739000000.0,2639340000.0,3975340000.0,51.2906976744186,3.0114810562571757,0.26929036256585065,0.5910224438902744,0.0003121488325633662,51.2906976744186,0.0011335298118340512,2.45977632805219,131.967,0.598354114713217,0.0,3.5684931506849313,0.0,0.1108356574734015,2.7520091848450057,0.0005164755707055056,-59.985,0.5144454799627214,-0.9381443298969072,3.947880686347173,0.0658579176700339,0.21466531028168595,-0.026455026455026454,-0.9411764705882353,-0.9230769230769231,-0.9818979470142261,0.03163740837933221,0.18567019372466176,Telecom Services,Communication Services,USM
2020Q3,2020,Q3,2020-11-05,2020-09-30,85000000.0,1027000000.0,65000000.0,0.97,567000000.0,0.5520934761441091,9180000000.0,4411000000.0,2289000000.0,730000000.0,4754000000.0,157000000.0,2736000000.0,2539580000.0,3831580000.0,51.2906976744186,3.1356164383561644,0.24215686274509804,0.5039673543414191,0.008142530388955044,51.2906976744186,0.019270006801178872,2.4728140214216165,7.469352941176471,0.575737927907504,0.0,2.929936305732484,0.0,0.11187363834422658,2.808219178082192,0.009259259259259259,84.65266666666666,0.5520934761441091,0.2435897435897435,0.3106957216235845,-0.05782836039403726,0.21702239681521374,0.016129032258064516,0.25,0.22641509433962265,1.2809753441704907,0.05405829650559058,0.2841559064287427,Telecom Services,Communication Services,USM
2020Q2,2020,Q2,2020-08-06,2020-06-30,68000000.0,973000000.0,53000000.0,0.78,558000000.0,0.5734840698869476,8500000000.0,4321000000.0,1718000000.0,697000000.0,4166000000.0,145000000.0,2657000000.0,2654820000.0,3977820000.0,50.24418604651163,2.4648493543758967,0.2048235294117647,0.4029159916685952,0.0071078164601247025,50.24418604651163,0.015737097894006017,2.7284892086330936,9.760367647058825,0.6143994445730155,0.0,2.8620689655172415,0.0,0.11447058823529412,2.1434720229555237,0.008,44.247,0.5734840698869476,-0.03703703703703707,2.444102887028082,-0.022528094733808963,0.21456676463496885,-0.014134275618374558,-0.04225352112676056,0.06,4.600775193798449,-0.0013644376826294627,0.1586423803454933,Telecom Services,Communication Services,USM
2020Q1,2020,Q1,2020-04-30,2020-03-31,71000000.0,963000000.0,50000000.0,0.81,566000000.0,0.5877466251298027,8251000000.0,4252000000.0,1576000000.0,722000000.0,3987000000.0,212000000.0,2620000000.0,2518940000.0,3878940000.0,49.44186046511628,2.182825484764543,0.19609744273421403,0.3805268109125118,0.0069211602940724105,49.44186046511628,0.01669802445907808,2.6157217030114226,8.86950704225352,0.5924129821260583,0.0,1.8726415094339623,0.0,0.11671312568173554,2.42797783933518,0.008605017573627438,2518.94,0.5877466251298027,3.0500000000000003,-0.5665264417488819,-0.025040322935242238,0.1995723996279628,0.010714285714285714,2.9444444444444446,17.666666666666668,1.6990161001788908,0.016882826475849686,0.14511120968252952,Telecom Services,Communication Services,USM
2019Q4,2019,Q4,2020-02-25,2019-12-31,18000000.0,1052000000.0,-3000000.0,0.2,560000000.0,0.532319391634981,8164000000.0,4197000000.0,1573000000.0,750000000.0,3954000000.0,162000000.0,2550000000.0,3115779999.9999995,4445780000.0,48.80232558139535,2.0973333333333333,0.19781969622733955,0.38479866571360494,-0.0005308168681804777,48.80232558139535,0.004288777698355968,2.9617680608365013,43.274722222222216,0.7423826542768643,0.0,3.037037037037037,0.0,0.12885840274375307,1.788,0.002204801567858893,-17.026120218579234,0.532319391634981,-0.25925925925925924,1.824517774242061,0.019428351056501553,0.24246743928907796,-0.01060070671378092,-0.21739130434782608,-1.15,4.558139534883721,0.04921033487433421,0.14149633308161946,Telecom Services,Communication Services,USM
2019Q3,2019,Q3,2019-10-31,2019-09-30,23000000.0,1031000000.0,20000000.0,0.27,566000000.0,0.5489815712900097,8291000000.0,4172000000.0,1770000000.0,849000000.0,4106000000.0,139000000.0,2532000000.0,3231880000.0,4376880000.0,48.51162790697674,2.0848056537102475,0.20685080207453865,0.4110738255033557,0.0017954328676429334,48.51162790697674,0.00551294343240652,3.1347041707080505,35.12913043478261,0.7746596356663471,0.0,3.3453237410071943,0.0,0.124351706669883,1.8409893992932862,0.0027740923893378364,62.151538461538465,0.5489815712900097,-0.22857142857142848,2.01635146548875,0.009393610588791247,0.22953509049774456,0.017985611510791366,-0.25806451612903225,-0.3333333333333333,0.3372093023255812,0.008922403868293844,0.13438469658680136,Telecom Services,Communication Services,USM
2019Q2,2019,Q2,2019-08-01,2019-06-30,31000000.0,973000000.0,30000000.0,0.35,556000000.0,0.5714285714285714,8223000000.0,4162000000.0,1735000000.0,747000000.0,4048000000.0,146000000.0,2509000000.0,3861060000.0,5049060000.0,47.839080459770116,2.322623828647925,0.20868296242247356,0.4123017779913503,0.003052444817521033,47.839080459770116,0.007448342143200384,3.968201438848921,31.137580645161293,0.9276934166266219,0.0,2.856164383561644,0.0,0.11832664477684543,2.0147255689424366,0.003769913656816247,-36.772,0.5714285714285714,-0.435483870967742,2.5994752371007004,-0.015150783634799584,0.18903483062763038,-0.0017953321364452424,-0.42592592592592593,-0.53125,0.12175393784589196,-0.029967159277504117,0.1260930044531874,Telecom Services,Communication Services,USM
2019Q1,2019,Q1,2019-05-02,2019-03-31,54000000.0,966000000.0,64000000.0,0.62,557000000.0,0.5766045548654244,8229000000.0,4121000000.0,1839000000.0,802000000.0,4095000000.0,157000000.0,2497000000.0,3992980000.0,5063980000.0,47.91860465116279,2.2930174563591024,0.20889537003281078,0.4171317641349187,0.0064249798786661936,47.91860465116279,0.013103615627274934,4.13351966873706,18.486018518518517,0.9689347245814123,0.0,2.605095541401274,0.0,0.11738971928545389,2.002493765586035,0.006562158220925993,90.74954545454545,0.5766045548654244,1.6956521739130435,1.7141941398500227,0.021728429025634013,0.18228124920921024,0.02389705882352941,1.5714285714285714,20.333333333333332,4.86046511627907,-0.015099286303830648,0.12623469241680857,Telecom Services,Communication Services,USM
2018Q4,2018,Q4,2019-02-22,2018-12-31,21000000.0,1051000000.0,3000000.0,0.23,544000000.0,0.5176022835394862,7274000000.0,4057000000.0,1812000000.0,691000000.0,3207000000.0,142000000.0,2444000000.0,4469420000.0,5513420000.0,47.174418604651166,2.622286541244573,0.22326092933736597,0.40029578506285435,0.000652329229526699,47.174418604651166,0.0051762385999507025,4.252540437678402,53.20738095238095,1.101656396351984,0.0,3.5704225352112675,0.0,0.14448721473742096,2.276410998552822,0.002886994775914215,-33.859242424242424,0.5176022835394862,-0.4390243902439024,11.911950742082505,0.13962864386786739,0.17102580396417666,0.001841620626151013,-0.4166666666666667,-0.9117647058823529,13.381098882658126,0.04400435365443205,0.1171836689668557,Telecom Services,Communication Services,USM
2018Q3,2018,Q3,2018-11-02,2018-09-30,36000000.0,1001000000.0,34000000.0,0.41,543000000.0,0.5424575424575424,7228000000.0,4012000000.0,1864000000.0,689000000.0,3205000000.0,123000000.0,2430000000.0,3796900000.0,4694900000.0,46.651162790697676,2.705370101596517,0.22523519645821805,0.4057826520438684,0.004373522458628841,46.651162790697676,0.00897308075772682,3.793106893106893,26.36736111111111,0.9463858424725822,0.0,3.7235772357723578,0.0,0.13848920863309352,2.4078374455732945,0.004980630879911455,28.983969465648855,0.5424575424575424,-0.26785714285714296,4.566779969665305,0.041036680777756386,0.1583726130445751,-0.007312614259597806,-0.2653061224489796,-0.39285714285714285,-0.4448818120182465,-0.08168080696634016,0.10693580957212374,Telecom Services,Communication Services,USM
2018Q2,2018,Q2,2018-08-03,2018-06-30,49000000.0,974000000.0,56000000.0,0.56,547000000.0,0.5616016427104723,7075000000.0,3960000000.0,1709000000.0,590000000.0,3104000000.0,141000000.0,2402000000.0,3185440000.0,4221440000.0,46.04651162790697,2.8966101694915256,0.2306713780918728,0.4121212121212121,0.007439198855507869,46.04651162790697,0.012373737373737374,3.27047227926078,16.252244897959184,0.8044040404040405,0.0,3.028368794326241,0.0,0.1376678445229682,2.493220338983051,0.006925795053003533,40.322025316455694,0.5616016427104723,0.07692307692307698,-0.6668399609264829,-0.045759476557813185,0.14047352928685583,0.0055147058823529415,0.08888888888888889,-0.13846153846153847,1.4817800215349415,-0.021523498736618556,0.11309520665458832,Telecom Services,Communication Services,USM
2018Q1,2018,Q1,2018-05-04,2018-03-31,45000000.0,942000000.0,65000000.0,0.52,544000000.0,0.5774946921443737,7048000000.0,3907000000.0,1591000000.0,616000000.0,3130000000.0,141000000.0,2375000000.0,3416150000.0,4543150000.0,45.96470588235294,2.582792207792208,0.23212258796821794,0.41873560276426924,0.00837607278162934,45.96470588235294,0.011517788584591758,3.6264861995753717,18.97861111111111,0.8743665216278474,0.0,2.8226950354609928,0.0,0.1336549375709421,2.1964285714285716,0.006384790011350738,30.776126126126126,0.5774946921443737,-0.8364779874213837,8.032320620555915,-0.141090139568482,0.03443112079028479,0.040152963671128104,-0.8351648351648352,22.666666666666668,-0.7220310405249664,-0.035081139107322,0.11520869188145297,Telecom Services,Communication Services,USM
2017Q4,2017,Q4,2018-02-26,2017-12-31,273000000.0,1028000000.0,-3000000.0,3.18,523000000.0,0.5087548638132295,6841000000.0,3677000000.0,1483000000.0,733000000.0,3154000000.0,138000000.0,2157000000.0,3198550000.0,4486550000.0,43.258823529411764,2.0231923601637107,0.2397310334746382,0.4460157737285831,-0.025766409629490315,43.258823529411764,0.07424530867555072,3.111429961089494,2.9290750915750916,0.8698803372314388,0.0,3.6594202898550723,0.0,0.15027042829995615,1.6984993178717598,0.03990644642596112,-23.17789855072464,0.5087548638132295,1.9059829059829059,7.795919676234534,-0.09079879834387765,-0.028689317860810495,0.01160541586073501,1.9130434782608696,0.9916666666666667,13.652306080820333,0.007891094388315633,0.10133439455877667,Telecom Services,Communication Services,USM
2017Q3,2017,Q3,2017-11-08,2017-09-30,-299000000.0,963000000.0,-360000000.0,-3.51,517000000.0,0.5368639667705088,6780000000.0,3395000000.0,1504000000.0,673000000.0,3374000000.0,102000000.0,1884000000.0,3009000000.0,4155000000.0,39.94117647058823,2.234769687964339,0.2424778761061947,0.4842415316642121,-0.060655095384208296,39.94117647058823,-0.08807069219440354,3.1246105919003115,-2.515886287625418,0.8863033873343152,0.0,4.372549019607843,0.0,0.14203539823008848,1.9390787518573551,-0.04410029498525074,39.077922077922075,0.5368639667705088,-26.07142857142857,-9.408080415884726,-0.15814050801119084,-0.1064255414553006,0.005836575875486381,-25.916666666666668,-73.0,-12.368011040193204,-0.04608934738697425,0.0123156064875824,Telecom Services,Communication Services,USM
2017Q2,2017,Q2,2017-08-04,2017-06-30,12000000.0,963000000.0,5000000.0,0.14,514000000.0,0.5337487019730011,7077000000.0,3686000000.0,1440000000.0,651000000.0,3380000000.0,141000000.0,2183000000.0,3257200000.0,4409200000.0,43.36470588235294,2.2119815668202767,0.2294757665677547,0.4405860010851872,0.0009416195856873823,43.36470588235294,0.0032555615843733042,3.3823468328141226,67.85833333333333,0.8836679327183938,0.0,3.1843971631205674,0.0,0.1360746078846969,1.8494623655913978,0.001695633743111488,-34.65106382978723,0.5337487019730011,-0.5483870967741935,-0.7730163178491478,-0.13103904169418581,-0.018973938744202765,-0.03564727954971857,-0.5384615384615384,-0.9074074074074074,1.633719980088475,-0.0023378006614731624,0.07782476624736347,Telecom Services,Communication Services,USM
2017Q1,2017,Q1,2017-05-05,2017-03-31,26000000.0,936000000.0,54000000.0,0.31,533000000.0,0.5694444444444444,7024000000.0,3670000000.0,1524000000.0,587000000.0,3342000000.0,141000000.0,2185000000.0,3173050000.0,4228050000.0,43.1764705882353,2.5962521294718908,0.23163439635535307,0.4433242506811989,0.004679419529148883,43.1764705882353,0.007084468664850136,3.390010683760684,30.51009615384615,0.8645912806539509,0.0,2.858156028368794,0.0,0.13325740318906606,2.1754684838160134,0.003701594533029613,-105.76833333333333,0.5694444444444444,6.331957344341246,-0.586051485178338,-0.14728776282438424,-0.009992137911394312,0.023032629558541268,6.2,2.8620689655172415,0.3222087356655013,0.0016447646187727704,0.0652800087797393,Telecom Services,Communication Services,USM
2016Q4,2016,Q4,2017-02-24,2016-12-31,-5000000.0,991000000.0,-29000000.0,-0.05814,521000000.0,0.5257315842583249,7110000000.0,3634000000.0,1558000000.0,718000000.0,3465000000.0,138000000.0,2160000000.0,3716200000.0,4759200000.0,42.752941176470586,2.16991643454039,0.2291139240506329,0.44826637314254264,-0.00250462059316325,42.752941176470586,-0.001375894331315355,3.749949545913219,-185.81,1.0226197028068245,0.0,3.4057971014492754,0.0,0.13938115330520393,1.8286908077994428,-0.0007032348804500703,-44.24047619047619,0.5257315842583249,-1.2907000000000002,-2.7760463699939093,-0.10334929391683148,-0.0012002241753108441,-0.024344569288389514,-1.2941176470588236,-4.222222222222222,-4.110441915459651,0.08721095653755936,0.06127004410126377,Telecom Services,Communication Services,USM
2016Q3,2016,Q3,2016-11-04,2016-09-30,17000000.0,1010000000.0,9000000.0,0.2,534000000.0,0.5287128712871287,7104000000.0,3635000000.0,1607000000.0,695000000.0,3459000000.0,140000000.0,2167000000.0,3088900000.0000005,4046900000.0000005,42.76470588235294,2.3122302158273382,0.22972972972972974,0.44896836313617605,0.0009320468785059634,42.76470588235294,0.004676753782668501,3.0583168316831686,45.425000000000004,0.8497661623108667,0.0,3.4,0.0,0.14217342342342343,1.9597122302158274,0.002393018018018018,60.56666666666668,0.5287128712871287,-0.375,-0.7278822014805277,-0.09529718055863752,0.0008793443109109078,0.017142857142857144,-0.37037037037037035,-0.5,2.7041282077289788,0.06275425859265348,0.061869868523443255,Telecom Services,Communication Services,USM
2016Q2,2016,Q2,2016-08-05,2016-06-30,27000000.0,980000000.0,18000000.0,0.32,525000000.0,0.5357142857142857,7091000000.0,3611000000.0,1585000000.0,719000000.0,3470000000.0,176000000.0,2150000000.0,3337950000.0000005,4350950000.0,42.48235294117647,2.2044506258692627,0.2304329431673953,0.45250623096095266,0.0023164918970448047,42.48235294117647,0.007477153143173636,3.406071428571429,30.90694444444445,0.9243838271946829,0.0,2.585227272727273,0.0,0.13820335636722605,1.8094575799721835,0.003807643491750106,-151.72500000000002,0.5357142857142857,2.1999999999999997,-0.6348830025730517,-0.09012328660350144,0.020032476629359395,0.013513513513513514,2.0,19.0,-0.8142622783364449,-0.02858568286378186,0.052196947789411696,Telecom Services,Communication Services,USM
2016Q1,2016,Q1,2016-05-06,2016-03-31,9000000.0,958000000.0,-1000000.0,0.1,518000000.0,0.5407098121085595,7057000000.0,3574000000.0,1708000000.0,723000000.0,3473000000.0,151000000.0,2140000000.0,3837960000.0,4702960000.0,42.54761904761905,2.3623789764868603,0.23196825846677058,0.45803021824286516,-8.63557858376511e-05,42.54761904761905,0.002518186905428092,4.0062212943632565,106.61,1.0738556239507553,0.0,2.9139072847682117,0.0,0.13575173586509848,1.9889349930843707,0.0012753294601105286,63.966,0.5407098121085595,6.0,-0.7314942393949165,-0.07772959527962868,0.03785518604102152,-0.012102695548359289,6.411906193625978,0.9576181394363212,0.8279696493982207,-0.11610264463984285,-0.04247007756261452,Telecom Services,Communication Services,USM
2015Q4,2015,Q4,2016-02-24,2015-12-31,-1663000.0,987035000.0,-23595000.0,-0.02,524346000.0,0.5312334415699544,7059978000.0,3560513000.0,1671642000.0,747938000.0,3489222000.0,149307000.0,2132521000.0,3441099200.0,4365543200.0,42.22619781783681,2.235000762095254,0.23226984560008543,0.4605572286914835,-0.0015873583799858558,42.22619781783681,-0.0004670675265053098,3.4862990674089573,-517.3029464822611,0.9664616306695131,0.0,3.0989102989143174,0.0,0.13980709288329227,1.8552273049370402,-0.0002355531419503007,-19.7210093472941,0.5312334415699544,-1.0266666666666666,-1.2463408786432693,-0.05877761554244175,0.0370861129471592,-0.10009473662531665,-1.026150265748341,-1.3035702798327435,0.9582682913063555,-0.11998967608901298,-0.051875347957592716,Telecom Services,Communication Services,USM
2015Q3,2015,Q3,2015-10-30,2015-09-30,63594000.0,1068906000.0,77725000.0,0.75,582668000.0,0.545106866272619,6938384000.0,3554165000.0,1591311000.0,886552000.0,3372554000.0,176259000.0,2135145000.0,2987918190.0,3768309190.0,42.144415590575456,1.7949437822034127,0.19848382562856134,0.3874769460618739,0.009699759343960784,42.144415590575456,0.01789281026626507,2.795304909879821,11.74606955844891,0.8406807759347132,0.0,2.758656295565049,0.0,0.1540569100816559,1.382391557404416,0.009165534798881122,-136.59054582857144,0.545106866272619,2.260869565217391,0.7357733843084856,0.027482142257436316,0.04078813938223977,0.10832382256714601,2.2861719718892104,8.14519355218261,0.8024498361373641,-0.05816632052955484,-0.05713409894767111,Telecom Services,Communication Services,USM
2015Q2,2015,Q2,2015-07-31,2015-06-30,19352000.0,975667000.0,8499000.0,0.23,525720000.0,0.5388313840685398,6596619000.0,3487032000.0,1229583000.0,828574000.0,3099392000.0,135401000.0,2072000000.0,3175317310.0,3965091310.0,41.36799022457381,1.4839748773193462,0.17464340444703566,0.3303829732563395,0.0011057000456277377,41.36799022457381,0.005549705308124503,3.2545092844177366,41.02053159880116,0.9106074478238226,0.0,3.3230699920975475,0.0,0.1479041005703073,1.1160741225285853,0.0029336240277026762,125.33322715610815,0.5388313840685398,-0.8783068783068783,-0.5131287294107664,-0.028691057264726247,0.03238941582876407,-0.019667441778069505,-0.8790983606557377,-0.9660465097697682,-0.6308807785110866,-0.11222480098468904,-0.0641450071820491,Telecom Services,Communication Services,USM
2015Q1,2015,Q1,2015-05-01,2015-03-31,160064000.0,965245000.0,250313000.0,1.89,536267000.0,0.555576045459961,6606378000.0,3463895000.0,1225851000.0,861834000.0,3132640000.0,164900000.0,2067455000.0,3001980240.0,3817045240.0,41.21623711953547,1.4223748424870684,0.17437058551599682,0.3325614662107252,0.03283499054826494,41.21623711953547,0.04620925287862363,3.110070748877228,4.688718637544982,0.8666487407961269,0.0,2.6014432989690723,0.0,0.14610804891878726,1.0395168907237358,0.024228707470265856,-21.403425426181936,0.555576045459961,8.559999999999999,2.41868851055757,-0.028991459946758405,0.0365063694566533,0.155832539453322,8.500656044985941,6.051317754368971,1.5774437330305688,-0.11062123869550446,-0.05493899250841719,Telecom Services,Communication Services,USM
2014Q4,2014,Q4,2015-02-25,2014-12-31,-21340000.0,1008744000.0,-49554000.0,-0.25,463966000.0,0.45994424749986124,6487268000.0,3301991000.0,1279175000.0,856894000.0,3174666000.0,267068000.0,1910498000.0,3348348780.0,4288700780.0,39.278554944924224,1.492804244165556,0.1775577947450298,0.3488395334814662,-0.007101267034682035,39.278554944924224,-0.006462767463630276,3.319324605648212,-39.22620407685098,1.0140393417183753,0.0,2.0398475294681506,0.0,0.15549596532777743,0.8968098738000266,-0.0032895203342917234,-9.883840895002509,0.45994424749986124,0.03846153846153849,-2.7694974958905267,-0.020861918704445273,-0.0010915111636122837,-0.058523925187750986,0.03722084367245657,0.03505082369435682,-8.664383961487289,-0.07715418487249112,-0.08236928748894207,Telecom Services,Communication Services,USM
2014Q3,2014,Q3,2014-10-31,2014-09-30,-22165000.0,1000419000.0,-51354000.0,-0.26,492807000.0,0.492600600348454,6257075000.0,3323435000.0,1198258000.0,945232000.0,2919504000.0,184822000.0,1933641000.0,2988586839.9999995,3591590839.9999995,39.455261002220034,1.2676866631684074,0.14012969318731197,0.26382402544355466,-0.011519421828718464,39.455261002220034,-0.006669304499711894,2.987335146573585,-33.70840108278818,0.8992463640781299,0.0,2.746491218577875,0.0,0.15988604899254044,0.8782870237148128,-0.003542390014503582,-45.73970890279924,0.492600600348454,-0.18181818181818185,-1.6412567730110712,-0.025345509121920965,0.008296367343140383,-0.01174538366515329,-0.17967959976582043,-0.02081221301210567,-1.3580242306568742,-0.09571951535856264,-0.07657600007454843,Telecom Services,Communication Services,USM
2014Q2,2014,Q2,2014-08-01,2014-06-30,-18789000.0,957773000.0,-50307000.0,-0.22,498664000.0,0.5206494649567277,6298967000.0,3393337000.0,1308289000.0,871210000.0,2889834000.0,199859000.0,2032355000.0,3441112799.9999995,3913815799.9999995,40.23354003390996,1.501691899771582,0.13919123564228864,0.25837722572205474,-0.007676940515582672,40.23354003390996,-0.0055370274157857,3.5928271103904574,-45.786268561392305,1.0140792971638242,0.0,2.297164500973186,0.0,0.15205239208270183,1.0612607752436267,-0.0029828700483745985,-294.4897560975609,0.5206494649567277,-1.9565217391304348,-1.2324860774232727,-0.05244098675633574,0.040887942230623954,0.050416025951593536,-1.9644287034185401,-7.429009584664537,-1.2560661272759432,-0.1038117527668668,-0.03396317192738002,Telecom Services,Communication Services,USM
2014Q1,2014,Q1,2014-05-02,2014-03-31,19482000.0,925811000.0,7825000.0,0.23,474730000.0,0.5127720452662584,6338334000.0,3413206000.0,1326267000.0,868071000.0,2908168000.0,218882000.0,2061561000.0,3453575130.0,3933327130.0,40.530630662724285,1.5278324008059248,0.1385684313890685,0.2573220016606088,0.0010822156245129818,40.530630662724285,0.005707830116318792,3.7303241482332785,44.31751270403449,1.0118273347697149,0.0,2.060841001087344,0.0,0.14606535408200325,1.0633554167804247,0.003073678351440615,-62.6817273172768,0.5127720452662584,10.5,-0.7615366340816311,-0.08943965081342209,0.07687041700991686,0.25444259180475587,11.237437185929648,1.2566751951715542,-0.42024462419883474,-0.11097239342142322,-0.011344790416055458,Telecom Services,Communication Services,USM
2013Q4,2013,Q4,2014-02-28,2013-12-31,1592000.0,902724000.0,-30486000.0,0.02,378439000.0,0.419218941780655,6445708000.0,3391206000.0,1401191000.0,1006173000.0,3036111000.0,238188000.0,2043095000.0,3520449420.0,4056582420.0,40.28469607156009,1.3925945140646787,0.13624538995561078,0.25896333044940356,-0.00021390700693918802,40.28469607156009,0.00046944951147173013,3.8998070506600024,552.834393844221,1.0381113444597585,0.0,2.201139436075705,0.0,0.1400504025314209,0.9727591577193981,0.00024698605645803376,-17.513105393546848,0.419218941780655,1.1666666666666665,1.0082402310993268,-0.11189151426628072,0.09543390208690397,-0.33421825327710664,1.161476823207222,0.2944198856666744,-0.763786987865221,-0.1377539758954784,-0.01059766166149665,Telecom Services,Communication Services,USM
2013Q3,2013,Q3,2013-11-01,2013-09-30,-9859000.0,939236000.0,-43207000.0,-0.12,568413000.0,0.6051865558815889,6259854000.0,3383135000.0,1076311000.0,852380000.0,2856252000.0,142560000.0,2042254000.0,3824747650.0,4520687650.0,40.27301946312719,1.262712639902391,0.14042516007561837,0.25983030532331697,-0.006070120661833488,40.27301946312719,-0.0029141609779095427,4.072190216303464,-96.98619662237549,1.1305335583711558,0.0,2.6011714365881033,0.0,0.15004119904393937,0.9258523193880663,-0.001574956860016224,-10.811549050923636,0.6051865558815889,-1.0710059171597635,-1.1141145084821058,-0.1044163738311567,0.03330010984769983,-0.029669183482902664,-1.0687560586089782,-1.1972093914885071,-1.2701482524964105,-0.09363753539460704,-0.005427399882933202,Telecom Services,Communication Services,USM
2013Q2,2013,Q2,2013-08-02,2013-06-30,143391000.0,995130000.0,219092000.0,1.69,585793000.0,0.5886597730949725,6329778000.0,3385234000.0,1245758000.0,901891000.0,2924153000.0,163433000.0,2055905000.0,2910259950.0,3322059950.0,40.37490607668913,1.3812733467791563,0.13890234381047803,0.2597223707430565,0.027922440553729444,40.37490607668913,0.04235778088014004,2.9245022760845316,5.073993399167311,0.8596924023568238,0.0,2.504616570704815,0.0,0.15721404447359766,1.049571400535098,0.022653401114541456,55.07996195847607,0.5886597730949725,27.166666666666664,1.0627967996509147,-0.020025867601937364,0.061159160190145126,-0.06086193960458897,28.18009768009768,148.4488403819918,2.6268076920865653,-0.00402157256422,0.007605771331225916,Telecom Services,Communication Services,USM
2013Q1,2013,Q1,2013-05-03,2013-03-31,4914000.0,1081746000.0,1466000.0,0.06,623756000.0,0.5766196500842157,6523635000.0,3725322000.0,1184672000.0,685568000.0,2733495000.0,139136000.0,2403325000.0,3046672920.0000005,3506044920.0000005,44.43476705074072,1.7280153099327857,0.1347512544769902,0.23597101136492363,0.00018861530679100213,44.43476705074072,0.0013190806056496594,2.8164401994553256,154.99963980463983,0.8178280749959332,0.0,3.2916714581416744,0.0,0.16581951626662128,1.3532691140776698,0.0007532610270194455,52.132457007922525,0.5766196500842157,1.1278118609406953,-0.9272531077539562,0.08869843149045806,0.19302365918116154,0.06651392225423396,1.124022007975367,1.0241166019609134,-0.894790128919222,0.09085306566921172,0.11744599439878389,Telecom Services,Communication Services,USM
2012Q4,2012,Q4,2013-02-26,2012-12-31,-39622000.0,1115206000.0,-60788000.0,-0.46944,584855000.0,0.5244367408353255,6587450000.0,3733855000.0,1196476000.0,754999000.0,2792203000.0,155886000.0,2399052000.0,2954451120.0,3455043120.0,44.536546673346216,1.5847385228324806,0.13342795770745888,0.23540014274791068,-0.00805558710445582,44.536546673346216,-0.01061155293925447,2.6492424897283553,-18.64148150017667,0.7912602712210303,0.0,3.40217210012445,0.0,0.16929251834928538,1.2263142070386848,-0.006014770510592111,272.80250415512467,0.5244367408353255,-2.117714285714286,-2.416996712351401,0.13743841084606004,0.22025017825525461,-0.09054507738503428,-2.1176553552791177,-2.264335780694274,-4.29436264609544,0.08541932249612628,0.13262655914515709,Telecom Services,Communication Services,USM
2012Q3,2012,Q3,2012-11-07,2012-09-30,35451000.0,1140357000.0,48079000.0,0.42,643083000.0,0.5639312951996611,6536348000.0,3787592000.0,1327153000.0,672100000.0,2673794000.0,196523000.0,2438760000.0,3297116669.9999995,3768150669.9999995,44.698207394644605,1.9746362148489809,0.13472553786915875,0.2324994349972225,0.006725817874198419,44.698207394644605,0.009359772647106657,2.8913021711621885,23.251224718625707,0.8705047085324924,0.02392034075202392,2.530360314059932,0.00025719441708442795,0.1744639361306956,1.5118851361404553,0.005423670832703522,-109.92587417483495,0.5639312951996611,-0.32258064516129037,-0.4223198414283656,0.16259050635352043,0.2305278146374831,-0.039419065444013426,-0.32711397931099934,-0.42873946983829,0.019534447484070877,0.10438061257624172,0.14228214433138703,Telecom Services,Communication Services,USM
2012Q2,2012,Q2,2012-08-03,2012-06-30,52685000.0,1104400000.0,84163000.0,0.62,669473000.0,0.6061870699022094,6425252000.0,3744339000.0,1260618000.0,642713000.0,2611512000.0,183139000.0,2403312000.0,3271384340.0,3714510340.0,44.20341884377915,1.9614011230518131,0.1370763356830207,0.23522175743168555,0.011488509015567782,44.20341884377915,0.01407057427225473,2.9621372147772544,15.52331944576255,0.8736880768541523,0.0,2.3748464281229014,0.0,0.1718843089734068,1.5083668760395386,0.008199678393936923,-48.57577792296499,0.6061870699022094,-0.1506849315068493,-0.6308344304253597,0.17531304426819003,0.23643301035623765,-0.0036432854457592485,-0.1569320873071753,-0.012194549423722448,-0.3509177798181612,0.08790136095276987,0.1435932717101319,Telecom Services,Communication Services,USM
2012Q1,2012,Q1,2012-05-04,2012-03-31,62492000.0,1092121000.0,85202000.0,0.73,671921000.0,0.615244098410341,6341435000.0,3688288000.0,1257302000.0,646293000.0,2590949000.0,131510000.0,2359589000.0,3461450100.0,3830985100.0,43.61225020692917,1.945405566824954,0.13886651838266892,0.2387592834399049,0.013596966794038741,43.61225020692917,0.01694336234046799,3.169474902506224,13.847572889329836,0.9384977799998265,0.0,3.195194281803665,0.0,0.17221985244664653,1.5860963990016912,0.009854551848280397,94.2891803546621,0.615244098410341,21.121212121212118,-0.127170828638969,0.2142110962518239,0.24776889061101315,0.06371314362607354,21.310603355944306,4.221990683991175,-0.238315069956698,0.06959647917464962,0.158746885976037,Telecom Services,Communication Services,USM
2011Q4,2011,Q4,2012-02-27,2011-12-31,2801000.0,1099633000.0,16316000.0,0.033,631675000.0,0.5744416546247703,6327976000.0,3619961000.0,1292843000.0,722280000.0,2651054000.0,127056000.0,2297363000.0,3689789100.0,4146081100.0,42.80431595128296,1.7899471119233539,0.13913564147525212,0.24322002364113868,0.0014883959664979533,42.80431595128296,0.0007737652422222228,3.3554732351611856,329.3278382720457,1.019289738204362,0.0,3.683084624102758,0.0,0.17377325704142998,1.4783823447970317,0.00044263758269626815,-66.50905043440643,0.5744416546247703,-0.9547945205479451,-0.9462028450388417,0.2666818161569419,0.2567251146420527,-0.06431825992155189,-0.9549243643385903,-0.8394410549104507,1.0144313575576904,0.07685330500829388,0.16394818432742697,Telecom Services,Communication Services,USM
2011Q3,2011,Q3,2011-11-09,2011-09-30,62140000.0,1110439000.0,101620000.0,0.73,675096000.0,0.6079541514662219,6280601000.0,3612451000.0,1327995000.0,737680000.0,2596324000.0,148770000.0,2294562000.0,3352288550.0,3727848550.0,42.72713402013081,1.8002318078299533,0.14019550039876758,0.2437436521630328,0.013937011012370642,42.72713402013081,0.017201617406021563,3.0188858190319325,13.486838389121338,0.9279817359460377,0.004811715481171548,2.9262821805471533,8.919279934897012e-05,0.17680457650470074,1.4710552000867585,0.009893957600554469,26.125053967907604,0.6079541514662219,-0.16091954022988508,0.7881372507525144,0.2901717952450503,0.2934454115667976,-0.006871472136776278,-0.1589974014724989,-0.007520265650942475,-0.28536187682861625,0.05204194370091527,0.09626625629352119,Telecom Services,Communication Services,USM
2011Q2,2011,Q2,2011-08-08,2011-06-30,73888000.0,1076182000.0,102390000.0,0.87,679767000.0,0.6316468775727526,6089916000.0,3537168000.0,1260935000.0,644804000.0,2487990000.0,160783000.0,2224453000.0,4112310600.0,4564086600.0,41.64803956199223,1.9555322237455102,0.14456701865838545,0.2488999674315724,0.016246988598578406,41.64803956199223,0.020889027606265802,3.821203662577519,13.914000243611953,1.162599740809597,0.0,2.4655280719976616,0.0,0.17671540953931056,1.5311055762681374,0.012132843868454014,110.14330940647096,0.6316468775727526,1.1960047857759468,0.48638256176286715,0.30775361278253,0.2784042996350718,0.05369158726394256,1.1661047755855882,0.7949616955629963,0.04936001479550758,0.0462526280962025,0.09462047047797761,Telecom Services,Communication Services,USM
2011Q1,2011,Q1,2011-05-06,2011-03-31,34111000.0,1057092000.0,57043000.0,0.396174,645129000.0,0.6102865218921343,5961928000.0,3504478000.0,1161585000.0,617791000.0,2397994000.0,108818000.0,2162556000.0,4401571160.0,4848480160.0,40.99571849702868,1.8802232470204325,0.1456245362238524,0.24774103304400827,0.008093718416596526,40.99571849702868,0.009733546622350034,4.163848709478456,32.25917709829674,1.255984817139671,0.0,3.7857983054274107,0.0,0.1773070724772255,1.5346759664676242,0.0057214713092811585,41.56778475573478,0.6102865218921343,4.014860759493671,-0.07177719695388934,0.2881347080266894,0.2821595481806327,0.0468183086798772,3.984073641145529,11.209951673527833,-0.5047439175452345,0.04340078512107508,0.10068906260352924,Telecom Services,Communication Services,USM
2010Q4,2010,Q4,2011-02-25,2010-12-31,6844000.0,1063150000.0,-5587000.0,0.079,616276000.0,0.5796698490335325,5933610000.0,3480583000.0,1109624000.0,665995000.0,2398654000.0,112279000.0,2129638000.0,4269070960.0,4842686960.0,40.71619250386037,1.6661146104700486,0.1462923919839693,0.24939557539642065,-0.0029026785083642783,40.71619250386037,0.00196633724867357,4.015492602172788,155.94210111046172,1.2265390481996838,0.0,3.980031884858255,0.0,0.17917422951626413,1.2988550965097336,0.001153429362563431,49.16358753483659,0.5796698490335325,-0.8162790697674418,-0.8356534671817059,0.3776086462238124,0.29091855167670316,-0.056916242392523596,-0.816799614540393,-1.0933765647719487,-0.7599517613748014,0.06346551132473088,0.11557686600890461,Telecom Services,Communication Services,USM
2010Q3,2010,Q3,2010-11-04,2010-09-30,37358000.0,1060781000.0,59833000.0,0.43,653469000.0,0.6160263051468682,5859091000.0,3482056000.0,1098578000.0,618253000.0,2315913000.0,119882000.0,2126825000.0,3953052240.0,4551641240.0,40.49279002697926,1.7769068649889286,0.1481255368793555,0.24924383754885046,0.008712041375743208,40.49279002697926,0.010728718894813869,3.726548872953041,26.453853525349324,1.1352638326322149,0.040526794796295305,3.3976076475200614,0.00038299519158390885,0.18104873264470547,1.3023309227775683,0.00637607437740769,71.07377407001205,0.6160263051468682,-0.08510638297872336,0.09053164108772847,0.34760926881863535,0.29929003031859336,-0.0014013135977847936,-0.08330675042328173,-0.05780738221214412,-0.40012935065710314,0.06567973231207695,0.11475397616154073,Telecom Services,Communication Services,USM
2010Q2,2010,Q2,2010-08-05,2010-06-30,40753000.0,1029893000.0,63504000.0,0.47,654386000.0,0.635392220356872,5795648000.0,3463062000.0,1035856000.0,634390000.0,2274280000.0,120304000.0,2090966000.0,3556388750.0,4191501750.0,40.07014174139427,1.6328378442283138,0.14976168324922426,0.2506354203303319,0.009090227705816623,40.07014174139427,0.011767909439680837,3.4531633383273794,21.81672974995706,1.0269491998699416,0.049812283758250926,3.121317661923128,0.0005708037401704186,0.1777010957187186,1.2296867857311748,0.0070316554766611085,30.148085432843917,0.635392220356872,-0.14545454545454556,0.07777431276853533,0.39268737221293554,0.3081780475584121,-0.00223982435141914,-0.15506302869464256,-0.19395824078187474,-0.7201188160538059,0.07423470110566201,0.12081932290822589,Telecom Services,Communication Services,USM
2010Q1,2010,Q1,2010-05-10,2010-03-31,48232000.0,1024037000.0,78785000.0,0.55,655855000.0,0.640460256807127,5759036000.0,3442658000.0,1022672000.0,619235000.0,2261266000.0,153278000.0,2066066000.0,3582514880.0,4160602880.0,39.76457678802439,1.6515087164000744,0.15067556445210623,0.2520569862007786,0.011186846303546567,39.76457678802439,0.014010104982835937,3.4984232796275916,18.569180626969647,1.0406246801163521,0.04735445347487145,2.4020537846266263,0.0006375409667523837,0.1778139605308944,1.1623131767422707,0.008375012762552621,116.5500318823606,0.640460256807127,2.9285714285714284,1.8486646284700496,0.4426367701419297,0.3163612746125836,0.004735248880146576,2.88341384863124,5.048288039306003,-0.34194996976666797,0.11213600725634078,0.13768497678953584,Telecom Services,Communication Services,USM
2009Q4,2009,Q4,2010-02-25,2009-12-31,12420000.0,1060997000.0,13026000.0,0.14,652764000.0,0.6152364238541673,5745217000.0,3404296000.0,1005588000.0,644565000.0,2289220000.0,152556000.0,2029516000.0,3671688159.9999995,4244875159.9999995,39.32147477360932,1.560103325498592,0.15101222460352673,0.25485386699628937,0.00263889682355562,39.32147477360932,0.0036483314024397407,3.4606018301654005,73.90676650563607,1.0785455083811746,1.0120772946859904,2.675955059125829,0.0034234933502631662,0.1846748347364425,1.1107320440917519,0.002161798240170911,66.60537967565213,0.6152364238541673,-0.6585365853658536,-0.6939088126944974,0.47165497937105844,0.31277197771859283,-0.016163065496286294,-0.6514955945900444,-0.7742147958122443,-0.7669835348083157,0.19385818555012976,0.15446967892212318,Telecom Services,Communication Services,USM
2009Q3,2009,Q3,2009-11-05,2009-09-30,35638000.0,1058300000.0,57692000.0,0.41,663488000.0,0.6269375413398848,5841825000.0,3398416000.0,1114320000.0,615967000.0,2383234000.0,121073000.0,2020710000.0,3393151360.0,3995897360.0,39.13061901252763,1.809057952779938,0.1724871936423977,0.29650284132372257,0.008466575792642646,39.13061901252763,0.010486650251175842,3.2062282528583577,23.802902519782254,0.9984508547511547,0.050395645097929175,3.260941745888844,0.0005293014691805554,0.18115914119303472,1.3845741736164436,0.006100490856881197,25.004247216347466,0.6269375413398848,-0.5729166666666667,0.6614623400466029,0.40515357940925645,0.327843135290733,-0.04077121365237845,-0.5724705487175796,-0.5906016931712544,-0.0016534866314553815,0.19701616028448457,0.18457090030133974,Telecom Services,Communication Services,USM
2009Q2,2009,Q2,2009-08-06,2009-06-30,83358000.0,1042550000.0,140919000.0,0.96,691689000.0,0.6634588269147763,5731247000.0,3362510000.0,972245000.0,571932000.0,2312304000.0,125578000.0,1985876000.0,3344842400.0000005,4076661400.0000005,38.65309453742873,1.6999311106914807,0.17583241483048978,0.2996984395585441,0.019584264328216635,38.65309453742873,0.024790409545250424,3.2083280418205367,10.031557858873775,0.9947457107934252,0.023501043691067446,2.793968688783067,0.0005856778184825689,0.1819063111396176,1.2649073666100166,0.014544478714667157,34.69753526970955,0.6634588269147763,-0.010309278350515474,1.1745505146189739,0.45044942646937564,0.32616968054022577,0.036921716187449403,-0.014587667864573483,0.22783828526618455,0.6371398685872985,0.23685533214488635,0.18647318746654754,Telecom Services,Communication Services,USM
2009Q1,2009,Q1,2009-05-06,2009-03-31,84592000.0,1052764000.0,114770000.0,0.97,667060000.0,0.6336272896869574,5619955000.0,3281833000.0,799761000.0,569851000.0,2285671000.0,108051000.0,1911995000.0,2907114640.0000005,3722937640.0000005,37.63742602871692,1.4034563420964428,0.1792932505687323,0.3070296386196373,0.01989726078397093,37.63742602871692,0.025775839294686843,2.7614115224304787,8.591576744845849,0.8858204058524611,0.024836864006052582,3.569647666379765,0.0007227097174262105,0.1873260551018647,1.0637517526511315,0.015052077819128444,60.791590305514326,0.6336272896869574,1.42386212682654,8.05330891428645,0.5816487531223903,0.30922445878011384,0.046606679166241734,1.42271060074556,1.3487230907129726,1.256707892781428,0.2576731651567967,0.17712743966566377,Telecom Services,Communication Services,USM
2008Q4,2008,Q4,2009-02-26,2008-12-31,-200118000.0,1052862000.0,-329115000.0,-2.28848,637355000.0,0.6053547378478851,5566042000.0,3206642000.0,815047000.0,601883000.0,2310244000.0,116564000.0,1828680000.0,3770355040.0,4606253040.0,36.77510436258544,1.354161855377208,0.180899461412616,0.31400262330500256,-0.04648667642795566,36.77510436258544,-0.062407340763328115,3.5810533954117445,-4.710164802766369,1.1757954395906998,0.0,3.5646254418173706,0.0,0.1891581127127679,0.9812787535118952,-0.035953375845888334,104.02701247102969,0.6053547378478851,-3.2436078431372546,-44.32258478576818,0.5082557607163944,0.2692566969088786,-0.10711834108974556,-3.2247940499616448,-3.743608126245238,-5.7111287393490215,0.3374915306626661,0.16596522273067021,Telecom Services,Communication Services,USM
2008Q3,2008,Q3,2008-11-05,2008-09-30,89949000.0,1091875000.0,119957000.0,1.02,713818000.0,0.6537543216943331,5913969000.0,3408766000.0,828342000.0,614576000.0,2453519000.0,112553000.0,2035834000.0,4103623200.0,4932446200.0,38.975142922478845,1.347826794407852,0.17017860594128917,0.2952478990931029,0.01838254943783209,38.975142922478845,0.026387554909899948,3.758326914710933,11.405416402628155,1.203844206378496,0.0,3.3589242401357584,0.0,0.18462643277298207,1.0106837884980864,0.015209582600111701,33.19788044753299,0.6537543216943331,0.22891566265060248,1.1225590311647062,0.6360115204710225,0.3519731206303842,0.03190766553041145,0.23893281176827086,0.017429729775576327,1.5816631123472735,0.3638284829263466,0.2505933672557255,Telecom Services,Communication Services,USM
2008Q2,2008,Q2,2008-08-07,2008-06-30,72602000.0,1060592000.0,117902000.0,0.83,691746000.0,0.6522263038001418,5832552000.0,3331895000.0,775266000.0,645615000.0,2452266000.0,120817000.0,1949812000.0,4952140050.0,5908039050.0,38.0479268250905,1.200817824864664,0.18123353207995402,0.3172530947103675,0.017168563340096903,38.0479268250905,0.021790002386029572,4.669222519121396,17.052354101815375,1.4862833462639127,0.0,3.0529312927816448,0.0,0.1818401276148074,0.8675108230137156,0.012447724426631774,83.61570367243563,0.6522263038001418,0.037499999999999895,1.4527936536983492,0.6304655617467624,0.3447565522841457,0.028155344134910217,0.028983658602264834,-0.008943731822537531,0.8949419392854071,0.4154318292994267,0.24215838688371744,Telecom Services,Communication Services,USM
2008Q1,2008,Q1,2008-05-07,2008-03-31,70557000.0,1037856000.0,118966000.0,0.8,672803000.0,0.6482623793666944,5926074000.0,3261626000.0,855520000.0,827451000.0,2619676000.0,114687000.0,1887549000.0,4816405000.0,5622729000.0,37.2455036484681,1.0339222503809893,0.16982491274999265,0.3085562231843872,0.01702185772995989,37.2455036484681,0.021632461845717443,4.640725688342121,17.065652592939042,1.476688314356091,0.0,3.1830373102444045,0.0,0.1751338238435767,0.7831968297820656,0.011906196243921354,40.780013039023935,0.6482623793666944,1.4242424242424243,5.738695464858975,0.7127826962888697,0.3348259047282993,0.009702283225630236,1.4157564967302358,0.8804394214810717,3.11986861651819,0.4454918807975216,0.2329702115942215,Telecom Services,Communication Services,USM
2007Q4,2007,Q4,2008-02-29,2007-12-31,29207000.0,1024110000.0,63265000.0,0.33,666338000.0,0.6506508089951275,5611874000.0,3196156000.0,833753000.0,604243000.0,2372322000.0,100990000.0,1823022000.0,7364721099.999999,8178833099.999999,36.49788171883386,1.3798306310540627,0.17860219242270942,0.31359326641127655,0.006862409896866423,36.49788171883386,0.009138164720370346,7.191337942213238,63.039006916150235,2.304243316033385,0.0,3.542647786909595,0.0,0.18248984207414493,1.086288132423545,0.005204500314868081,127.94414891768874,0.6506508089951275,-0.5416666666666666,0.5312608327176468,0.7341471749867473,0.30152787559417005,0.0009689151005042865,-0.540445283612619,-0.37323532034198875,-0.2883714090734012,0.4043509832491235,0.2185045612462625,Telecom Services,Communication Services,USM
2007Q3,2007,Q3,2007-11-06,2007-09-30,63555000.0,1015834000.0,100939000.0,0.72,665693000.0,0.6553167151325906,5589454000.0,3187722000.0,801106000.0,598054000.0,2359834000.0,113078000.0,1799224000.0,8898559800.0,9734852800.0,36.3244185649008,1.3395211803616396,0.17929837154040448,0.3143875155989136,0.014967600062310517,36.3244185649008,0.01993743494570731,8.759856236353578,35.00338210998348,2.7915106147901234,0.0,3.096455543960806,0.0,0.18174118616952567,1.049799850849589,0.011370520269063848,175.628314287406,0.6553167151325906,-0.5688622754491018,4.125892260217508,0.6677440255486023,0.3086250418320263,0.03332857306953193,-0.5693259515758516,-0.18249481663859013,1.9322767343496232,0.33479876389065805,0.23261862582314372,Telecom Services,Communication Services,USM
2007Q2,2007,Q2,2007-08-07,2007-06-30,147571000.0,971646000.0,123472000.0,1.67,644222000.0,0.6630213061135434,5557411000.0,3131409000.0,740018000.0,588435000.0,2386484000.0,118072000.0,1741843000.0,7935653999.999999,8791638000.0,35.750759219088934,1.2576036435630105,0.18031165951195618,0.3200048284973314,0.018563300985206133,35.750759219088934,0.04712607008538329,8.167227570534948,13.443789768992552,2.5342119154668077,0.0,2.773087607561488,0.0,0.17483788764228522,0.9446293983192706,0.026553911524629003,180.28611672762793,0.6630213061135434,0.9880952380952381,2.627707764962193,0.8095709285625156,0.29835125096318826,0.0514288139106365,0.9834545234607062,0.13774960146697013,2.82338493146248,0.34257499544022163,0.22659190680683866,Telecom Services,Communication Services,USM
2007Q1,2007,Q1,2007-04-23,2007-03-31,74401000.0,934674000.0,108523000.0,0.84,612711000.0,0.6555344430250547,5798194000.0,3071668000.0,970437000.0,900368000.0,2688521000.0,101196000.0,1621539000.0,6454932900.0,7327029900.0,34.95218588561935,1.0778226236383346,0.18315237468770448,0.34572518905037913,0.016837295896728593,34.95218588561935,0.02422169322986729,6.906079445881666,21.68967117377455,2.1014422457114508,0.0,3.1815783232538837,0.0,0.16120088427534504,0.9030518632381426,0.012831754163451585,44.41355539195112,0.6555344430250547,0.3770491803278688,0.6598142382159528,0.9130085838153554,0.28997385605308656,0.05639463312195475,0.37512244709361425,0.7051300180689763,6.900479490489393,0.39327168303181453,0.2158179099274054,Telecom Services,Communication Services,USM
