Quarters,Year,Quarter,FillingDate,Date,NetIncome,Revenue,OperatingIncome,EPSDiluted,GrossProfit,GrossProfitRatio,TotalAssets,CommonStockEquity,CurrentAssets,CurrentLiability,TotalLiability,Inventory,RetainedEarnings,MarketCap,EnterpriseValue,bookValuePerShare,currentRatio,debtToAssets,debtToEquity,roic,shareholdersEquityPerShare,roe,priceToSalesRatio,peRatio,pbRatio,payoutRatio,inventoryTurnover,dividendYield,assetTurnover,quickRatio,returnOnAssets,priceToFreeCashFlowsRatio,grossProfitMargin,epsdilutedGrowth,fiveYNetIncomeGrowthPerShare,fiveYRevenueGrowthPerShare,fiveYShareholdersEquityGrowthPerShare,grossProfitGrowth,netIncomeGrowth,operatingIncomeGrowth,threeYNetIncomeGrowthPerShare,threeYRevenueGrowthPerShare,threeYShareholdersEquityGrowthPerShare,Industry,Sector,Symbol
2023Q1,2023,Q1,2023-05-02,2023-03-31,207000000.0,2438000000.0,330000000.0,0.67,560000000.0,0.2296964725,10599000000.0,2308000000.0,2812000000.0,1735000000.0,8289000000.0,1700000000.0,623000000.0,7866213999.999999,13273214000.0,7.478937135450421,1.620749279538905,0.5208038494197565,2.3916811091854417,0.0315240646153335,7.478937135450421,0.08968804159445408,3.226502871205906,9.50025845410628,3.408238301559792,0.1497584541062802,1.1047058823529412,0.003940904735111453,0.2300217001603925,0.592507204610951,0.019530144353240873,-57.8398088235294,0.22969647251845776,0.3400000000000001,5.967944563537564,0.6624663881117102,0.3595679938375868,0.14052953156822812,0.3269230769230769,1.4087591240875912,16.258724950372777,0.427281702081854,0.43394275181286607,Packaging & Containers,Consumer Cyclical,GPK
2022Q4,2022,Q4,2023-02-09,2022-12-31,156000000.0,2386000000.0,137000000.0,0.5,491000000.0,0.2057837385,10328000000.0,2149000000.0,2706000000.0,1933000000.0,8178000000.0,1606000000.0,469000000.0,6864125000.0,11967125000.0,6.965964343598055,1.3998965338851526,0.5086173508907823,2.444392740809679,0.012911972392593559,6.965964343598055,0.07259190321079571,2.876833612740989,11.000200320512821,3.194101907864123,0.14743589743589744,1.179950186799502,0.0033507548303680365,0.2310224632068164,0.5323331608898086,0.015104570100697134,18.754439890710383,0.2057837384744342,-0.1935483870967742,-0.09711704877055412,1.1636799670798381,0.6742255040538714,-0.03913894324853229,-0.19170984455958548,-0.5324232081911263,3.4560483276852803,0.47986886443089516,0.2900919826253435,Packaging & Containers,Consumer Cyclical,GPK
2022Q3,2022,Q3,2022-10-25,2022-09-30,193000000.0,2451000000.0,293000000.0,0.62,511000000.0,0.2084863321,10182000000.0,1956000000.0,2642000000.0,2032000000.0,8224000000.0,1564000000.0,346000000.0,6095711999.999999,11508712000.0,6.33419689119171,1.3001968503937007,0.5396778628953054,2.8093047034764824,0.03066984561215491,6.33419689119171,0.09867075664621677,2.4870305997552014,7.895999999999999,3.11641717791411,0.11917098445595854,1.2404092071611252,0.0037731441380432673,0.24071891573364762,0.47736220472440943,0.018955018660381063,24.57948387096774,0.20848633210934311,1.9523809523809526,3.1014799154334036,1.1656992632430425,0.7342636632494547,0.15873015873015872,1.9242424242424243,0.14901960784313725,2.5136756238003835,0.4699031986366532,0.1918837655338891,Packaging & Containers,Consumer Cyclical,GPK
2022Q2,2022,Q2,2022-07-26,2022-06-30,66000000.0,2358000000.0,255000000.0,0.21,441000000.0,0.1870229008,10397000000.0,1890000000.0,2684000000.0,2008000000.0,8505000000.0,1533000000.0,188000000.0,6338600000.0,12028600000.0,6.11254851228978,1.3366533864541832,0.5576608637106858,3.0677248677248676,0.020400370915834833,6.11254851228978,0.03492063492063492,2.688125530110263,24.009848484848483,3.3537566137566137,0.3484848484848485,1.2504892367906066,0.003628561512005806,0.2267961912090026,0.5268924302788844,0.006347984995671828,48.01969696969697,0.18702290076335878,-0.39999999999999997,0.5790519312511551,1.1644644175848566,0.731712248352726,0.13953488372093023,-0.38317757009345793,0.32124352331606215,-0.012356693580764586,0.44979015497939556,0.13872543280824368,Packaging & Containers,Consumer Cyclical,GPK
2022Q1,2022,Q1,2022-04-26,2022-03-31,107000000.0,2245000000.0,193000000.0,0.35,387000000.0,0.1723830735,10543000000.0,1949000000.0,2657000000.0,1946000000.0,8592000000.0,1504000000.0,150000000.0,6188352000.0,12008352000.0,6.311528497409326,1.3653648509763618,0.562553352935597,3.043099025141098,0.016823364852193733,6.311528497409326,0.05489994869163674,2.756504231625835,14.458766355140186,3.175142124166239,0.21495327102803738,1.235372340425532,0.003716659944359985,0.21293749407189605,0.5426515930113053,0.010148913971355401,-30.18708292682927,0.17238307349665924,1.692307692307692,1.9302881249124773,1.1430120759800748,0.8272365533302906,0.34843205574912894,1.7435897435897436,1.2976190476190477,0.7803889589877132,0.4362494998085251,0.20256162929375848,Packaging & Containers,Consumer Cyclical,GPK
2021Q4,2021,Q4,2022-02-22,2021-12-31,39000000.0,1988000000.0,84000000.0,0.13,287000000.0,0.1443661972,10457000000.0,1891000000.0,2502000000.0,2049000000.0,8564000000.0,1387000000.0,66000000.0,6017700000.0,11905700000.0,6.127673363577447,1.2210834553440704,0.5795161136081094,3.204653622421999,0.007994397089219521,6.127673363577447,0.020624008461131677,3.0270120724346077,38.574999999999996,3.1822845055526177,0.5384615384615384,1.2263878875270369,0.003489705369160975,0.1901118867744095,0.5031722791605662,0.0037295591469828824,-94.0265625,0.1443661971830986,-0.4583333333333333,0.1486201664973716,0.9328425714705372,0.8397520027702472,0.025,-0.4657534246575342,-0.30578512396694213,-0.18533274209503017,0.30831014746466073,0.1879035035944376,Packaging & Containers,Consumer Cyclical,GPK
2021Q3,2021,Q3,2021-10-26,2021-09-30,73000000.0,1782000000.0,121000000.0,0.24,280000000.0,0.15712682379349047,8288000000.0,1854000000.0,1969000000.0,1499000000.0,6434000000.0,1181000000.0,51000000.0,5870032000.0,9957032000.0,6.013623094388582,1.3135423615743829,0.5012065637065637,2.240560949298813,0.015808670876107843,6.013623094388582,0.039374325782092774,3.2940695847362513,20.102849315068493,3.1661445523193095,0.3150684931506849,1.2718035563082133,0.0039182069194852774,0.2150096525096525,0.47364909939959976,0.008807915057915058,-66.7049090909091,0.15712682379349047,0.846153846153846,0.3096767966311518,0.6742710531858592,0.7351582159530954,0.09803921568627451,0.9210526315789473,0.2736842105263158,-0.2195974985458862,0.1741504645971266,0.044970400165476564,Packaging & Containers,Consumer Cyclical,GPK
2021Q2,2021,Q2,2021-07-27,2021-06-30,38000000.0,1737000000.0,95000000.0,0.13,255000000.0,0.14680483592400692,7842000000.0,1814000000.0,1877000000.0,1457000000.0,6028000000.0,1105000000.0,1000000.0,5353114000.0,9026114000.0,6.1470687902405965,1.2882635552505148,0.4797245600612089,2.073869900771775,0.010425812115891133,6.1470687902405965,0.020948180815876516,3.0818157743235464,35.217855263157894,2.951,0.631578947368421,1.3411764705882352,0.004483371734657621,0.22149961744452945,0.46808510638297873,0.004845702626880897,102.9445,0.14680483592400692,-0.3157894736842105,-0.4668793376651546,0.7185694233761051,0.8221708607919161,0.024096385542168676,-0.2962962962962963,-0.12037037037037036,-0.19010504913588608,0.21170329857964326,0.11526672883372466,Packaging & Containers,Consumer Cyclical,GPK
2021Q1,2021,Q1,2021-04-27,2021-03-31,54000000.0,1649000000.0,108000000.0,0.19,249000000.0,0.15100060642813826,7747000000.0,1533000000.0,1911000000.0,1318000000.0,6010000000.0,1125000000.0,-15000000.0,5008528000.0,8731528000.0,5.558375634517766,1.4499241274658574,0.495546663224474,2.5042400521852577,0.015580789277736411,5.558375634517766,0.03522504892367906,3.037312310491207,23.18762962962963,3.267141552511416,0.4444444444444444,1.2444444444444445,0.004791827059766862,0.21285658964760554,0.5326251896813353,0.006970440170388537,-53.85513978494624,0.15100060642813826,-0.2083333333333333,0.10019232588201908,0.8682836496045265,0.633091904621888,-0.04889228418640183,-0.1588785046728972,-0.17177914110429449,1.0339007714862936,0.25817626377859143,0.010436305794930491,Packaging & Containers,Consumer Cyclical,GPK
2020Q4,2020,Q4,2021-02-16,2020-12-31,64200000.0,1652100000.0,130400000.0,0.24,261800000.0,0.15846498395980874,7804600000.0,1424300000.0,2020200000.0,1856600000.0,5964300000.0,1127600000.0,-47100000.0,4565330000.0,8248230000.0,5.284972170686457,1.0881180652806204,0.4948235655895241,2.711437197219687,0.018707950063502773,5.284972170686457,0.04507477357298322,2.7633496761697236,17.77776479750779,3.2053148915256617,0.34890965732087226,1.2329726853494147,0.0049065456385409155,0.21168285370166312,0.44888505870946893,0.008225918048330472,21.24397394136808,0.15846498395980874,0.04347826086956513,0.36726001271455816,0.9636629737712769,0.5748900459620258,0.024657534246575342,0.007849293563579277,0.0948782535684299,-0.5746579880318482,0.714965211895437,0.2702096594149276,Packaging & Containers,Consumer Cyclical,GPK
2020Q3,2020,Q3,2020-10-20,2020-09-30,63700000.0,1697700000.0,119100000.0,0.23,255500000.0,0.15049773222595275,7682000000.0,1427600000.0,2018400000.0,1719700000.0,5848100000.0,1153800000.0,-52000000.0,3902930000.0,7540130000.0,5.153790613718412,1.1736930860033727,0.4806951314761781,2.586648921266461,0.021048890163155577,5.153790613718412,0.044620341832446064,2.298951522648289,15.317621664050236,2.733910058840011,0.4207221350078493,1.249956664933264,0.006866636091346757,0.2209971361624577,0.464557771704367,0.008292111429315283,30.902058590657166,0.15049773222595275,0.21052631578947373,0.25945344639408957,0.8884972165052801,0.5387166216996835,-0.02518122853872568,0.22264875239923224,0.037456445993031356,0.5091077002923193,0.672296607716797,0.41107577533579875,Packaging & Containers,Consumer Cyclical,GPK
2020Q2,2020,Q2,2020-07-22,2020-06-30,52100000.0,1611000000.0,114800000.0,0.19,262100000.0,0.1626939788950962,7666400000.0,1520900000.0,2050000000.0,1612800000.0,5629800000.0,1197500000.0,-37100000.0,3915801000.0,7344201000.0,5.43372633083244,1.2710813492063493,0.458102890535323,2.309159050562167,0.017881677405646054,5.43372633083244,0.034256032612269054,2.4306648044692736,18.789832053742803,2.5746603984482874,0.5163147792706334,1.1264300626304802,0.006869603434903867,0.2101377439215277,0.48115079365079366,0.00679588855264531,56.26150862068965,0.1626939788950962,5.75,0.0670614008971458,0.7978507601789887,0.647279135549827,-0.18298004987531172,5.102362204724409,-0.2825,0.37697732183262733,0.6335738667188325,0.5393988975924492,Packaging & Containers,Consumer Cyclical,GPK
2020Q1,2020,Q1,2020-04-21,2020-03-31,-12700000.0,1599100000.0,160000000.0,-0.04,320800000.0,0.2006128447251579,7446200000.0,1506800000.0,1938300000.0,1044000000.0,5435900000.0,1143000000.0,-49100000.0,3524580000.0,6897980000.0,5.21564555209415,1.8566091954022987,0.46783594316564153,2.311919299177064,0.025218379763454132,5.21564555209415,-0.008428457658614281,2.2041023075479957,-69.38149606299213,2.3391160074329704,-2.1023622047244093,1.1183727034120734,0.007575370682464295,0.21475383417044935,0.7040229885057471,-0.0017055679406945824,-15.166006884681584,0.2006128447251579,-1.3636363636363635,-1.2629612668115306,0.8095416820562216,0.695174809161061,0.17811237605582078,-1.3848484848484848,0.20300751879699247,-1.3717577390474587,0.6315998100221624,0.5099699234365835,Packaging & Containers,Consumer Cyclical,GPK
2019Q4,2019,Q4,2020-02-11,2019-12-31,33000000.0,1519800000.0,133000000.0,0.11,272300000.0,0.17916831161995,7289900000.0,1570200000.0,1805600000.0,1198700000.0,5231900000.0,1095900000.0,56400000.0,4841820000.0,7604020000.0,5.399587345254471,1.5062984900308667,0.39988202856006255,1.8565150936186474,0.02097834813647598,5.399587345254471,0.021016431027894536,3.1858270825108566,36.68045454545454,3.0835689721054638,0.7787878787878788,1.1383337895793413,0.005307921401456478,0.20848022606620117,0.5571035288228915,0.004526811067367179,19.99925650557621,0.17916831161995,-0.38888888888888884,-0.10036293730630913,0.7175542941279037,0.7548792221561996,0.022147147147147148,-0.3666026871401152,0.08394458027709861,0.03140038545973375,0.568079445796714,0.6211539099997332,Packaging & Containers,Consumer Cyclical,GPK
2019Q3,2019,Q3,2019-10-22,2019-09-30,52100000.0,1581600000.0,122700000.0,0.18,266400000.0,0.16843702579666162,7194100000.0,1556600000.0,1771000000.0,1091800000.0,5159500000.0,1075200000.0,45100000.0,4320275000.0,7260975000.0,5.314441789006487,1.622091958234109,0.4155349522525403,1.9204676859822691,0.02173564748267074,5.314441789006487,0.033470384170628295,2.7315851036924634,20.730686180422264,2.775456122317872,0.5508637236084453,1.2232142857142858,0.006643095636273154,0.2198468189210603,0.5867374977102033,0.0072420455651158585,25.51845835794448,0.16843702579666162,-0.18181818181818185,0.1038405792433505,0.6914215480661368,0.5914776512831045,-0.07435719249478805,-0.1833855799373041,-0.15027700831024932,-0.01614035046268007,0.5641157108559364,0.5334179060878826,Packaging & Containers,Consumer Cyclical,GPK
2019Q2,2019,Q2,2019-07-23,2019-06-30,63800000.0,1552800000.0,144400000.0,0.22,287800000.0,0.18534260690365792,7285100000.0,1584600000.0,1860800000.0,1094000000.0,5228200000.0,1099500000.0,44700000.0,4153464000.0,7145164000.0,5.367886178861789,1.7009140767824498,0.4195412554391841,1.928814842862552,0.024542619195025615,5.367886178861789,0.04026252682064874,2.674822256568779,16.275329153605014,2.6211435062476336,0.44200626959247646,1.1505229649840836,0.00678951352413311,0.21314738301464634,0.6440585009140768,0.008757601131075758,27.04078125,0.18534260690365792,0.15789473684210525,2.776004403794038,0.548325823546585,0.6612599444420206,0.08154829011649756,0.10189982728842832,0.07761194029850746,-0.10522167882347197,0.5358034572006343,0.5911983602166226,Packaging & Containers,Consumer Cyclical,GPK
2019Q1,2019,Q1,2019-04-23,2019-03-31,57900000.0,1505900000.0,134000000.0,0.19,266100000.0,0.17670496048874426,7291200000.0,1561400000.0,1836900000.0,1022200000.0,5285900000.0,1072000000.0,13600000.0,3802050000.0,6918550000.0,5.248403361344538,1.7970064566621013,0.4359776168531929,2.0358652491353912,0.022266363695430547,5.248403361344538,0.03708210580248495,2.5247692409854574,16.41645077720207,2.435026258485974,0.5198618307426598,1.1565298507462687,0.007916781736168646,0.20653664691683124,0.6947759733907258,0.00794107965766952,-15.081515271717572,0.17670496048874426,0.2666666666666667,0.8113101604278075,0.5458764305573073,0.5732243948910885,0.15144958892254434,0.21894736842105264,0.24651162790697675,0.09360555352575814,0.5817053459681745,0.542019756343021,Packaging & Containers,Consumer Cyclical,GPK
2018Q4,2018,Q4,2019-02-13,2018-12-31,47500000.0,1507700000.0,107500000.0,0.15,231100000.0,0.15327983020494793,7059200000.0,1579500000.0,1763800000.0,1172300000.0,5040700000.0,1014400000.0,10000000.0,3257968000.0,6025468000.0,5.158393207054213,1.5045636782393585,0.40202855847688124,1.7967711301044635,0.01955466363412869,5.158393207054213,0.03007280785058563,2.1608861179279697,17.1472,2.0626578031022476,0.608421052631579,1.2584779179810726,0.008870559809058898,0.2135794424297371,0.5571952571867269,0.006728807796917498,-16.37169849246231,0.15327983020494793,-0.5,0.1047766449890666,0.5006713063521351,0.5907837848356963,-0.0990253411306043,-0.49628844114528103,-0.35396634615384615,-0.10964484568338254,0.577244922781334,0.5371702731014779,Packaging & Containers,Consumer Cyclical,GPK
2018Q3,2018,Q3,2018-10-23,2018-09-30,94300000.0,1530000000.0,166400000.0,0.3,256500000.0,0.1676470588235294,7306600000.0,1788600000.0,1952000000.0,1169300000.0,5044900000.0,1030700000.0,47800000.0,4366740000.0,7259640000.0,5.754826254826255,1.6693748396476524,0.4013631511236416,1.6396063960639606,0.030748029858152212,5.754826254826255,0.05272279995527228,2.854078431372549,11.576723223753978,2.441429050654143,0.3138918345705196,1.2355680605413797,0.006778512116590408,0.20939972080037228,0.7318053536303771,0.012906139654558892,-45.29813278008299,0.1676470588235294,0.8749999999999999,1.3897842465258194,0.4836065029530207,0.8402213322841003,0.08732513777024163,0.9089068825910931,0.5086128739800544,0.661701984376403,0.5168603182621874,0.718161927208382,Packaging & Containers,Consumer Cyclical,GPK
2018Q2,2018,Q2,2018-07-24,2018-06-30,49400000.0,1509300000.0,110300000.0,0.16,235900000.0,0.1562976214139005,7079300000.0,1712500000.0,1816400000.0,1026300000.0,4910900000.0,989900000.0,-23300000.0,4508257000.0,7433157000.0,5.511747666559382,1.769852869531326,0.42035229471840435,1.7376934306569343,0.0183513476244644,5.511747666559382,0.028846715328467155,2.986985357450474,22.815065789473685,2.6325588321167883,0.5931174089068826,1.286392564905546,0.006499185827249866,0.21319904510332943,0.732826658871675,0.006978091054200274,-23.554111807732497,0.1562976214139005,0.6,1.623430962343096,0.4909517038727433,0.8682260986070462,0.0602247191011236,0.6521739130434783,0.4905405405405405,-0.08853440260344034,0.5173833520221304,0.670931949594113,Packaging & Containers,Consumer Cyclical,GPK
2018Q1,2018,Q1,2018-04-25,2018-03-31,29900000.0,1476000000.0,74000000.0,0.1,222500000.0,0.15074525745257453,7130300000.0,1708600000.0,1825100000.0,1003300000.0,4972500000.0,964400000.0,-49400000.0,4767710000.0,7814310000.0,5.500965872504829,1.8190969799661119,0.43463809376884566,1.8138241835420812,0.013739363280176647,5.500965872504829,0.017499707362753133,3.2301558265582657,39.86379598662207,2.790419056537516,0.7759197324414716,1.299771878888428,0.004866067776773336,0.207003912878841,0.7925844712448918,0.004193371947884381,-16.89479092841956,0.15074525745257453,-0.8214285714285715,-0.03982955625215641,0.5031380982653497,0.9148862202189312,0.26420454545454547,-0.8280621046578494,-0.12114014251781473,-0.42415534361805435,0.5535506464505541,0.7879088369762269,Packaging & Containers,Consumer Cyclical,GPK
2017Q4,2017,Q4,2018-02-07,2017-12-31,173900000.0,1109900000.0,84200000.0,0.56,176000000.0,0.15857284440039643,4863000000.0,1291900000.0,1169900000.0,851400000.0,3571100000.0,634000000.0,-56000000.0,4797225000.0,6976525000.0,4.160708534621578,1.3740897345548508,0.4619987661937076,1.7390664912144902,0.0672196747640223,4.160708534621578,0.1346079417911603,4.3222137129471125,6.896528177113283,3.7133098537038474,0.13341000575043127,1.4730283911671924,0.0048361292205389575,0.22823360065803003,0.5757575757575758,0.03575981904174378,32.54562415196744,0.15857284440039643,2.733333333333334,7.5134682052472055,0.18133803231405396,0.4870047647862128,-0.081419624217119,2.6765327695560255,-0.11740041928721175,3.4400287138893733,0.17473709676199992,0.3522405491361248,Packaging & Containers,Consumer Cyclical,GPK
2017Q3,2017,Q3,2017-10-25,2017-09-30,47300000.0,1137600000.0,95400000.0,0.15,191600000.0,0.16842475386779185,4839800000.0,1133700000.0,1222600000.0,817400000.0,3706100000.0,621500000.0,-206600000.0,4330080000.0,6587680000.0,3.6523840206185567,1.4957181306581846,0.4700194222901773,2.006527299991179,0.01803127926789361,3.6523840206185567,0.04172179588956514,3.8063291139240505,22.88625792811839,3.81942312781159,0.492600422832981,1.5221238938053097,0.005380962938329084,0.23505103516674242,0.6804502079765109,0.009773131121120708,49.14960272417707,0.16842475386779185,0.07142857142857129,0.5052197148880379,0.31409983024733124,0.122872796155705,0.08309779536461277,0.1261904761904762,0.08904109589041095,-0.054356521104843396,0.1480014727540501,0.09375316796999297,Packaging & Containers,Consumer Cyclical,GPK
2017Q2,2017,Q2,2017-07-26,2017-06-30,42000000.0,1094700000.0,87600000.0,0.14,176900000.0,0.1615967845071709,4691400000.0,1096700000.0,1152000000.0,769300000.0,3594700000.0,600200000.0,-229500000.0,4281446000.0,6482146000.0,3.529771483746379,1.4974652281294683,0.471756831649401,2.0180541624874624,0.016871602759101552,3.529771483746379,0.0382967083067384,3.9110678724764774,25.484797619047615,3.9039354426917114,0.5547619047619048,1.5291569476841054,0.005442086622136541,0.2333418595728354,0.6578707916287534,0.008952551477170993,62.68588579795022,0.1615967845071709,0.16666666666666682,0.26251738314578776,0.2548254562884427,0.13007478984846482,0.010857142857142857,0.13513513513513514,0.16026490066225166,2.1108303830061153,0.03709144739968908,0.09239797260845012,Packaging & Containers,Consumer Cyclical,GPK
2017Q1,2017,Q1,2017-04-26,2017-03-31,37000000.0,1061500000.0,75500000.0,0.12,175000000.0,0.16486104569006124,4661800000.0,1080800000.0,1145300000.0,757400000.0,3581000000.0,603100000.0,-237800000.0,4027022999.9999995,6242423000.0,3.4541387024608503,1.5121468180617903,0.4832468145351581,2.084381939304219,0.015293794946588774,3.4541387024608503,0.034233900814211696,3.793709844559585,27.209614864864864,3.7259650259067354,0.6378378378378379,1.4699054883103964,0.0058604085449723035,0.22770174610665408,0.6474782149458674,0.007936848427645974,-84.42396226415093,0.16486104569006124,0.09090909090909087,1.6984065047901478,0.24769455516728692,0.14091512304627085,-0.06964380648591174,0.06017191977077364,-0.03329065300896287,0.10051860890787054,0.036048408237884404,0.03538826875850903,Packaging & Containers,Consumer Cyclical,GPK
2016Q4,2016,Q4,2017-02-08,2016-12-31,34900000.0,1057200000.0,78100000.0,0.11,188100000.0,0.17792281498297388,4603400000.0,1056500000.0,1114900000.0,779800000.0,3546900000.0,582900000.0,-268000000.0,3958656000.0,6034856000.0,3.330706179066835,1.4297255706591434,0.4638528044488856,2.021107430194037,0.014917623268953618,3.330706179066835,0.033033601514434456,3.744472190692395,28.35713467048711,3.7469531471840987,0.45558739255014324,1.4909933093154915,0.004016514695896789,0.2296563409653734,0.6231084893562452,0.0075813529130642566,18.770298719772406,0.17792281498297388,-0.38888888888888884,-0.8381104810161201,0.23847332505913385,0.1145132072774373,-0.0167276529012023,-0.3961937716262976,-0.25689819219790677,-0.2164290805416964,0.01578034708527981,0.027148022462858978,Packaging & Containers,Consumer Cyclical,GPK
2016Q3,2016,Q3,2016-10-26,2016-09-30,57800000.0,1103700000.0,105100000.0,0.18,191300000.0,0.17332608498686236,4722100000.0,1108000000.0,1178500000.0,732000000.0,3614100000.0,591900000.0,-243800000.0,4472603000.0,6681903000.0,3.46574913981858,1.6099726775956285,0.4775417716693844,2.0351985559566788,0.02096922582901716,3.46574913981858,0.05216606498194946,4.052372021382622,19.34516868512111,4.036645306859206,0.27854671280276816,1.5414766007771583,0.003599693511809566,0.233730755384257,0.7467213114754099,0.01224031680819974,59.714325767690255,0.17332608498686236,-0.25,2.4867016775595543,0.2563756650062172,0.36988627202300883,-0.06591796875,-0.2570694087403599,-0.004734848484848485,0.4240105717087297,0.04043921765649276,0.10824292811459932,Packaging & Containers,Consumer Cyclical,GPK
2016Q2,2016,Q2,2016-07-27,2016-06-30,77800000.0,1103200000.0,105600000.0,0.24,204800000.0,0.18564176939811458,4720000000.0,1086600000.0,1169000000.0,726300000.0,3633400000.0,589900000.0,-271300000.0,4039133999.9999995,6275134000.0,3.3734864948773673,1.6095277433567396,0.4819279661016949,2.09341063868949,0.02778591507412988,3.3734864948773673,0.07159948463095896,3.6612889775199418,12.97922236503856,3.7172225289895082,0.2069408740359897,1.5229699949143922,0.003986002940234219,0.23372881355932204,0.7433567396392675,0.016483050847457627,38.24937499999999,0.18564176939811458,0.3333333333333333,1.8510737073005132,0.2008340173689556,0.2174626468321121,-0.013962445835339432,0.35304347826086957,-0.014925373134328358,2.985408258304874,0.05121799156447236,0.1434550154148286,Packaging & Containers,Consumer Cyclical,GPK
2016Q1,2016,Q1,2016-04-28,2016-03-31,57500000.0,1034000000.0,107200000.0,0.18,207700000.0,0.20087040618955512,4691000000.0,1099700000.0,1190200000.0,670800000.0,3591300000.0,599400000.0,-310600000.0,4151835000.0,6377235000.0,3.4035902197462087,1.774299344066786,0.4905137497335323,2.0923888333181777,0.019933098914785997,3.4035902197462087,0.05228698736018914,4.015314313346228,18.05145652173913,3.775425115940711,0.28347826086956524,1.3785452118785453,0.0039259749002549475,0.220422084843317,0.8193202146690519,0.012257514389256022,-93.09047085201794,0.20087040618955512,0.058823529411764594,1.2941958577775925,0.1008647055653949,0.47974706787500954,0.0405811623246493,0.005244755244755245,0.05511811023622047,0.77504547191915,0.012272776041840284,0.18478975549365534,Packaging & Containers,Consumer Cyclical,GPK
2015Q4,2015,Q4,2016-02-12,2015-12-31,57200000.0,1024900000.0,101600000.0,0.17,199600000.0,0.19475070738608644,4256100000.0,1101700000.0,1066800000.0,732200000.0,3154400000.0,557100000.0,-326800000.0,4212089000.0,6031689000.0,3.3557721596101127,1.4569789674952198,0.4404266817039073,1.7014613778705636,0.022838225417769524,3.3557721596101127,0.05191976037033675,4.109756073763294,18.409479895104894,3.823263138785513,0.2867132867132867,1.481421647819063,0.0038935549557476113,0.240807311858274,0.6539196940726577,0.013439533845539343,23.959550625711035,0.19475070738608644,-0.055555555555555455,2.0597077088526548,0.06221555210848702,0.5462607461014736,-0.011391778107974244,-0.04983388704318937,-0.07636363636363637,1.6484616397559477,0.0317216630187319,0.19932678517482574,Packaging & Containers,Consumer Cyclical,GPK
2015Q3,2015,Q3,2015-11-09,2015-09-30,60200000.0,1070000000.0,110000000.0,0.18,201900000.0,0.18869158878504672,4507800000.0,1104300000.0,1349600000.0,692800000.0,3403500000.0,569300000.0,-343800000.0,4216862999.9999995,6129563000.0,3.349408553230209,1.9480369515011546,0.44238874839167663,1.8058498596395907,0.02274345271431148,3.349408553230209,0.05451417187358508,3.9409934579439247,17.51188953488372,3.818584623743548,0.27408637873754155,1.5248550851923415,0.003912861290490111,0.2373663427836195,0.8150981524249422,0.013354629752872799,35.43582352941176,0.18869158878504672,0.058823529411764594,2.569846554719166,0.07089892020957093,0.5788102509130341,0.019696969696969695,0.04513888888888889,-0.0018148820326678765,0.8035908106591271,0.16365789110904227,0.029727357912516184,Packaging & Containers,Consumer Cyclical,GPK
2015Q2,2015,Q2,2015-07-23,2015-06-30,57600000.0,1057100000.0,110200000.0,0.17,198000000.0,0.18730489073881373,4512400000.0,1089200000.0,1319800000.0,671500000.0,3423200000.0,569300000.0,-378100000.0,4599686000.0,6597286000.0,3.2986069049061175,1.9654504839910647,0.4530626717489584,1.8769739258171134,0.02180824345427358,3.2986069049061175,0.05288284979801689,4.351230725569955,19.963914930555553,4.222994858611825,0.0,1.5090461970841385,0.0,0.2342655792926159,0.7915115413253909,0.012764825813314423,55.218319327731095,0.18730489073881373,0.0,2.827894402505503,0.06157144889895552,0.615001699738223,0.04430379746835443,0.045372050816696916,0.04653371320037987,0.6292012845273878,0.14016698053527968,0.05606624168713924,Packaging & Containers,Consumer Cyclical,GPK
2015Q1,2015,Q1,2015-04-23,2015-03-31,55100000.0,1008200000.0,105300000.0,0.17,189600000.0,0.188057925014878,4493300000.0,1014100000.0,1312700000.0,677200000.0,3479200000.0,563300000.0,-416800000.0,4792384000.0,6854884000.0,3.076759708737864,1.9384229178972239,0.468675583646763,2.0766196627551525,0.020921945701357466,3.076759708737864,0.054333892121092596,4.753406070224162,21.744029038112522,4.725750912138842,0.0,1.453222084146991,0.0,0.22437851912848017,0.7774660366213821,0.01226270224556562,-145.2237575757576,0.188057925014878,0.30769230769230776,8.11221875481584,0.04612315235689019,0.4475397780251849,0.026529507309149974,0.327710843373494,0.1871476888387824,2.814833695529465,0.12500210377214308,0.016265409138779382,Packaging & Containers,Consumer Cyclical,GPK
2014Q4,2014,Q4,2015-02-05,2014-12-31,41500000.0,1001100000.0,88700000.0,0.13,184700000.0,0.18449705324143442,4331300000.0,1012300000.0,1220900000.0,676700000.0,3319000000.0,521800000.0,-452900000.0,4480980000.0,6372180000.0,3.076899696048632,1.8041968375942072,0.4554752614688431,1.9488293983996838,0.021942241401310382,3.076899696048632,0.040995752247357506,4.476056338028169,26.993855421686746,4.426533636273832,0.0,1.564584131851284,0.0,0.23113153094913766,0.7239544850007389,0.009581418973518344,30.818294360385146,0.18449705324143442,-0.1875,0.36215136395786746,0.06776736445651217,0.44979055381874355,-0.08745059288537549,-0.2169811320754717,-0.21015138023152272,-0.8143996960486322,0.1306918051046604,0.029585068255677187,Packaging & Containers,Consumer Cyclical,GPK
2014Q3,2014,Q3,2014-10-21,2014-09-30,53000000.0,1050000000.0,112300000.0,0.16,202400000.0,0.19276190476190477,4430600000.0,1098300000.0,1299100000.0,706300000.0,3332300000.0,532000000.0,-494400000.0,4088227000.0,6112227000.0,3.3393128610519915,1.8393034121478125,0.4692818128470185,1.893107529818811,0.02022853493303791,3.3393128610519915,0.048256396248748064,3.893549523809524,19.284089622641506,3.722322680506237,0.0,1.593233082706767,0.0,0.23698821830000452,0.7828118363301713,0.011962262447524038,30.260747594374536,0.19276190476190477,2.3333333333333335,0.6667643514160017,0.03992664186670767,0.9118373399220638,-0.05021116846550915,2.325,3.122873345935728,2.3251060152661984,0.16181381195012456,0.319910547993228,Packaging & Containers,Consumer Cyclical,GPK
2014Q2,2014,Q2,2014-07-24,2014-06-30,-40000000.0,1116700000.0,-52900000.0,-0.12,213100000.0,0.1908301244738963,4546100000.0,1062100000.0,1386800000.0,667000000.0,3484000000.0,522700000.0,-547400000.0,3845790000.0,6007090000.0,3.23121387283237,2.079160419790105,0.5099535865907041,2.1827511533753885,-0.008637591858823852,3.23121387283237,-0.03766123717164109,3.443888242142026,-24.036187499999997,3.6209302325581394,0.0,1.7287162808494356,0.0,0.2456391192450672,0.9701649175412294,-0.008798750577418007,51.9,0.1908301244738963,-2.090909090909091,-3.129601460298144,0.11638409259467275,1.0173031641454366,0.139572192513369,-2.1363636363636362,-1.6637390213299874,-2.436414763341285,0.19112205412614824,0.16611766493588434,Packaging & Containers,Consumer Cyclical,GPK
2014Q1,2014,Q1,2014-04-24,2014-03-31,35200000.0,1072700000.0,79700000.0,0.11,187000000.0,0.17432646592709986,4542900000.0,1092900000.0,1294200000.0,686900000.0,3450000000.0,578100000.0,-507400000.0,3328416000.0,5504916000.0,3.336080586080586,1.8841170476051827,0.48673754650113366,2.023240918656785,0.014033614427534539,3.336080586080586,0.03220788727239455,3.1028395637177217,23.63931818181818,3.0454899807850673,0.0,1.5320878740702302,0.0,0.23612670320720244,0.7360605619449702,0.007748354575271303,-113.21142857142857,0.17432646592709986,-0.21660869565217392,2.3053801989972205,0.10068318324793982,1.3382594287872522,0.0784313725490196,-0.23478260869565218,0.2650793650793651,0.3851550031325313,0.12637954467856521,0.45039653622450143,Packaging & Containers,Consumer Cyclical,GPK
2013Q4,2013,Q4,2014-02-06,2013-12-31,46000000.0,1074900000.0,63000000.0,0.14041514041514042,173400000.0,0.16131733184482278,4559300000.0,1062300000.0,1232200000.0,711200000.0,3497000000.0,557100000.0,-542600000.0,3144960000.0,5343160000.0,3.2426739926739927,1.732564679415073,0.4935845414866317,2.1184222912548245,0.020586822472967538,3.2426739926739927,0.04330226866233644,2.9258163550097684,17.092173913043478,2.960519627223948,0.0,1.6182014001077005,0.0,0.2357598754194723,0.6538245219347582,0.01008926808939969,23.73554716981132,0.16131733184482278,0.08011646473184932,1.8337301058271596,0.07293789535843555,1.115270582425952,-0.040398450470392915,0.033707865168539325,-0.40397350993377484,1.4658618025964967,0.11641641935236233,0.4941477754730767,Packaging & Containers,Consumer Cyclical,GPK
2013Q3,2013,Q3,2013-10-30,2013-09-30,44500000.0,1163000000.0,105700000.0,0.13,180700000.0,0.15537403267411865,4618700000.0,1096100000.0,1270800000.0,739700000.0,3522600000.0,585600000.0,-532600000.0,3000280000.0,5141080000.0,3.127246790299572,1.717993781262674,0.48342607227141837,2.037040416020436,0.017718528606008956,3.127246790299572,0.040598485539640544,2.5797764402407566,16.855505617977528,2.737232004379163,0.0,1.6774248633879782,0.0,0.2518024552363219,0.7932945788833311,0.00963474570766666,32.97010989010989,0.15537403267411865,1.1666666666666667,4.019743620225075,-0.02508787493007766,0.2483473492745961,-0.04188759278897137,1.099056603773585,0.20524515393386544,1.4822412786927766,0.09490223566859113,0.4740898911535379,Packaging & Containers,Consumer Cyclical,GPK
2013Q2,2013,Q2,2013-07-25,2013-06-30,21200000.0,1139700000.0,87700000.0,0.06,188600000.0,0.16548214442397122,4619300000.0,1032000000.0,1256700000.0,716800000.0,3587300000.0,595400000.0,-577100000.0,2766918000.0,5057018000.0,2.9502572898799313,1.7532087053571428,0.5029333448790942,2.2511627906976743,0.016855688366558368,2.9502572898799313,0.02054263565891473,2.4277599368254803,32.62875,2.681122093023256,0.0,1.5974135035270407,0.0,0.24672569436927674,0.7419084821428571,0.004589439958435261,39.47101283880171,0.16548214442397122,-0.4000000000000001,5.832980972515857,-0.021442776420044635,0.119074363606005,0.03116457080371788,-0.39255014326647564,0.029342723004694836,1.6350702143385072,0.08039102766186842,0.44444933124178404,Packaging & Containers,Consumer Cyclical,GPK
2013Q1,2013,Q1,2013-04-25,2013-03-31,34900000.0,1100500000.0,85200000.0,0.1,182900000.0,0.16619718309859155,4633700000.0,1000000000.0,1255900000.0,714600000.0,3633700000.0,578900000.0,-598300000.0,2579421000.0,4913121000.0,2.872737719046251,1.7574867058494263,0.5120098409478386,2.3725,0.014940108892921961,2.872737719046251,0.0349,2.343862789641072,18.477227793696276,2.5794210000000004,0.0,1.58507514251166,0.0,0.23749919071152642,0.7506297229219143,0.007531778060729007,-57.57636160714286,0.16619718309859155,0.5200873362445414,2.0090398768051703,0.023553117666075738,-0.24274168714439548,0.11050394656952034,0.5240174672489083,0.3459715639810427,4.464886481261086,0.08120824126968537,0.351552449267684,Packaging & Containers,Consumer Cyclical,GPK
2012Q4,2012,Q4,2013-02-07,2012-12-31,22900000.0,1053300000.0,63300000.0,0.06578569376615916,164700000.0,0.15636570777556252,4620800000.0,974000000.0,1203100000.0,752900000.0,3648500000.0,531200000.0,-633200000.0,2248726000.0,4524926000.0,2.7980465383510484,1.5979545756408553,0.5037439404432132,2.389835728952772,0.011679643907721724,2.7980465383510484,0.02351129363449692,2.134934016899269,24.54941048034934,2.308753593429158,0.0,1.672816265060241,0.0,0.22794754155124652,0.6810997476424492,0.004955851800554017,21.33516129032258,0.15636570777556252,-0.34214306233840847,19.99326958591538,0.015991398300669788,2.9269805930607418,-0.12811011116993118,-0.428927680798005,-0.3074398249452954,-0.28959725662581587,0.061801025132315855,0.31839898637451985,Packaging & Containers,Consumer Cyclical,GPK
2012Q3,2012,Q3,2012-10-25,2012-09-30,40100000.0,1104700000.0,91400000.0,0.1,188900000.0,0.17099665067439124,4371300000.0,1288400000.0,1086700000.0,688200000.0,3071100000.0,503500000.0,-631700000.0,2265692000.0,4206392000.0,3.252713961120929,1.5790467887242081,0.45231395694644616,1.5346165787022663,0.01641605509715458,3.252713961120929,0.03112387457311394,2.050956820856341,14.125261845386534,1.7585315119528095,0.0,1.818867924528302,0.0,0.2527165831674788,0.7246439988375473,0.009173472422391507,23.048748728382503,0.17099665067439124,-0.09090909090909087,2.4719431725510783,-0.07916154900411347,4.246396580547005,-0.03818737270875764,-0.054245283018867926,-0.05480868665977249,0.047132736956409314,-0.09151703018296728,0.8622573762069473,Packaging & Containers,Consumer Cyclical,GPK
2012Q2,2012,Q2,2012-07-26,2012-06-30,42400000.0,1111900000.0,96700000.0,0.11,196400000.0,0.17663458944149654,4395900000.0,1236900000.0,1097300000.0,651300000.0,3146600000.0,510800000.0,-671800000.0,2178000000.0,4220700000.0,3.1234848484848485,1.6847842775986488,0.47173502581951365,1.6765300347643302,0.017154613511769314,3.1234848484848485,0.03427924650335516,1.9588092454357406,12.841981132075473,1.7608537472714043,0.0,1.7922866092404073,0.0,0.25294023976887553,0.7336097036695839,0.009645351350121704,30.76271186440678,0.17663458944149654,1.7500000000000002,2.014406980604164,-0.12464120581685853,3.675958771693193,0.1580188679245283,1.4651162790697674,0.3619718309859155,0.8737373737373737,-0.07732793541856581,0.9500460557522807,Packaging & Containers,Consumer Cyclical,GPK
2012Q1,2012,Q1,2012-04-26,2012-03-31,17200000.0,1067200000.0,71000000.0,0.04,169600000.0,0.15892053973013492,4459600000.0,1188300000.0,1138100000.0,665900000.0,3258000000.0,515900000.0,-714200000.0,2166600000.0,4288900000.0,3.027515923566879,1.709115482805226,0.48266660687057134,1.811411259782883,0.012043023627075352,3.027515923566879,0.014474459311621644,2.0301724137931036,31.49127906976744,1.8232769502650843,0.0,1.7398720682302773,0.0,0.23930397345053367,0.7203784352004805,0.003856848147815948,-235.5,0.15892053973013492,-0.9402985074626865,1.2279405520169853,-0.10082002053033558,3.0575163476299116,0.060662914321450906,-0.9352409638554217,0.12519809825673534,1.5323865022360754,-0.08602545770880624,1.1219864063298135,Packaging & Containers,Consumer Cyclical,GPK
2011Q4,2011,Q4,2012-02-23,2011-12-31,265600000.0,1051700000.0,63100000.0,0.67,159900000.0,0.15203955500618047,4649700000.0,1167900000.0,1314100000.0,645500000.0,3468200000.0,479100000.0,-731400000.0,1664808000.0,3758808000.0,2.9884851586489254,2.0357862122385746,0.5088070198077296,2.0256871307474955,0.16274873088021585,2.9884851586489254,0.22741673088449355,1.5829685271465246,1.5670256024096385,1.4254713588492165,0.0,1.8614068044249634,0.0,0.22618663569692668,1.0105344694035632,0.05712196485794782,12.134169096209913,0.15203955500618047,6.583333333333334,4.4940030968690134,-0.08453538094879201,2.297695510782111,0.03831168831168831,6.591578947368421,4.564971751412429,5.035385797076255,-0.11998974406969735,0.9494573788140173,Packaging & Containers,Consumer Cyclical,GPK
2011Q3,2011,Q3,2011-10-27,2011-09-30,-47500000.0,1073300000.0,-17700000.0,-0.12,154000000.0,0.1434827168545607,4486000000.0,988200000.0,1160600000.0,616700000.0,3497800000.0,493500000.0,-997000000.0,1347570000.0,3554170000.0,2.5299539170506913,1.8819523269012486,0.5269059295586268,2.3919247115968427,-0.0047309349377498925,2.5299539170506913,-0.04806719287593605,1.2555389918941582,-7.0924736842105265,1.3636612021857923,0.0,1.8628166160081054,0.0,0.23925546143557735,0.9690287011512891,-0.010588497547926883,30.83684210526316,0.1434827168545607,-2.5,-5.095590117767537,-0.10808048554997433,1.335431677572116,-0.06892382103990327,-2.479750778816199,-1.2319790301441678,-1.8924073362917453,-0.1926484753375422,0.00991750185298579,Packaging & Containers,Consumer Cyclical,GPK
2011Q2,2011,Q2,2011-07-28,2011-06-30,32100000.0,1080700000.0,76300000.0,0.08,165400000.0,0.15304894975478855,4657000000.0,1049900000.0,1195500000.0,627300000.0,3607100000.0,490900000.0,-949500000.0,2061216000.0000002,4307816000.0,2.7709158089205594,1.9057867049258728,0.5234700450934078,2.321935422421183,0.017715212616825356,2.7709158089205594,0.030574340413372703,1.9072971222355883,16.053084112149534,1.963249833317459,0.0,1.8645345284171928,0.0,0.23205926562164483,1.0089271480950104,0.006892849473910243,26.59633548387097,0.15304894975478855,0.0,1.647448078445703,-0.09395222275597313,1.5704060281630028,0.045512010113780026,0.20224719101123595,0.11224489795918367,7.755841573219908,-0.14336457468412425,0.051047600529712286,Packaging & Containers,Consumer Cyclical,GPK
2011Q1,2011,Q1,2011-04-21,2011-03-31,26700000.0,1000600000.0,68600000.0,0.08,158200000.0,0.1581051369178493,4524100000.0,791700000.0,1081600000.0,592600000.0,3732400000.0,490500000.0,-981600000.0,1865564000.0,4336464000.0,2.300116211504939,1.825177185285184,0.5702791715479322,3.2588101553618793,0.018332069551813573,2.300116211504939,0.03372489579386131,1.8644453328003199,17.467827715355806,2.356402677781988,0.0,1.7174311926605506,0.0,0.22117106164762051,0.8746203172460344,0.005901726310205344,-60.76755700325733,0.1581051369178493,0.40489795918367355,1.4893140754268006,-0.004777706452621824,0.9481376437597246,0.1024390243902439,0.3622448979591837,0.17064846416382254,1.7807056482282733,-0.05881717289321315,-0.39368564343760326,Packaging & Containers,Consumer Cyclical,GPK
2010Q4,2010,Q4,2011-03-08,2010-12-31,19600000.0,1011600000.0,58600000.0,0.05694363742010459,143500000.0,0.1418544879398972,4484600000.0,747000000.0,1013600000.0,595700000.0,3737600000.0,417300000.0,-1008300000.0,1338938000.0,3779338000.0,2.170249854735619,1.701527614571093,0.5751014583240422,3.452610441767068,0.01998793522294256,2.170249854735619,0.026238286479250333,1.323584420719652,17.078290816326533,1.7924203480589023,0.0,2.080277977474239,0.0,0.22557195736520538,0.874433439650831,0.004370512420282745,11.632823631624674,0.1418544879398972,0.1388727484020917,1.266228253067642,0.019869204215031536,0.6048702870709619,-0.07479045776918117,0.11363636363636363,-0.2535031847133758,17.440441603718767,-0.013175496266471336,2.0458853864032536,Packaging & Containers,Consumer Cyclical,GPK
2010Q3,2010,Q3,2010-11-04,2010-09-30,17600000.0,1042800000.0,78500000.0,0.05,155100000.0,0.14873417721518986,4617700000.0,730000000.0,1111700000.0,598200000.0,3887700000.0,444200000.0,-1027900000.0,1149294000.0,3708694000.0,2.1214763150247022,1.8584085590103645,0.5902722134395911,3.7338356164383564,0.013791913153836934,2.1214763150247022,0.02410958904109589,1.1021231300345224,16.325198863636363,1.5743753424657532,0.0,1.9984241332733004,0.0,0.22582671026701603,0.9983283182881979,0.003811421270329385,29.31872448979592,0.14873417721518986,1.5000000000000002,15.938486873970746,-0.005346533912025151,0.19925275617470367,0.04233870967741935,1.5365853658536586,2.442982456140351,1.7436687093219934,0.0005995054400595709,2.4217906086711283,Packaging & Containers,Consumer Cyclical,GPK
2010Q2,2010,Q2,2010-08-05,2010-06-30,-32800000.0,1036500000.0,22800000.0,-0.1,148800000.0,0.14356005788712012,4629000000.0,702000000.0,1090500000.0,606800000.0,3927000000.0,441500000.0,-1045500000.0,1082655000.0,3676755000.0,2.042478906022694,1.7971324983520105,0.5974724562540505,3.93974358974359,0.009478193750189597,2.042478906022694,-0.046723646723646726,1.0445296671490594,-8.251943597560976,1.5422435897435898,0.0,2.0106455266138163,0.0,0.2239144523655217,0.9531970995385629,-0.0070857636638582844,10.370258620689656,0.14356005788712012,-6.0,0.03302001626952788,-0.03865123705721558,0.2022415848728721,0.0205761316872428,-6.2063492063492065,-0.6174496644295302,0.09585961116324553,-0.059832294581808686,2.0576575907669117,Packaging & Containers,Consumer Cyclical,GPK
2010Q1,2010,Q1,2010-05-06,2010-03-31,6300000.0,1004100000.0,59600000.0,0.02,145800000.0,0.14520466089034956,4678300000.0,729900000.0,1054100000.0,610800000.0,3948400000.0,462100000.0,-1012700000.0,1239674000.0,3934574000.0,2.125509609784508,1.7257694826457106,0.5986148814740397,3.836826962597616,0.006937783448031811,2.125509609784508,0.008631319358816275,1.2346120904292401,49.19341269841269,1.6984162214001917,0.0,1.8573901752867346,0.0,0.2146292456661608,0.8762278978388998,0.0013466430113502769,-28.563917050691245,0.14520466089034956,-0.7840251572327044,1.147510369041191,-0.003935720986083038,-0.04883684429201608,0.281195079086116,-0.8018867924528302,-0.07020280811232449,1.0954273949966815,-0.03302076214057493,1.8486357153769735,Packaging & Containers,Consumer Cyclical,GPK
2009Q4,2009,Q4,2010-02-23,2009-12-31,31800000.0,978600000.0,64100000.0,0.09260337798485731,113800000.0,0.11628857551604332,4701800000.0,728800000.0,1021300000.0,644300000.0,3973000000.0,436500000.0,-1019000000.0,1191598000.0,3841998000.0,2.122306348281887,1.585131150085364,0.5955591475605088,3.842206366630077,0.022121653492518357,2.122306348281887,0.04363336992316136,1.2176558348661353,9.367908805031448,1.6350137211855107,0.0,1.9812142038946163,0.0,0.2081330554255817,0.8258575197889182,0.006763367221064273,8.062232746955345,0.11628857551604332,-0.07396622015142698,1.5239609933844065,-0.03601098635217459,-0.07689434785636722,-0.2226775956284153,-0.04216867469879518,-0.3425641025641026,1.4760763406657407,-0.03058627086685196,1.3418955576803429,Packaging & Containers,Consumer Cyclical,GPK
2009Q3,2009,Q3,2009-11-05,2009-09-30,33200000.0,1054200000.0,97500000.0,0.1,146400000.0,0.13887307911212293,4899700000.0,599800000.0,1176500000.0,656900000.0,4299900000.0,465400000.0,-1050800000.0,793254000.0,3587354000.0,1.7466511357018055,1.7909879738164105,0.620201236810417,5.066355451817272,0.020407154461117523,1.7466511357018055,0.05535178392797599,0.7524701195219123,5.973298192771084,1.3225308436145382,0.0,1.9505801461108723,0.0,0.215156029961018,1.0024356827523215,0.006775925056636121,6.751097872340425,0.13887307911212293,0.6666666666666669,2.4910361624397734,-0.01218401928637836,-0.2986556499183612,0.030260380014074596,0.6938775510204082,0.10795454545454546,5.846097845078625,-0.0035408563282977213,0.6123552150470166,Packaging & Containers,Consumer Cyclical,GPK
2009Q2,2009,Q2,2009-08-05,2009-06-30,19600000.0,1043800000.0,88000000.0,0.06,142100000.0,0.1361371910327649,4871300000.0,549400000.0,1102700000.0,644000000.0,4321900000.0,473000000.0,-1084000000.0,627690000.0,3535390000.0,1.6017492711370263,1.7122670807453415,0.6298729291975448,5.584819803421915,0.01596835212510523,1.6017492711370263,0.03567528212595559,0.6013508334930063,8.006250000000001,1.1425009100837278,0.0,1.9063424947145877,0.0,0.21427545008519286,0.881055900621118,0.0040235666043971835,4.426586741889986,0.1361371910327649,1.7500000000000002,55.714285714285715,-0.003686269870922874,-0.3381614689410914,0.1250989707046714,1.6950354609929077,1.6586102719033233,1.4367032967032967,-0.03329553267007385,0.48584304470087364,Packaging & Containers,Consumer Cyclical,GPK
2009Q1,2009,Q1,2009-05-07,2009-03-31,-28200000.0,1019200000.0,33100000.0,-0.08,126300000.0,0.12392072213500785,4963200000.0,488800000.0,1156600000.0,637300000.0,4474400000.0,521200000.0,-1103600000.0,298062000.0,3344462000.0,1.4267367192060711,1.8148438725874785,0.6502659574468085,6.602700490998363,0.013243838847936486,1.4267367192060711,-0.057692307692307696,0.29244701726844585,-2.642393617021277,0.6097831423895254,0.0,1.7131619339984652,0.0,0.20535138620245003,0.8929860348344578,-0.005681818181818182,-8.740821114369501,0.12392072213500785,0.5249913344887348,-0.3169877408056041,0.024864961738610233,-0.4035723449420891,0.239450441609421,0.511265164644714,2.31,0.4807828093292192,0.01845658307594699,0.208408295423045,Packaging & Containers,Consumer Cyclical,GPK
2008Q4,2008,Q4,2009-03-04,2008-12-31,-57700000.0,1047700000.0,10000000.0,-0.1684179801517805,101900000.0,0.09726066622124654,4983100000.0,525200000.0,1128600000.0,685600000.0,4457900000.0,532000000.0,-1075400000.0,390563999.99999994,3404264000.0,1.5329830706363106,1.646149358226371,0.638919548072485,6.062071591774562,0.0032219486300565296,1.5329830706363106,-0.10986290936785986,0.3727822850052495,-1.692218370883882,0.7436481340441736,0.0,1.7778195488721804,0.0,0.21025064718749373,0.7871936989498249,-0.01157913748469828,4.622059171597632,0.09726066622124654,-3.2104495037945124,-0.9704903677758319,-0.11903911225716159,-0.4864976953574076,-0.3224734042553192,-3.0069444444444446,-0.8095238095238095,0.21259640809038152,0.0611972324801874,0.133620156812188,Packaging & Containers,Consumer Cyclical,GPK
2008Q3,2008,Q3,2008-11-05,2008-09-30,-14400000.0,1165700000.0,52500000.0,-0.04,150400000.0,0.12902118898515913,5084200000.0,858000000.0,1201200000.0,610100000.0,4226200000.0,568900000.0,-1017700000.0,856250000.0,3949150000.0,2.5051094890510948,1.9688575643337158,0.640022029031116,3.7925407925407923,0.0362180377987771,2.5051094890510948,-0.016783216783216783,0.7345371879557347,-14.86545138888889,0.997960372960373,0.0,1.7846721743715943,0.0,0.22927894260650644,0.965087690542534,-0.002832304000629401,-52.530674846625764,0.12902118898515913,-3.0,0.8695686794956867,0.16606127966998332,-0.15149517306333893,0.04735376044568245,-2.3488372093023258,-0.1518578352180937,-14.923503649635036,0.11707329894694712,0.41611736977084646,Packaging & Containers,Consumer Cyclical,GPK
2008Q2,2008,Q2,2008-08-07,2008-06-30,-4300000.0,1141700000.0,61900000.0,-0.01,143600000.0,0.12577734956643602,5018900000.0,904000000.0,1093600000.0,648700000.0,4114900000.0,585500000.0,-1003300000.0,692658000.0,3785058000.0,2.6363371245261007,1.685833204871281,0.6192990495925402,3.438274336283186,-0.015427944768456209,2.6363371245261007,-0.004756637168141593,0.6066900236489445,-40.27081395348837,0.7662146017699115,0.0,1.7046968403074296,0.0,0.22748012512701987,0.6825959611530754,-0.0008567614417501843,16.491857142857143,0.12577734956643602,0.9,-1.2423819967840413,-0.5918618732905762,-0.7087250184999383,0.6581986143187067,0.8154506437768241,1.427450980392157,0.8729355259164033,0.06139176423171825,0.551797726528997,Packaging & Containers,Consumer Cyclical,GPK
2008Q1,2008,Q1,2008-05-09,2008-03-31,-23300000.0,724300000.0,25500000.0,-0.1,86600000.0,0.11956371669197846,5017500000.0,889600000.0,1099200000.0,607900000.0,4127900000.0,603400000.0,-999000000.0,684740000.0,3817540000.0,3.7936034115138595,1.8081921368646159,0.6287394120577977,3.5462005395683454,0.008651280096190504,3.7936034115138595,-0.02619154676258993,0.9453817478945189,-7.346995708154506,0.7697167266187049,0.0,1.056844547563805,0.0,0.14435475834578973,0.7116302023359106,-0.004643746885899352,-6.264775846294602,0.11956371669197846,-27.871428571428574,-76.57963008875886,-0.6025038338101992,-0.5832072668727194,-0.09603340292275574,-32.285714285714285,-0.3253968253968254,0.20109458491233825,0.052170999937826146,0.6976332526513125,Packaging & Containers,Consumer Cyclical,GPK
2007Q4,2007,Q4,2007-12-31,2007-12-31,-700000.0,601900000.0,37800000.0,-0.0034636318654131617,95800000.0,0.15916265160325635,2777300000.0,144000000.0,586300000.0,406800000.0,2633300000.0,318600000.0,-975700000.0,745749000.0,2614849000.0,0.7125185551707076,1.4412487708947885,0.6763403305368524,13.044444444444444,0.054576740506329116,0.7125185551707076,-0.004861111111111111,1.2389915268316996,-266.3389285714286,5.178812499999999,0.0,1.588512241054614,0.0,0.21672127605948224,0.5801376597836775,-0.0002520433514564505,12.028209677419355,0.15916265160325635,0.9505195447798119,-1.0517295268013263,-0.6157146540875,-0.9220875006634315,-0.14464285714285716,0.9496402877697842,-0.38636363636363635,0.9804023564538161,0.007453925908770423,-0.6900871987365254,Packaging & Containers,Consumer Cyclical,GPK
2007Q3,2007,Q3,2007-09-30,2007-09-30,-13900000.0,612100000.0,61600000.0,-0.07,112000000.0,0.18297663780428033,3187700000.0,125300000.0,639000000.0,412300000.0,3062400000.0,310900000.0,-975000000.0,974122000.0,2913622000.0,0.6199901039089559,1.5498423478049963,0.6116322113122314,15.56025538707103,0.021789779808890734,0.6199901039089559,-0.11093375897845172,1.591442574742689,-17.52017985611511,7.7743176376695935,0.0,1.6085558057253135,0.0,0.1920193242776924,0.6478292505457192,-0.004360510713053298,56.635,0.18297663780428033,0.3636363636363636,-3.3850002638609276,-0.6316344492707241,0.0,0.25139664804469275,0.3474178403755869,0.6470588235294118,-3.48350501551887,-0.025438181017655465,-0.7510512846010541,Packaging & Containers,Consumer Cyclical,GPK
2007Q2,2007,Q2,2007-06-30,2007-06-30,-21300000.0,647300000.0,37400000.0,-0.11,89500000.0,0.13826664606828365,3203500000.0,134800000.0,596600000.0,389400000.0,3068700000.0,297900000.0,-961100000.0,976712000.0,2933312000.0,0.66798810703667,1.532100667693888,0.614452942094584,14.602373887240356,0.0252697643690817,0.66798810703667,-0.15801186943620177,1.508901591225089,-11.4637558685446,7.245637982195845,0.0,1.8724404162470627,0.0,0.20206024660527547,0.7026194144838213,-0.006648977680661776,50.870416666666664,0.13826664606828365,0.42105263157894735,-2.2163653445950353,-0.6041826440215667,0.0,0.4161392405063291,0.4496124031007752,2.1965811965811968,-105.75842418235877,0.05016463244293032,-0.7239890939908847,Packaging & Containers,Consumer Cyclical,GPK
2007Q1,2007,Q1,2007-03-31,2007-03-31,-38700000.0,608700000.0,11700000.0,-0.19,63200000.0,0.1038278298012157,3229800000.0,150200000.0,594000000.0,391300000.0,3079600000.0,311800000.0,-939800000.0,954162000.0,2922162000.0,0.7461500248385494,1.518016866854076,0.612328936776271,13.16711051930759,0.006790061294502293,0.7461500248385494,-0.2576564580559254,1.5675406604238542,-6.163837209302326,6.352609853528629,0.0,1.749518922386145,0.0,0.18846368196173138,0.6598517761308459,-0.011982166078394947,-18.13996197718631,0.1038278298012157,0.023205128205128125,-0.33118257338858115,-0.6291569251338295,0.0,-0.006289308176100629,0.007692307692307693,0.11428571428571428,-2.076005961251863,0.04172746914115374,-0.6880822483607918,Packaging & Containers,Consumer Cyclical,GPK
