Quarters,Year,Quarter,FillingDate,Date,NetIncome,Revenue,OperatingIncome,EPSDiluted,GrossProfit,GrossProfitRatio,TotalAssets,CommonStockEquity,CurrentAssets,CurrentLiability,TotalLiability,Inventory,RetainedEarnings,MarketCap,EnterpriseValue,bookValuePerShare,currentRatio,debtToAssets,debtToEquity,roic,shareholdersEquityPerShare,roe,priceToSalesRatio,peRatio,pbRatio,payoutRatio,inventoryTurnover,dividendYield,assetTurnover,quickRatio,returnOnAssets,priceToFreeCashFlowsRatio,grossProfitMargin,epsdilutedGrowth,fiveYNetIncomeGrowthPerShare,fiveYRevenueGrowthPerShare,fiveYShareholdersEquityGrowthPerShare,grossProfitGrowth,netIncomeGrowth,operatingIncomeGrowth,threeYNetIncomeGrowthPerShare,threeYRevenueGrowthPerShare,threeYShareholdersEquityGrowthPerShare,Industry,Sector,Symbol
2023Q1,2023,Q1,2023-05-10,2023-03-31,-22783000.0,30263000.0,-23409000.0,-0.62,23454000.0,0.7750057826,362570000.0,60900000.0,220398000.0,151967000.0,301670000.0,0.0,-394234000.0,213307725.18,211582725.18,1.6644826140281284,1.450301710239723,0.38056651129437075,2.2657142857142856,-0.11631936008013956,1.6644826140281284,-0.37410509031198685,7.04846595446585,-2.3406457136900323,3.5025899044334974,0.0,0.0,0.0,0.0834680199685578,1.36090730224325,-0.06283752103042171,-6.054374579359673,0.775005782638866,-1.9523809523809526,0.2331695713254004,2.029081912862334,-0.47703662210587156,-0.36922787295269344,-5.527623211446741,-1.3524268917696713,-0.3143660398966955,0.8602902602340533,0.054207615822321295,Software—Infrastructure,Technology,VERI
2022Q4,2022,Q4,2023-03-16,2022-12-31,5032000.0,43890000.0,-9951000.0,-0.21,37183000.0,0.8471861472,424752000.0,80172000.0,278005000.0,192931000.0,344580000.0,0.0,-371271000.0,192705975.4,146049975.4,2.204973660614366,1.4409555747909875,0.32434691302218704,1.7183929551464352,-0.02715184738186543,2.204973660614366,0.06276505513146735,4.390657903850536,9.574025009936406,2.403656830314823,0.0,0.0,0.0,0.10333088484574528,1.3619532371676921,0.011846913022187065,7.038459235180248,0.8471861471861472,-0.6153846153846153,1.1660387956010798,4.29372193048414,-0.4480654758464567,0.23535665636732117,2.029881293491609,-1.755746330656328,1.2279387218702071,1.3771858627425282,0.14009420921155702,Software—Infrastructure,Technology,VERI
2022Q3,2022,Q3,2022-11-14,2022-09-30,-4886000.0,37196000.0,-3611000.0,-0.13,30099000.0,0.809199914,469791000.0,70773000.0,322770000.0,185808000.0,399018000.0,0.0,-375982000.0,203820052.48,203733052.48,1.9549204563132885,1.7371157323688968,0.41717274277285005,2.769191640879997,-0.013609082824427793,1.9549204563132885,-0.06903762734376104,5.479622875578019,-10.428778780188292,2.8799125723086485,0.0,0.0,0.0,0.0791756334199676,1.6458225695341429,-0.010400369526023275,-9.32217583607757,0.809199913969244,-0.4412416851441242,0.8969895988667815,3.0841800120673426,-0.3957956053151373,0.09331638212858699,-0.5019981555487243,0.004960044089280794,0.7875772160654004,0.7929198364310608,-0.1400658274613941,Software—Infrastructure,Technology,VERI
2022Q2,2022,Q2,2022-08-15,2022-06-30,-3253000.0,34235000.0,-3629000.0,-0.0902,27530000.0,0.804147802,450896000.0,69165000.0,302937000.0,170402000.0,381731000.0,0.0,-371096000.0,235625352.95000002,210843352.95000002,1.9168032826070298,1.7777784298306358,0.4339825591710727,2.829191064844936,-0.009171520562815462,1.9168032826070298,-0.047032458613460566,6.882586620417702,-18.10831178527513,3.4067136984023714,0.0,0.0,0.0,0.07592659948192045,1.6934777760824404,-0.007214523970050743,-14.780162648977544,0.8041478019570615,0.88725,0.9645512555829723,0.9712227231478351,-0.7067698462770499,0.0016737010624363266,0.8856228683942197,0.8659797621685501,0.8878736763883648,0.6052092219933339,-0.2698640636022819,Software—Infrastructure,Technology,VERI
2022Q1,2022,Q1,2022-05-10,2022-03-31,-28441000.0,34407000.0,-27078000.0,-0.8,27484000.0,0.7987909437,469004000.0,56000000.0,336740000.0,165767000.0,413004000.0,0.0,-380076000.0,648518609.44,606346609.44,1.5784897844087378,2.0314055270349347,0.41658706535551937,3.4889464285714284,-0.10839153640678083,1.5784897844087378,-0.507875,18.848449717789986,-5.700560893076896,11.580689454285714,0.0,0.0,0.0,0.07336184766014789,1.9558838610821212,-0.06064127384841068,68.99868171507607,0.7987909437033162,-0.7777777777777778,-0.7316246998574532,2.9410123949798064,1.4077984089528084,-0.4377480463156172,-0.7924623432280834,-0.9916151809355693,0.04074162672604457,0.5606417993470537,-0.4643687463894771,Software—Infrastructure,Technology,VERI
2021Q4,2021,Q4,2022-03-17,2021-12-31,-15867000.0,55149000.0,-13596000.0,-0.45,48882000.0,0.8863624,504752000.0,80579000.0,379082000.0,191276000.0,424173000.0,0.0,-350958000.0,784932518.96,725292518.96,2.3077345838595704,1.9818586754219034,0.38649079151741844,2.4210029908536965,-0.05755982892030428,2.3077345838595704,-0.19691234688938805,14.232942010915883,-12.36737440852083,9.741154878566377,0.0,0.0,0.0,0.10925959679208799,1.9185104247265732,-0.03143523948394459,76.99946232685895,0.8863624000435185,-0.32352941176470584,0.3668200345776039,6.9694625150306075,1.6402125139739496,1.9015254941532618,-0.3864907375043691,-0.23230309072781655,0.5081524076599717,1.7776133810260657,-0.2630863280933896,Software—Infrastructure,Technology,VERI
2021Q3,2021,Q3,2021-11-15,2021-09-30,-11444000.0,22655000.0,-11033000.0,-0.34,16847000.0,0.7436327521518429,291196000.0,107666000.0,166467000.0,173113000.0,183530000.0,0.0,-335091000.0,796317438.52,723672438.52,3.230044471687655,0.961608891302213,0.0,0.0,-0.10614736635637988,3.230044471687655,-0.10629167982464288,35.14974347914367,-17.395959422404754,7.396182996674902,0.0,0.0,0.0,0.07779983241528043,0.8998977546458093,-0.039299990384483306,-293.5191443125691,0.7436327521518429,0.12820512820512817,0.6863780157858199,0.9866940861890574,0.0,0.2055098389982111,0.09996067636649626,0.12761919822882897,0.5991505755287697,0.6765781404241362,-0.19009207741864856,Software—Infrastructure,Technology,VERI
2021Q2,2021,Q2,2021-08-05,2021-06-30,-12715000.0,19206000.0,-12647000.0,-0.39,13975000.0,0.7276371967093617,186927000.0,80227000.0,169872000.0,104711000.0,106700000.0,0.0,-323647000.0,645332126.76,524705126.76,2.4503261257719444,1.6222937418227312,0.0,0.0,-0.15832504671627745,2.4503261257719444,-0.15848779089334014,33.60054809746954,-12.68840202044829,8.043827224749773,0.0,0.0,0.0,0.10274599175079041,1.5368776919330347,-0.06802120613929502,-87.5382700434075,0.7276371967093617,0.5894736842105263,0.5962139264835912,0.9789751535611887,0.0,0.03733669833729216,0.5840285274969739,0.5858331150117894,0.5578799070938125,1.2960391698000697,-0.44879281479242195,Software—Infrastructure,Technology,VERI
2021Q1,2021,Q1,2021-05-06,2021-03-31,-30567000.0,18295000.0,-30536000.0,-0.95,13472000.0,0.7363760590325226,190947000.0,85793000.0,172908000.0,103041000.0,105154000.0,0.0,-310932000.0,771485471.24,644026471.24,2.6666945998260974,1.6780504847584943,0.0,0.0,-0.35618282980850047,2.6666945998260974,-0.35628780902870866,42.16919766274938,-6.309790552229529,8.992405805135618,0.0,0.0,0.0,0.09581192686975967,1.6273910385186479,-0.1600810696161762,126.28670342772958,0.7363760590325226,-1.2093023255813955,-0.6265309114531655,0.8583976228884916,0.0,0.059036239289364044,-1.4678669465525593,-1.4761595848199804,-0.17003997819863562,1.0825282918826924,-0.16215188792983104,Software—Infrastructure,Technology,VERI
2020Q4,2020,Q4,2021-03-05,2020-12-31,-12386000.0,16818000.0,-12332000.0,-0.43,12721000.0,0.7563919609941729,177654000.0,88210000.0,156567000.0,88248000.0,89444000.0,0.0,-280365000.0,821681804.5,706864804.5,3.0541926159933603,1.7741705194452,0.0,0.0,-0.1401989134815306,3.0541926159933603,-0.14041491894343044,48.857284130098705,-16.584890289439688,9.315064102709444,0.0,0.0,0.0,0.09466716201155054,1.6980328166077419,-0.0697197924054623,22207.616337837837,0.7563919609941729,-0.07499999999999993,0.4024447939346683,1.9381932329233198,1.847295155396765,0.1393640841916704,-0.12467084354853356,-0.12384944864667821,0.48548513066047194,1.5536878179339657,-0.23549456472333788,Software—Infrastructure,Technology,VERI
2020Q3,2020,Q3,2020-11-09,2020-09-30,-11013000.0,15718000.0,-10973000.0,-0.4,11165000.0,0.7103321033210332,119582000.0,34427000.0,97009000.0,83904000.0,85155000.0,0.0,-267979000.0,252754765.4,198439765.4,1.2476572677114004,1.156190408085431,0.0,0.0,-0.3197777001092647,1.2476572677114004,-0.3198942690330264,16.080593294312255,-5.737645632434395,7.34175982223255,0.0,0.0,0.0,0.13144118680068906,1.0952159610983982,-0.09209580037129333,62.74944523336644,0.7103321033210332,0.06976744186046505,0.6354135816900295,0.6650620205063418,0.0,0.24846248462484624,0.06614093106079878,0.05044998269297335,0.6953733529187718,1.2643343579445647,-0.6143884004194344,Software—Infrastructure,Technology,VERI
2020Q2,2020,Q2,2020-08-10,2020-06-30,-11793000.0,13268000.0,-11556000.0,-0.43,8943000.0,0.6740277359059391,107287000.0,40080000.0,83072000.0,65920000.0,67207000.0,0.0,-256966000.0,402965039.52,352884039.52,1.4780160599277985,1.2601941747572816,0.0,0.0,-0.2883722589593098,1.4780160599277985,-0.2942365269461078,30.37119682845945,-8.542462467565505,10.054017952095808,0.0,0.0,0.0,0.12366829159171196,1.1801122572815534,-0.10992012079748711,-93.69101128109742,0.6740277359059391,0.08510638297872336,0.5478241409140586,0.6506575478111533,0.0,0.10502903743976276,0.07024597918637654,0.09803309397439901,0.8289979292516989,0.016555523567305518,-0.7738949633536965,Software—Infrastructure,Technology,VERI
2020Q1,2020,Q1,2020-05-11,2020-03-31,-12684000.0,11904000.0,-12812000.0,-0.47,8093000.0,0.6798555107526881,106217000.0,42272000.0,80398000.0,62608000.0,63945000.0,0.0,-245173000.0,62381469.79,13216469.79,1.5788945071600244,1.2841489905443393,0.0,0.0,-0.3031564863561399,1.5788945071600244,-0.30005677517032553,5.240378846606183,-1.2295307038394827,1.475716071867903,0.0,0.0,0.0,0.11207245544498527,1.2124968055200613,-0.11941591270700547,41.75466518741633,0.6798555107526881,0.2295081967213115,0.18895560260744848,0.453041561300545,0.0,-0.030778443113772456,0.14780972856758937,0.12438490978676872,-0.023320589428359663,0.806760057207791,1.407902967940565,Software—Infrastructure,Technology,VERI
2019Q4,2019,Q4,2020-03-11,2019-12-31,-14884000.0,12448000.0,-14632000.0,-0.61,8350000.0,0.6707904884318766,108526000.0,47411000.0,81112000.0,59736000.0,61115000.0,0.0,-232489000.0,61040178.720000006,16975178.720000006,1.9340275942101632,1.3578411678050086,0.0,0.0,-0.31598716883905503,1.9340275942101632,-0.3139355845689819,4.903613329048843,-1.025265028218221,1.2874687038872836,0.0,0.0,0.0,0.11470062473508652,1.2672927547877326,-0.13714685881724195,-5.2171092923076925,0.6707904884318766,0.04687500000000004,0.15399764898811905,1.5621853016785225,1.536538593668545,0.03752485089463221,-0.04839050503627527,0.09656705359347988,0.15399764898811905,1.5621853016785225,1.536538593668545,Software—Infrastructure,Technology,VERI
2019Q3,2019,Q3,2019-11-08,2019-09-30,-14197000.0,12805000.0,-16196000.0,-0.64,8048000.0,0.6285044904334245,118374000.0,50798000.0,89039000.0,66159000.0,67576000.0,0.0,-217605000.0,79772085.53999999,30584085.53999999,2.2733373306263442,1.345833522272102,0.0,0.0,-0.28269111269425995,2.2733373306263442,-0.27947950706720737,6.22976068254588,-1.4047349006832428,1.570378470412221,0.0,0.0,0.0,0.10817409228377853,1.27400655995405,-0.11993343132782537,-42.07388477848101,0.6285044904334245,0.20000000000000004,0.4196198132743843,0.6750734759188781,0.0,0.04411001556824079,0.1494218441076029,0.032265774378585084,0.4196198132743843,0.6750734759188781,0.0,Software—Infrastructure,Technology,VERI
2019Q2,2019,Q2,2019-08-08,2019-06-30,-16691000.0,12270000.0,-16736000.0,-0.8,7708000.0,0.6281988590057049,109562000.0,54499000.0,80524000.0,53694000.0,55063000.0,0.0,-203408000.0,173548550.56,133273550.56,2.6252690588878407,1.4996833910679033,0.0,0.0,-0.3071986337332096,2.6252690588878407,-0.306262500229362,14.14413614995925,-2.5994330860943022,3.1844355045046693,0.0,0.0,0.0,0.1119913838739709,1.4321711923119902,-0.1523429656267684,-13.816459721359765,0.6281988590057049,0.04761904761904753,0.16401347487066803,0.9940219207835219,0.0,-0.06603659275415001,-0.02361094075800319,-0.013811485340440998,0.16401347487066803,0.9940219207835219,0.0,Software—Infrastructure,Technology,VERI
2019Q1,2019,Q1,2019-05-09,2019-03-31,-16306000.0,12125000.0,-16508000.0,-0.84,8253000.0,0.680659793814433,117502000.0,57499000.0,87269000.0,58727000.0,60003000.0,0.0,-186717000.0,109457944.2,69613944.2,2.946971024876968,1.4860115449452551,0.0,0.0,-0.28725919623843393,2.946971024876968,-0.28358754065288094,9.027459315463918,-1.6781850883110512,1.9036495278178753,0.0,0.0,0.0,0.1031897329407159,1.436306979753776,-0.13877210600670628,-23.14121441860465,0.680659793814433,0.0869565217391305,-0.4307082762061591,1.0308699888590753,0.0,0.11226415094339623,0.08315996626370536,0.08507454414454359,-0.4307082762061591,1.0308699888590753,0.0,Software—Infrastructure,Technology,VERI
2018Q4,2018,Q4,2019-03-18,2018-12-31,-17785000.0,10946000.0,-18043000.0,-0.92,7420000.0,0.6778731956879225,117754000.0,60283000.0,86520000.0,56085000.0,57471000.0,0.0,-170411000.0,73149137.39999999,35610137.39999999,3.131621344314034,1.5426584648301684,0.0,0.0,-0.299389114004032,3.131621344314034,-0.2950251314632649,6.682727699616297,-1.02824202136632,1.2134289501186073,0.0,0.0,0.0,0.09295650253919187,1.4788446108585183,-0.1510352089950235,-4.209780006906077,0.6778731956879225,-0.06976744186046518,-0.2873499337670047,1.8691763113866637,1.8687754595698207,0.24184100418410043,-0.11567655730506242,-0.1093144789425146,-0.2873499337670047,1.8691763113866637,1.8687754595698207,Software—Infrastructure,Technology,VERI
2018Q3,2018,Q3,2018-11-13,2018-09-30,-15941000.0,7545000.0,-16265000.0,-0.86,5975000.0,0.7919151756129887,134066000.0,74227000.0,98302000.0,58790000.0,59839000.0,0.0,-152626000.0,177742966.95000002,131615966.95000002,3.98816258197945,1.6720870896410953,0.0,0.0,-0.2191938678028427,3.98816258197945,-0.21476012771632963,23.557715964214715,-2.787512812088326,2.394586430139976,0.0,0.0,0.0,0.05627825101069622,1.6098996427963939,-0.11890412185043188,-36.80740669910955,0.7919151756129887,0.02272727272727275,0.21760649992728287,0.18496957480697496,0.0,0.784647550776583,-0.1124214933705513,-0.125371895108282,0.21760649992728287,0.18496957480697496,0.0,Software—Infrastructure,Technology,VERI
2018Q2,2018,Q2,2018-08-13,2018-06-30,-14330000.0,4168000.0,-14453000.0,-0.88,3348000.0,0.8032629558541267,105023000.0,72523000.0,97833000.0,32027000.0,32500000.0,0.0,-136686000.0,274405449.52,221713449.51999998,4.445381322177759,3.0547038436319354,0.0,0.0,-0.19942766952683938,4.445381322177759,-0.19759248790039022,65.83624028790787,-4.787254876482903,3.7837024050301284,0.0,0.0,0.0,0.03968654485208002,2.962000811815031,-0.13644630223855728,-29.50913533928379,0.8032629558541267,-0.08641975308641969,0.0867049926136532,-0.138091727880448,0.0,-0.12447698744769875,-0.0981684420262089,-0.09244142101284958,0.0867049926136532,-0.138091727880448,0.0,Software—Infrastructure,Technology,VERI
2018Q1,2018,Q1,2018-05-08,2018-03-31,-13049000.0,4388000.0,-13230000.0,-0.81,3824000.0,0.8714676390154968,77728000.0,51146000.0,71567000.0,26582000.0,26582000.0,0.0,-122479000.0,223688122.08,202662122.08,3.1827900086057177,2.692310586110902,0.0,0.0,-0.25871090705873084,3.1827900086057177,-0.2551323661674422,50.97723839562443,-4.285541460648325,4.373521332655535,0.0,0.0,0.0,0.05645327295183203,2.6057858701376873,-0.16788030053519967,-14.901613622010526,0.8714676390154968,0.024096385542168565,-0.39014985962901194,-0.10762430929165308,0.0,0.17553027974177682,-0.020250195465207194,-0.0313376987839102,-0.39014985962901194,-0.10762430929165308,0.0,Software—Infrastructure,Technology,VERI
2017Q4,2017,Q4,2018-03-09,2017-12-31,-12790000.0,3499000.0,-12828000.0,-0.83,3253000.0,0.9296941983423835,88558000.0,61302000.0,83805000.0,27256000.0,27256000.0,0.0,-109307000.0,355997364.8,326452364.8,3.994991369666453,3.074735837980628,0.0,0.0,-0.2092754404341728,3.994991369666453,-0.20863919611105675,101.74260211488998,-6.9585098670836585,5.807271619196763,0.0,0.0,0.0,0.039510829061180246,2.9717126504255944,-0.1444251225185754,-23.42396136333728,0.9296941983423835,0.36641221374045807,-0.16139540696345808,0.15056868435094542,2.1082918659566396,-0.050773271082579514,0.3396664773607311,0.3406322282189668,-0.16139540696345808,0.15056868435094542,2.1082918659566396,Software—Infrastructure,Technology,VERI
2017Q3,2017,Q3,2017-11-07,2017-09-30,-19369000.0,3719000.0,-19455000.0,-1.31,3427000.0,0.9214842699650444,79682000.0,47832000.0,78509000.0,31836000.0,31850000.0,0.0,-96517000.0,671903984.7,651141984.7,3.2355283634322523,2.4660447292373413,0.0,0.0,-0.40677807926959514,3.2355283634322523,-0.4049381167419301,180.66791737026082,-8.672414485776242,14.04716475790266,0.0,0.0,0.0,0.046673025275469994,2.3771516522176155,-0.24307873798348434,-143.47725490070468,0.9214842699650444,0.5544217687074829,-0.1968303554637953,-0.2646571763289449,0.0,-0.08637696614236204,0.10307941653160453,-1.4789755351681957,-0.1968303554637953,-0.2646571763289449,0.0,Software—Infrastructure,Technology,VERI
2017Q2,2017,Q2,2017-08-08,2017-06-30,-21595000.0,4087000.0,-7848000.0,-2.94,3751000.0,0.9177881086371421,89271000.0,55507000.0,88831000.0,33746000.0,33764000.0,0.0,-77148000.0,99434188.61000001,33522188.610000014,6.5368559756581694,2.632341610857583,0.0,0.0,-0.14139412027829468,6.5368559756581694,-0.3890500297259805,24.329383070712016,-1.1511251286177357,1.791381062028213,0.0,0.0,0.0,0.045781944864513674,2.56199253244829,-0.24190386575707676,-8.749158698636165,0.9177881086371421,-4.365737031433364,-1.644271248337697,0.6237751008608476,0.0,0.28811813186813184,-2.693347015563537,-0.183531895641683,-1.644271248337697,0.6237751008608476,0.0,Software—Infrastructure,Technology,VERI
2017Q1,2017,Q1,2017-06-26,2017-03-31,-5847000.0,3108000.0,-6631000.0,-0.547921,2912000.0,0.9369369369369369,26344000.0,-48886000.0,24514000.0,51339000.0,75230000.0,0.0,-52156000.0,165068362.27,171609362.27,-3.8707600367106982,0.4774927443074466,0.5816504706954145,-0.3134435216626437,0.19763635395580395,-3.8707600367106982,0.11960479482878533,53.110798671171175,-7.057822912177185,-3.3765978453954095,0.0,0.0,0.0,0.11797752808988764,0.4155125732873644,-0.22194807166717279,-32.10197632633217,0.9369369369369369,0.23653856872143572,0.20743860157684152,-0.19577502529798602,0.0,0.4611138986452584,0.35492056487202117,0.09819121447028424,0.20743860157684152,-0.19577502529798602,0.0,Software—Infrastructure,Technology,VERI
2016Q4,2016,Q4,2016-12-31,2016-12-31,-9064000.0,2503000.0,-7353000.0,-0.71768,1993000.0,0.7962445065920895,22348000.0,-45525000.0,21367000.0,44501000.0,67873000.0,0.0,-45236000.0,165068362.27,166378362.27,-3.604638355996697,0.480146513561493,0.5990692679434402,-0.2940801757276222,0.22882693844337418,-3.604638355996697,0.19909939593629875,65.94820705952857,-4.552856417420565,-3.6258838499725425,0.0,0.0,0.0,0.11200107392160372,0.4560796386598054,-0.4055843923393592,-31.045394446116234,0.7962445065920895,0.4078039699776219,0.0,0.0,0.0,0.06406833956219968,-0.22041201023293389,-0.23186463394203385,0.0,0.0,0.0,Software—Infrastructure,Technology,VERI
2016Q3,2016,Q3,2016-09-30,2016-09-30,-7427000.0,2321000.0,-5969000.0,-1.211896,1873000.0,0.8069797501077122,,,,,,,,88672251.77,,,0.0,0.0,0.0,0.0,,0.0,38.20433079276174,-2.984793717853777,0.0,0.0,0.0,0.0,0.0,0.0,0.0,-15.124040895446017,0.8069797501077122,-0.12337724335533012,0.0,0.0,0.0,0.09404205607476636,-0.1382375478927203,0.0856311274509804,0.0,0.0,0.0,Software—Infrastructure,Technology,VERI
2016Q2,2016,Q2,2016-06-30,2016-06-30,-6525000.0,2011000.0,-6528000.0,-1.078797,1712000.0,0.8513177523620089,,,,,,,,88672251.77,,,0.0,0.0,0.0,0.0,,0.0,44.093611024365984,-3.397404282375479,0.0,0.0,0.0,0.0,0.0,0.0,0.0,-94.83663290909091,0.8513177523620089,-0.5385757438324164,0.0,0.0,0.0,-0.025056947608200455,-0.6464799394398183,-0.6610687022900763,0.0,0.0,0.0,Software—Infrastructure,Technology,VERI
2016Q1,2016,Q1,2016-03-31,2016-03-31,-3963000.0,2076000.0,-3930000.0,-0.701166,1756000.0,0.8458574181117534,,,,,,,,88672251.77,,,0.0,0.0,0.0,0.0,,0.0,42.7130307177264,-5.593757997098159,0.0,0.0,0.0,0.0,0.0,0.0,0.0,-6.041578781086053,0.8458574181117534,0.0,0.0,0.0,0.0,0.0,0.0,0.0,0.0,0.0,0.0,Software—Infrastructure,Technology,VERI
