Quarters,Year,Quarter,FillingDate,Date,NetIncome,Revenue,OperatingIncome,EPSDiluted,GrossProfit,GrossProfitRatio,TotalAssets,CommonStockEquity,CurrentAssets,CurrentLiability,TotalLiability,Inventory,RetainedEarnings,MarketCap,EnterpriseValue,bookValuePerShare,currentRatio,debtToAssets,debtToEquity,roic,shareholdersEquityPerShare,roe,priceToSalesRatio,peRatio,pbRatio,payoutRatio,inventoryTurnover,dividendYield,assetTurnover,quickRatio,returnOnAssets,priceToFreeCashFlowsRatio,grossProfitMargin,epsdilutedGrowth,fiveYNetIncomeGrowthPerShare,fiveYRevenueGrowthPerShare,fiveYShareholdersEquityGrowthPerShare,grossProfitGrowth,netIncomeGrowth,operatingIncomeGrowth,threeYNetIncomeGrowthPerShare,threeYRevenueGrowthPerShare,threeYShareholdersEquityGrowthPerShare,Industry,Sector,Symbol
2023Q1,2023,Q1,2023-04-26,2023-03-31,245000000.0,2466000000.0,265000000.0,0.63,728000000.0,0.295214923,41458000000.0,19507000000.0,3140000000.0,4570000000.0,20948000000.0,434000000.0,1985000000.0,15421596000.000002,25511596000.0,50.4447892423067,0.687089715536105,0.2451155386173959,0.5209412005946583,0.009678508733335893,50.4447892423067,0.012559593991900344,6.253688564476886,15.736322448979593,0.7905672835392423,0.6938775510204082,4.0046082949308754,0.011023502366421736,0.0594818852814897,0.38205689277899346,0.00590959525302716,-24.40125949367089,0.29521492295214924,0.6578947368421053,-0.19635778995875136,0.058280313729078985,0.029112271471486647,0.12345679012345678,0.6666666666666666,0.22119815668202766,-0.18296375312473062,0.10323800173545684,0.01870431100704179,Utilities—Regulated Electric,Utilities,AGR
2022Q4,2022,Q4,2023-02-22,2022-12-31,147000000.0,2158000000.0,217000000.0,0.38,648000000.0,0.3002780352,41123000000.0,19380000000.0,3210000000.0,4416000000.0,20781000000.0,503000000.0,1910000000.0,16620365999.999998,25935366000.0,50.116369278510476,0.7269021739130435,0.22819346837536172,0.4842105263157895,0.007158767535525633,50.116369278510476,0.007585139318885449,7.701745134383688,28.26592857142857,0.8576040247678017,1.163265306122449,3.0019880715705765,0.010288582092596518,0.05247671619288476,0.4107789855072464,0.003574641927874912,-37.94604109589041,0.3002780352177943,0.40740740740740733,2.5279638902602444,0.12666749998439636,0.02878664798693321,0.1889908256880734,0.4,0.9375,-0.472407087219557,0.07345014137730245,0.017983611714838373,Utilities—Regulated Electric,Utilities,AGR
2022Q3,2022,Q3,2022-10-26,2022-09-30,105000000.0,1838000000.0,112000000.0,0.27,545000000.0,0.2965179543,39907000000.0,19351000000.0,2804000000.0,3803000000.0,19573000000.0,502000000.0,1934000000.0,16126923475.800001,24816923475.800003,50.03661741254531,0.7373126479095451,0.2192597789861428,0.4521730143145057,0.0075009730035735765,50.03661741254531,0.005426076171774068,8.77416946452666,38.397436847142856,0.8333896685339259,1.619047619047619,2.5756972111553784,0.010541378227229845,0.04605708271731777,0.3699710754667368,0.0026311173478337133,-35.99759704419643,0.29651795429815014,-0.43749999999999994,-0.15121188925887927,0.09688705803540938,0.018703663280014,-0.17549167927382753,-0.42934782608695654,-0.49321266968325794,-0.4397998469108603,-0.010809990029936805,0.022200203906453716,Utilities—Regulated Electric,Utilities,AGR
2022Q2,2022,Q2,2022-07-27,2022-06-30,184000000.0,1794000000.0,221000000.0,0.48,661000000.0,0.3684503902,39752000000.0,19410000000.0,2989000000.0,3346000000.0,19366000000.0,396000000.0,2003000000.0,17836300016.879997,25899300016.879997,50.189175958736215,0.893305439330544,0.2131716643187764,0.4365790829469346,0.008086151684033526,50.189175958736215,0.00947964966512107,9.942196218996655,24.234103283804348,0.9189232363153013,0.9239130434782609,2.861111111111111,0.009531124719763326,0.04512980478969612,0.5176329946204423,0.004628697927148319,-101.92171438217142,0.36845039018952064,-0.5636363636363637,0.2271050972428773,0.07867239952980191,0.020131999686665753,-0.10796221322537113,-0.5690866510538641,-0.6095406360424028,0.33866010608313885,0.025509259838690273,0.02633300027940915,Utilities—Regulated Electric,Utilities,AGR
2022Q1,2022,Q1,2022-04-29,2022-03-31,427000000.0,2133000000.0,566000000.0,1.1,741000000.0,0.3473980309,39541000000.0,19181000000.0,3229000000.0,3300000000.0,19481000000.0,308000000.0,1819000000.0,18074270689.68,25928270689.68,49.60199807740473,0.9784848484848485,0.21501732379049593,0.4432511339346228,0.01754010865952237,49.60199807740473,0.022261613054585266,8.473638391786217,10.582125696533957,0.9423007502048902,0.3981264637002342,4.51948051948052,0.009405635387383357,0.05394400748590071,0.6448484848484849,0.010798917579221568,-42.72877231602837,0.34739803094233473,2.1428571428571432,0.42998349971265737,-0.028879690344285745,0.007432201398889247,0.1614420062695925,2.1865671641791047,1.1358490566037736,0.5749135530663959,-0.07319192547828202,0.012786542087133096,Utilities—Regulated Electric,Utilities,AGR
2021Q4,2021,Q4,2022-02-23,2021-12-31,134000000.0,1933000000.0,265000000.0,0.35,638000000.0,0.3300569064,39504000000.0,19076000000.0,3777000000.0,3329000000.0,19543000000.0,343000000.0,1714000000.0,19313536000.0,26459536000.0,49.26652892561984,1.134574947431661,0.2182057513163224,0.45187670371146993,0.00822284821770749,49.26652892561984,0.007024533445166702,9.991482669425762,36.03271641791045,1.012452086391277,1.2686567164179106,3.7755102040816326,0.008802116815895338,0.04893175374645606,0.8272754580955242,0.0033920615633859863,-37.72175,0.33005690636316604,0.20689655172413793,-0.4825726115902105,0.03626104063083751,0.00917516113760679,0.15579710144927536,0.2072072072072072,0.9202898550724637,-0.09991579276338636,-0.07201080212443849,0.00953328273830368,Utilities—Regulated Electric,Utilities,AGR
2021Q3,2021,Q3,2021-10-29,2021-09-30,111000000.0,1598000000.0,138000000.0,0.29,552000000.0,0.3454317897371715,38879000000.0,19102000000.0,3627000000.0,3112000000.0,19053000000.0,325000000.0,1723000000.0,18822780000.0,25470780000.0,49.32093983991738,1.1654884318766068,0.20725841714035856,0.4218406449586431,0.006571910030038831,49.32093983991738,0.005810909852371479,11.778961201501877,42.39364864864865,0.9853826824416291,1.5405405405405406,3.2184615384615385,0.009084736686079314,0.041101880192391776,0.8104113110539846,0.0028550117029758995,-38.41383673469388,0.3454317897371715,0.035714285714285546,-0.18622785714793316,-0.09945196644011546,0.015067909961946156,0.029850746268656716,0.1326530612244898,0.05343511450381679,-0.29037955073586363,-0.1739992497901518,0.009044875757167448,Utilities—Regulated Electric,Utilities,AGR
2021Q2,2021,Q2,2021-07-30,2021-06-30,98000000.0,1477000000.0,131000000.0,0.28,536000000.0,0.3628977657413676,38650000000.0,19239000000.0,3670000000.0,2958000000.0,18815000000.0,263000000.0,1790000000.0,17851353000.0,24095353000.0,55.42783059636992,1.2407031778228532,0.20628719275549806,0.4144186288268621,0.004273182324775837,55.42783059636992,0.005093819845106294,12.086224102911308,45.53916581632653,0.927873226259161,1.3877551020408163,3.5779467680608366,0.007618470151814263,0.038214747736093145,0.9580797836375929,0.002535575679172057,-83.0295488372093,0.3628977657413676,-0.7407407407407407,-0.14321659396342803,-0.08469708802148798,0.13981253204620991,-0.3487241798298906,-0.7065868263473054,-0.6773399014778325,-0.18332673661876642,-0.060626030805068676,0.13345976673779253,Utilities—Regulated Electric,Utilities,AGR
2021Q1,2021,Q1,2021-05-04,2021-03-31,334000000.0,1966000000.0,406000000.0,1.08,823000000.0,0.41861648016276704,37768000000.0,15381000000.0,3239000000.0,2792000000.0,21776000000.0,254000000.0,1864000000.0,15416195000.0,25587195000.0,49.69628432956381,1.1601002865329513,0.29082821436136413,0.7141278200377089,0.014651182006586659,49.69628432956381,0.021715103049216564,7.841401322482198,11.539068113772455,1.0022882127299917,0.40718562874251496,4.5,0.00882189152381635,0.05205464943867825,0.7560888252148997,0.008843465367506884,-77.8595707070707,0.41861648016276704,1.0,0.5756662268723138,0.1773908674218605,0.017993457978006302,0.3469721767594108,1.0120481927710843,0.8288288288288288,0.3688524590163935,0.05415549597855221,0.01384219893217323,Utilities—Regulated Electric,Utilities,AGR
2020Q4,2020,Q4,2021-03-01,2020-12-31,166000000.0,1669000000.0,222000000.0,0.54,611000000.0,0.366087477531456,37823000000.0,15209000000.0,3777000000.0,3069000000.0,21997000000.0,262000000.0,1666000000.0,14066775000.0,23871775000.0,49.140549273021,1.23069403714565,0.2979139676916162,0.7408771122361759,0.00791458700791834,49.140549273021,0.010914590045367874,8.42826542840024,21.184902108433736,0.924898086659215,0.8253012048192772,4.038167938931298,0.009739261486730256,0.044126589641223596,0.9651352231997393,0.004388863918779578,-22.50684,0.366087477531456,0.9285714285714285,-0.0668444881761245,-0.468476126407677,0.0104881356600325,0.058925476603119586,0.9080459770114943,0.34545454545454546,3.1558441558441555,0.08871493803000643,0.008755057372156245,Utilities—Regulated Electric,Utilities,AGR
2020Q3,2020,Q3,2020-10-30,2020-09-30,87000000.0,1470000000.0,165000000.0,0.28,577000000.0,0.3925170068027211,35640000000.0,15223000000.0,1923000000.0,4184000000.0,19786000000.0,257000000.0,1684000000.0,15617370000.0,24465370000.0,49.18578352180937,0.45960803059273425,0.2510942760942761,0.5878604742823359,0.005746904024767802,49.18578352180937,0.005715036457991198,10.624061224489797,44.8775,1.0259061945739998,1.5632183908045978,3.4747081712062258,0.008708252413818715,0.041245791245791245,0.2698374760994264,0.002441077441077441,-38.37191646191646,0.3925170068027211,0.0,0.027685638837031974,-0.1787603368687257,1.0243861979135152,0.06261510128913444,-0.011363636363636364,0.06451612903225806,-0.12121212121212115,0.09619686800894867,0.001381397184580904,Utilities—Regulated Electric,Utilities,AGR
2020Q2,2020,Q2,2020-07-31,2020-06-30,88000000.0,1392000000.0,155000000.0,0.28,543000000.0,0.3900862068965517,34856000000.0,15278000000.0,1713000000.0,3235000000.0,18940000000.0,234000000.0,1733000000.0,12992809999.999998,21310810000.0,49.36348949919225,0.5295208655332303,0.23995868717007116,0.5474538552166514,0.007101861676473424,49.36348949919225,0.005759916219400445,9.333915229885056,36.91139204545454,0.8504261028930488,1.5454545454545454,3.628205128205128,0.010467327698935026,0.039935735597888454,0.3149922720247295,0.0025246729400963965,-499.7234615384615,0.3900862068965517,-0.641025641025641,0.02187105005222942,-0.1790665108363807,1.0122374979897304,-0.2701612903225806,-0.6333333333333333,-0.5259938837920489,-0.2666666666666666,0.04583020285499619,0.003349313719051799,Utilities—Regulated Electric,Utilities,AGR
2020Q1,2020,Q1,2020-05-05,2020-03-31,240000000.0,1789000000.0,327000000.0,0.78,744000000.0,0.4158747903856903,34593000000.0,15326000000.0,1896000000.0,3447000000.0,18685000000.0,221000000.0,1784000000.0,13549910000.0,21728910000.0,49.51857835218094,0.5500435161009574,0.2371867140751019,0.5353647396580974,0.013166629552912309,49.51857835218094,0.01565966331723868,7.574013415315819,14.114489583333334,0.8841126190786898,0.5666666666666667,4.728506787330317,0.0100369670352054,0.051715665018934466,0.32114882506527415,0.006937819790130952,-31.1492183908046,0.4158747903856903,0.08333333333333341,-0.2343549578321306,-0.43705670458509266,1.0066856519939242,0.21172638436482086,0.07623318385650224,0.5138888888888888,0.004212941104899889,0.01766290159547588,0.005737920509414811,Utilities—Regulated Electric,Utilities,AGR
2019Q4,2019,Q4,2020-03-02,2019-12-31,223000000.0,1609000000.0,216000000.0,0.72,614000000.0,0.38160348042262277,34416000000.0,15237000000.0,2025000000.0,3587000000.0,18830000000.0,251000000.0,1681000000.0,15834019999.999998,23683020000.0,49.23101777059774,0.5645386116531921,0.2332345420734542,0.526809739450023,0.007805139186295503,49.23101777059774,0.01463542692130997,9.840907395898071,17.751143497757848,1.0391822537244864,0.6143497757847534,3.9641434262948207,0.008652256344251177,0.04675151092515109,0.3540563144689155,0.00647954439795444,-45.763063583815025,0.38160348042262277,0.5,0.2685710639641408,-0.3170108009929849,1.0465296679721865,-0.00967741935483871,0.4866666666666667,-0.09623430962343096,0.07726902584033761,0.07911581162147915,0.008447750938976501,Utilities—Regulated Electric,Utilities,AGR
2019Q3,2019,Q3,2019-10-31,2019-09-30,150000000.0,1487000000.0,239000000.0,0.48,620000000.0,0.4169468728984533,33547000000.0,15150000000.0,1880000000.0,2848000000.0,18029000000.0,249000000.0,1599000000.0,16171375000.0,23651375000.0,48.949919224555735,0.6601123595505618,0.22604107669836349,0.5005280528052806,0.008467944619983748,48.949919224555735,0.009900990099009901,10.875168123739073,26.952291666666667,1.067417491749175,0.9066666666666666,3.4819277108433737,0.008409921852656314,0.04432587116582705,0.38026685393258425,0.004471338718812412,-57.54937722419929,0.4169468728984533,0.3333333333333333,1.2036890036868333,-0.06779200712057552,1.0475524754596732,0.09154929577464789,0.36363636363636365,0.15458937198067632,0.37612518415319174,0.048643621171141405,0.007431982467248804,Utilities—Regulated Electric,Utilities,AGR
2019Q2,2019,Q2,2019-08-01,2019-06-30,110000000.0,1400000000.0,207000000.0,0.36,568000000.0,0.4057142857142857,33141000000.0,15135000000.0,1803000000.0,2812000000.0,17592000000.0,219000000.0,1594000000.0,15601894999.999998,22635895000.0,48.90145395799677,0.6411806543385491,0.2172535530008147,0.4757185332011893,0.0072362923282316945,48.90145395799677,0.00726792203501817,11.144210714285713,35.45885227272727,1.0308486950776345,1.2454545454545454,3.7990867579908674,0.0087809846175737,0.04224374641682508,0.422475106685633,0.0033191515041791136,-38.05340243902439,0.4057142857142857,-0.4857142857142857,1.1715926403090218,-0.23200380842296067,1.026920869496432,-0.21763085399449036,-0.4930875576036866,-0.39296187683284456,0.07852847667015107,-0.027014552602832788,0.0056047558941604535,Utilities—Regulated Electric,Utilities,AGR
2019Q1,2019,Q1,2019-05-02,2019-03-31,217000000.0,1842000000.0,341000000.0,0.7,726000000.0,0.3941368078175896,32608000000.0,15158000000.0,1998000000.0,3153000000.0,17152000000.0,194000000.0,1620000000.0,15509045000.0,22096045000.0,48.97576736672052,0.6336822074215034,0.20301766437684005,0.43673307824251223,0.01311006915465364,48.97576736672052,0.014315872806438845,8.419676981541802,17.8675633640553,1.0231590579232088,0.6221198156682027,5.752577319587629,0.00870459786531021,0.0564892051030422,0.4135743736124326,0.006654808635917566,-140.99131818181817,0.3941368078175896,0.8421052631578946,-0.28225892210765585,-0.40836016641504785,1.0070957943264685,0.22016806722689075,0.8235294117647058,0.36947791164658633,0.023711291111652943,0.10313020233523251,0.0032341743729680057,Utilities—Regulated Electric,Utilities,AGR
2018Q4,2018,Q4,2019-03-01,2018-12-31,119000000.0,1665000000.0,249000000.0,0.38,595000000.0,0.35735735735735735,32167000000.0,15104000000.0,1963000000.0,3004000000.0,16764000000.0,235000000.0,1528000000.0,15502855000.000002,21815855000.0,48.80129240710824,0.653462050599201,0.19737619299281872,0.4203522245762712,0.008521424816215843,48.80129240710824,0.007878707627118644,9.311024024024025,32.5690231092437,1.0264072431144067,1.1428571428571428,4.553191489361702,0.008772577696172736,0.05176112164640781,0.3941411451398136,0.0036994435290826004,-110.73467857142859,0.35735735735735735,-0.050000000000000044,-0.45988220882219977,-0.29801588034560095,1.0462122737671824,-0.05555555555555555,-0.048,-0.015810276679841896,-0.3310511692346917,-0.4697500002808761,0.0035119206396957035,Utilities—Regulated Electric,Utilities,AGR
2018Q3,2018,Q3,2018-11-02,2018-09-30,125000000.0,1546000000.0,253000000.0,0.4,630000000.0,0.407503234152652,31755000000.0,15128000000.0,1963000000.0,2911000000.0,16300000000.0,243000000.0,1536000000.0,14741485000.0,20828485000.0,48.878836833602584,0.6743387152181382,0.19269406392694063,0.40448175568482286,0.009789039867338903,48.878836833602584,0.008262823902696986,9.5352425614489,29.48297,0.9744503569539926,1.072,3.769547325102881,0.009089993308001195,0.04868524641788695,0.37615939539677085,0.003936387970398363,-167.516875,0.407503234152652,0.1764705882352941,2.993270435936786,-0.1952114192697676,1.2055816572626479,0.06779661016949153,0.16822429906542055,0.13963963963963963,0.4765598259152757,-0.1363016876184013,1.0117529003504997,Utilities—Regulated Electric,Utilities,AGR
2018Q2,2018,Q2,2018-08-02,2018-06-30,107000000.0,1402000000.0,222000000.0,0.34,590000000.0,0.42082738944365194,31376000000.0,15135000000.0,1700000000.0,2340000000.0,15908000000.0,210000000.0,1550000000.0,16381835000.0,22201835000.0,48.90145395799677,0.7264957264957265,0.1871494135645079,0.3879748926329699,0.008485179948706706,48.90145395799677,0.007069705979517674,11.684618402282453,38.275315420560744,1.0823809051866533,1.2429906542056075,3.8666666666666667,0.008118748601728683,0.0446838347781744,0.44487179487179485,0.0034102498725140235,481.81867647058823,0.42082738944365194,-0.569620253164557,-0.01739802359143814,-0.27635158051211667,1.1761454827539644,-0.22572178477690288,-0.5614754098360656,-0.4491315136476427,0.24250229949532434,-0.17316900013836628,0.9934032289615505,Utilities—Regulated Electric,Utilities,AGR
2018Q1,2018,Q1,2018-05-03,2018-03-31,244000000.0,1865000000.0,403000000.0,0.79,762000000.0,0.40857908847184987,31483000000.0,15171000000.0,1981000000.0,2716000000.0,16164000000.0,180000000.0,1579000000.0,15821640000.0,21817640000.0,49.017770597738284,0.729381443298969,0.19172251691389003,0.3978643464504647,0.014589522327533362,49.017770597738284,0.01608331685452508,8.48345308310992,16.210696721311475,1.0428870872058533,0.5491803278688525,6.127777777777778,0.008469412778953384,0.05923831909284376,0.4274668630338733,0.00775021440142299,79.90727272727273,0.40857908847184987,4.16,-0.2256164633411825,-0.44047164479447365,1.1715653469203617,0.32752613240418116,4.1688311688311686,1.948235294117647,-0.2215942071293328,-0.4131418412807143,0.9863909713167051,Utilities—Regulated Electric,Utilities,AGR
2017Q4,2017,Q4,2018-03-26,2017-12-31,-77000000.0,1533000000.0,-425000000.0,-0.25,574000000.0,0.3744292237442922,31671000000.0,15077000000.0,2260000000.0,3114000000.0,16575000000.0,214000000.0,1475000000.0,15654510000.0,21778510000.0,48.7140549273021,0.7257546563904945,0.1946575731741972,0.40890097499502553,-0.002991417442820278,48.7140549273021,-0.005107116800424488,10.211682974559688,-50.82633116883117,1.0383040392651057,-1.7402597402597402,4.481308411214953,0.008559833555952885,0.048403902623851476,0.35099550417469494,-0.002431246250513088,-57.765719557195574,0.3744292237442922,-1.7812500000000002,-1.4390159680936156,-0.4010732915805248,1.2195150539403052,0.08097928436911488,-1.7777777777777777,-3.248677248677249,-1.4380267799338067,-0.34927132251227216,1.0250395618571015,Utilities—Regulated Electric,Utilities,AGR
2017Q3,2017,Q3,2017-11-02,2017-09-30,99000000.0,1341000000.0,189000000.0,0.32,531000000.0,0.3959731543624161,31921000000.0,15202000000.0,2021000000.0,2934000000.0,16704000000.0,392000000.0,1605000000.0,14676490000.0,20414490000.0,49.11793214862682,0.6888207225630538,0.18060211146267346,0.37922641757663467,0.006828912967130166,49.11793214862682,0.006512301013024602,10.944436987322893,37.06184343434344,0.9654315221681358,1.3434343434343434,2.066326530612245,0.009062112262536887,0.04200996209391936,0.33640081799591004,0.003101406597537671,-61.6659243697479,0.3959731543624161,-0.1794871794871795,0.03005481465171829,-0.3202732333318554,1.2494318909101916,-0.06349206349206349,-0.175,-0.15246636771300448,0.4544347424333099,-0.1593201624402769,1.0545803783457397,Utilities—Regulated Electric,Utilities,AGR
2017Q2,2017,Q2,2017-08-01,2017-06-30,120000000.0,1331000000.0,223000000.0,0.39,567000000.0,0.4259954921111946,31485000000.0,15227000000.0,1932000000.0,2472000000.0,16244000000.0,374000000.0,1639000000.0,13664425000.0,19027425000.0,49.19870759289176,0.7815533980582524,0.17147848181673814,0.3545675444933342,0.007910924644008391,49.19870759289176,0.007880738162474551,10.266284748309541,28.46755208333333,0.8973812963814277,1.1166666666666667,2.0427807486631018,0.009806486551757575,0.04227409877719549,0.4186893203883495,0.003811338732729871,-227.74041666666668,0.4259954921111946,-0.4935064935064935,0.6394913648548544,-0.2295296183428922,1.240119793468966,-0.2358490566037736,-0.497907949790795,-0.4396984924623116,1.3690101530643874,-0.2698550492935433,1.039241762789704,Utilities—Regulated Electric,Utilities,AGR
2017Q1,2017,Q1,2017-05-05,2017-03-31,239000000.0,1758000000.0,398000000.0,0.77,742000000.0,0.42207053469852107,31396000000.0,15239000000.0,2098000000.0,2588000000.0,16144000000.0,348000000.0,1649000000.0,13228409915.86,18397409915.86,49.236065720878216,0.8106646058732612,0.16559434322843675,0.34116411838047117,0.013608694731577288,49.236065720878216,0.01568344379552464,7.5246927849033,13.837248865962342,0.8680628594960299,0.5606694560669456,2.9195402298850577,0.010129713310391352,0.05599439419034272,0.44976816074188564,0.007612434705057969,-157.48107042690478,0.42207053469852107,0.14925373134328354,-0.16859383664823685,-0.3718723688451158,1.2188527833945932,0.19292604501607716,0.15458937198067632,0.3006535947712418,-0.20951524867785085,-0.43535670140642224,1.017763186794014,Utilities—Regulated Electric,Utilities,AGR
2016Q4,2016,Q4,2017-03-10,2016-12-31,207000000.0,1491000000.0,306000000.0,0.67,622000000.0,0.41716968477531857,31309000000.0,15109000000.0,2252000000.0,2712000000.0,16187000000.0,378000000.0,1544000000.0,11723580748.640001,16652580748.640001,48.818610309516,0.8303834808259587,0.16033728320930085,0.33225229995367,0.01224437011625212,48.818610309516,0.01370044344430472,7.862897886411805,14.15891394763285,0.7759335990892846,0.6473429951690821,2.298941798941799,0.011429954966237148,0.047622089495033375,0.4564896755162242,0.006611517455044875,-35.96190413693252,0.41716968477531857,0.9142857142857145,0.5924770947445633,-0.34696120542578995,1.2610638373883278,0.12477396021699819,0.8990825688073395,0.41013824884792627,-0.06044499232877608,-0.371361409357917,1.046938404218135,Utilities—Regulated Electric,Utilities,AGR
2016Q3,2016,Q3,2016-11-04,2016-09-30,109000000.0,1418000000.0,217000000.0,0.35,553000000.0,0.3899858956276446,30609000000.0,15038000000.0,2153000000.0,2153000000.0,15558000000.0,347000000.0,1471000000.0,12930706990.98,17337706990.98,48.58880805498656,1.0,0.149923225195204,0.3051602606729618,0.007439046866026707,48.58880805498656,0.007248304295784014,9.118975310987306,29.657584841697247,0.859868798442612,1.2201834862385321,2.4927953890489913,0.010285593826600204,0.046326243915188345,0.5359962842545286,0.0035610441373452252,-239.45753686999998,0.3899858956276446,0.06060606060606049,0.46266846033581466,-0.2781292154323134,1.250413381605036,-0.1621212121212121,0.06862745098039216,-0.32608695652173914,2.4821864887771006,-0.26183174392630987,1.192494558721996,Utilities—Regulated Electric,Utilities,AGR
2016Q2,2016,Q2,2016-08-04,2016-06-30,102000000.0,1439000000.0,322000000.0,0.33,660000000.0,0.4586518415566366,30411000000.0,15052000000.0,2235000000.0,1922000000.0,15346000000.0,336000000.0,1496000000.0,14256853600.08,18538853600.08,48.62890083939065,1.1628511966701354,0.1538259182532636,0.31078926388519795,0.006075449221423525,48.62890083939065,0.006776508105235185,9.907472967394023,34.94326862764706,0.9471733723146427,0.0,2.318452380952381,0.0,0.04731840452467857,0.7075962539021852,0.0033540495215547005,126.16684601840709,0.4586518415566366,-0.5217391304347826,0.17739269405022998,-0.25052975718721554,1.2316953486676547,-0.04486251808972504,-0.5188679245283019,-0.07736389684813753,-0.06339833728738585,-0.257320741341714,1.1640166974140713,Utilities—Regulated Electric,Utilities,AGR
2016Q1,2016,Q1,2016-04-01,2016-03-31,212000000.0,1670000000.0,349000000.0,0.69,691000000.0,0.41377245508982036,30539000000.0,15111000000.0,2323000000.0,1821000000.0,15415000000.0,324000000.0,1527000000.0,12415577803.65,16700577803.65,48.81788182438152,1.2756727073036793,0.1535086283113396,0.3102375752762888,0.011825811430189865,48.81788182438152,0.014029514922903845,7.434477726736526,14.64101156090802,0.821625160720667,0.0,3.021604938271605,0.0,0.05468417433445758,0.785831960461285,0.006941943089164675,102.60808102190083,0.41377245508982036,0.2105263157894737,-0.33536951630116824,-0.5142146013829856,1.2246393156663196,-0.4072810928673013,0.19159364408446825,0.05491290167546768,-0.3272580256534662,-0.4990364651907832,1.1627099557394338,Utilities—Regulated Electric,Utilities,AGR
2015Q4,2015,Q4,2016-04-01,2015-12-31,177913000.0,3140416000.0,330833000.0,0.57,1165814000.0,0.37122916199637246,30743000000.0,15053000000.0,2474000000.0,2035000000.0,15677000000.0,405000000.0,1449000000.0,11886267456.0,16358267456.0,48.63050592961518,1.2157248157248157,0.15935334872979215,0.32545007639673157,0.017523654759209233,48.63050592961518,0.011819105826081179,3.7849340520491555,16.702359377898187,0.7896278121304724,0.0,4.875560493827161,0.0,0.10215060338938946,0.7272727272727273,0.00578710600787171,46.27725806212989,0.37122916199637246,1.1111111111111107,1.3397409500085211,0.5345522890134032,1.2828919404244978,9.08384942739508,10.381333162743092,7.439402056069998,0.014246818611214507,0.22677547827617023,1.215708385446285,Utilities—Regulated Electric,Utilities,AGR
2015Q3,2015,Q3,2015-09-30,2015-09-30,15632000.0,330524000.0,39201000.0,0.27,115612000.0,0.34978397937819944,5172366000.0,1388553000.0,562667000.0,434804000.0,3783813000.0,62177000.0,212590000.0,2064257999.9999998,3802377000.0,24.296640419947508,1.2940704317347587,0.35222468788944944,1.3120385033916602,0.008504979268728346,24.296640419947508,0.011257762577301695,6.245410318161464,33.01333802456499,1.4866252854590352,1.5649948822927329,3.456454959229297,0.011851231774322785,0.06390189712019606,0.847595698291644,0.003022214591929496,-42.92310571404807,0.34978397937819944,-0.03571428571428574,-0.45903457869598,-0.21241511913606484,0.0,0.012373138118547448,-0.013504985485295974,-0.08605334328079828,-0.11918620695392464,-0.0926956086333549,0.11270233521293416,Utilities—Regulated Electric,Utilities,AGR
2015Q2,2015,Q2,2015-06-30,2015-06-30,15846000.0,312007000.0,42892000.0,0.28,114199000.0,0.36601422403984524,5201162000.0,1397077000.0,666105000.0,448278000.0,3804085000.0,47328000.0,221428000.0,2057033999.9999998,3723416000.0,24.531641791044777,1.4859194517687684,0.35482744048349196,1.3209830238419213,0.0077932022262860385,24.531641791044777,0.011342252431326262,6.592909774460187,32.453521393411584,1.4723841277180856,1.5433547898523288,4.179513184584178,0.011888962457596715,0.05998794115622624,1.0657203788720393,0.0030466268883760977,32.37486228713525,0.36601422403984524,-0.7227722772277227,-0.1730990607025752,-0.20398281378576585,0.27638101106527296,-0.40327106466361856,-0.724938811644014,-0.5713971660970881,0.17656104211854867,-0.0184573949307846,0.11697682786995864,Utilities—Regulated Electric,Utilities,AGR
2015Q1,2015,Q1,2015-03-31,2015-03-31,57609000.0,584053000.0,100074000.0,1.01,191375000.0,0.3276671808894056,5128348000.0,1403641000.0,647714000.0,444650000.0,3724707000.0,31437000.0,230050000.0,2054541719.9999998,3761116720.0,24.676798931101775,1.4566827842123018,0.34839581869249125,1.2729002643838416,0.021689881796302796,24.676798931101775,0.04104254577915578,3.5177316442172195,8.915888663229703,1.4637230744898444,0.42403096738356855,12.490950154276808,0.011889756125273524,0.11388716210366379,1.0942449117283257,0.011233442036304869,306.4193467561521,0.3276671808894056,0.8035714285714284,0.893665952954808,0.3990053539534128,0.2795866729771209,0.2907631605571106,0.7831739251555391,0.37909460483704266,0.09046461815808281,0.13550013456016907,0.11207471985979092,Utilities—Regulated Electric,Utilities,AGR
2014Q4,2014,Q4,2014-12-31,2014-12-31,32307000.0,432961000.0,72565000.0,0.56,148265000.0,0.34244423862657375,5111935000.0,1368321000.0,670096000.0,495558000.0,3743614000.0,86428000.0,196907000.0,2054541719.9999998,3745837720.0,24.055853448427417,1.352204989123372,0.35346204519423663,1.3205052030919646,0.013524347841281299,24.055853448427417,0.023610687842984212,4.7453274544358495,15.898580183861082,1.5015056554711943,0.7561209644968583,3.2940250844633683,0.011889756125273524,0.08469610822516327,0.9272234531578544,0.0063199160396210045,-55.003392498594486,0.34244423862657375,1.5454545454545459,1.5194562629658923,0.11187310318394776,0.25743383483052606,0.4367181216508232,1.5837332053742803,1.1247657531037714,0.35232963864688954,0.03179448496669853,0.11416158642988201,Utilities—Regulated Electric,Utilities,AGR
2014Q3,2014,Q3,2014-09-30,2014-09-30,12504000.0,293026000.0,34152000.0,0.22,103197000.0,0.3521769399302451,4857741000.0,1359207000.0,587784000.0,357894000.0,3498534000.0,91306000.0,189102000.0,2053602599.9999998,3681313600.0,23.90655175446311,1.642341028349176,0.35623801268943733,1.2731776690379022,0.007902350961626664,23.90655175446311,0.009199481756641925,7.008260700415662,41.05891314779271,1.5108828898026567,1.9535348688419705,2.0790419030512783,0.011894706405221733,0.0603214539433041,1.0736251515811945,0.002574035956219156,-73.7750610719931,0.3521769399302451,0.375,-0.6976750278331141,-0.39648278575170126,0.23277703152678927,-0.005751777559396497,0.3440825540148339,-0.058447287163652405,-0.08661571529957596,-0.18796534750949803,0.10724313128639919,Utilities—Regulated Electric,Utilities,AGR
2014Q2,2014,Q2,2014-06-30,2014-06-30,9303000.0,334794000.0,36272000.0,0.16,103794000.0,0.31002347712324596,5098025000.0,1371369000.0,891585000.0,604170000.0,3726656000.0,58395000.0,201031000.0,2053133039.9999998,3610626040.0,24.12598078885331,1.4757187546551467,0.3399563556475302,1.2637780203577593,0.008333527302253348,24.12598078885331,0.006783732168366063,6.132526389361816,55.17395033860045,1.497141207071182,2.6262495969042243,3.9558181351143076,0.011899862076156547,0.06567131389116374,0.7863300064551368,0.0018248243192216594,32.321605742892224,0.31002347712324596,-0.8350515463917525,-0.6790783993741282,-0.20634065535439872,0.1422703022513898,-0.45175074873626,-0.8322726043450824,-0.6526136341869864,-0.4152441276574517,-0.0504853441829722,0.10719835692679001,Utilities—Regulated Electric,Utilities,AGR
2014Q1,2014,Q1,2014-03-31,2014-03-31,55465000.0,571162000.0,104414000.0,0.97,189319000.0,0.33146287743232217,5130244000.0,1385482000.0,938991000.0,615473000.0,3744762000.0,32831000.0,216102000.0,2050857479.9999998,3647876480.0,24.401310343612955,1.525641254774783,0.3380718344000792,1.2518322143485083,0.022633282592620346,24.401310343612955,0.04003299934607595,3.5906756401861464,9.243926259803478,1.480248375655548,0.4402956819615974,11.630562578051233,0.011907702138327038,0.11133232649363266,0.8716320618451175,0.010811376612886248,22.36583362414936,0.33146287743232217,0.36619718309859156,1.0432727339515733,0.07586490887711955,0.28866595156008806,0.291266241516898,0.37225067418788194,0.33245705826803806,-0.05204014158216132,-0.09423856432928582,0.11197193150369426,Utilities—Regulated Electric,Utilities,AGR
2013Q4,2013,Q4,2013-12-31,2013-12-31,40419000.0,435125000.0,78362000.0,0.71,146615000.0,0.3369491525423729,5144220000.0,1354155000.0,888004000.0,612823000.0,3790065000.0,79917000.0,185058000.0,2050857479.9999998,3717380480.0,23.84957466669015,1.4490383030663014,0.3374031437224691,1.2817410119225643,0.015837904173646448,23.84957466669015,0.02984813407623204,4.713260511347314,12.68498404215839,1.51449241778083,0.541997575397709,3.6101205000187693,0.010681873418137276,0.08458522380458068,0.6783345272615421,0.007857167850519613,-86.51946844414444,0.3369491525423729,6.1,1.0487275176698598,-0.11959528386515796,0.26580208290841256,0.18859037551073352,6.837696335078534,2.458316783617988,1.8978252491717642,0.15913783237566279,0.11958534562525487,Utilities—Regulated Electric,Utilities,AGR
2013Q3,2013,Q3,2013-09-30,2013-09-30,5157000.0,316478000.0,22659000.0,0.1,123352000.0,0.38976484937341616,4865778000.0,1129989000.0,533626000.0,565462000.0,3735789000.0,88791000.0,169043000.0,1841722679.9999998,3673571680.0,22.16142697444547,0.9436991345130177,0.38031841978816133,1.6376663843630337,0.004196212195527001,22.16142697444547,0.0045637612401536656,5.819433515125853,89.28265852239673,1.629858945529558,4.2480124103160755,2.1750627878951696,0.011894841844484427,0.06504160280226512,0.4749461502276015,0.0010598510659549202,-39.649573304628625,0.38976484937341616,-0.7142857142857143,-0.8819695253223216,-0.4402650032005806,0.17225751986675822,0.05443479450181221,-0.7124456339913015,-0.47591072048109173,-0.7999715218086741,-0.15476468137479654,0.0,Utilities—Regulated Electric,Utilities,AGR
2013Q2,2013,Q2,2013-06-30,2013-06-30,17934000.0,319074000.0,43235000.0,0.35,116984000.0,0.3666359527883814,4875048000.0,1145422000.0,545879000.0,531331000.0,3729626000.0,62179000.0,185813000.0,1841108639.9999998,3605778640.0,22.47159224672369,1.0273802958984135,0.36702079651318303,1.5620827956857821,0.009282025561675674,22.47159224672369,0.01565711152745451,5.770161906015532,25.665058548009366,1.6073627361793295,1.2211999553919928,3.2501326814519373,0.011895550063792,0.06545043248804935,0.5443028921707938,0.0036787330093980613,56.35816823803109,0.3666359527883814,-0.6534653465346535,-0.21606214216133446,-0.2726502639790601,0.2182139742898912,-0.35795747670219424,-0.6538305634373733,-0.5507258424864652,0.04561800525495208,-0.09048141575388349,0.16919665941764042,Utilities—Regulated Electric,Utilities,AGR
2013Q1,2013,Q1,2013-03-31,2013-03-31,51807000.0,548039000.0,96233000.0,1.01,182206000.0,0.3324690396121444,4963091000.0,1148672000.0,628088000.0,581631000.0,3814419000.0,33660000.0,189803000.0,1838074559.9999998,3617190560.0,22.57255148561547,1.0798736656058567,0.3626697556019021,1.5669947556830846,0.02059586496678742,22.57255148561547,0.04510164781591264,3.353911966119199,8.869817592217267,1.6001735569422775,0.42247186673615533,10.8684789067142,0.01190756919022915,0.11042291991019307,0.660181455252557,0.01043845458404853,31.957621531399955,0.3324690396121444,0.8035714285714284,2.87162359930775,0.1498240235616755,0.22546632000751513,2.53212135481484,0.7964838060891879,0.4257585634704279,0.903501918315467,0.4673388728582766,0.17047337204177115,Utilities—Regulated Electric,Utilities,AGR
2012Q4,2012,Q4,2012-12-31,2012-12-31,28838000.0,420846000.0,67496000.0,0.56,-118924000.0,-0.28258317769445357,4960098000.0,1116893000.0,626709000.0,625056000.0,3843205000.0,95477000.0,159900000.0,1838074559.9999998,3655867560.0,21.948062411570508,1.002644563047151,0.3700834136744879,1.6435325496712756,0.011765196335609686,21.948062411570508,0.0258198412918695,4.367570465205799,15.934483667383311,1.645703357438895,0.758998543588321,5.653403437477088,0.011908113237800323,0.08484630747215076,0.5348288793324119,0.005813998029877636,158.2500697374085,-0.28258317769445357,0.806451612903226,0.6593479810258875,-0.07026446045563496,0.1841689014213956,-1.588415162115492,0.8280824088748019,0.7250932883504575,1.5137794391471493,0.2080404894254996,0.14725658536488065,Utilities—Regulated Electric,Utilities,AGR
2012Q3,2012,Q3,2012-09-30,2012-09-30,15775000.0,323809000.0,39126000.0,0.31,202109000.0,0.6241611567312829,4730444000.0,1109232000.0,604698000.0,515681000.0,3621212000.0,103410000.0,152947000.0,1834859879.9999998,3626494880.0,21.83570542727219,1.172620282694146,0.38195907191798484,1.6289072078699496,0.00714814543342172,21.83570542727219,0.014221551487876296,5.666488207554453,29.078603486529317,1.6541714267168632,1.3874484944532488,1.176868774780002,0.01192843128708008,0.0684521368395863,0.665234902972962,0.003334782105020163,-70.21505740088779,0.6241611567312829,0.3478260869565217,-0.6300115906964523,-0.404817726092157,0.1767252438361844,0.052853935393799845,0.3132700632700633,0.07173966636535459,-0.5731179188037896,-0.2535754386637809,0.1259907490799293,Utilities—Regulated Electric,Utilities,AGR
2012Q2,2012,Q2,2012-06-30,2012-06-30,12012000.0,283508000.0,36507000.0,0.23,191963000.0,0.6770990589330812,4644217000.0,1115543000.0,558346000.0,427649000.0,3528674000.0,81491000.0,159063000.0,1834643159.9999998,3576304160.0,21.962534207469535,1.3056174573072776,0.3776419146650555,1.572194886257186,0.005838989108108528,21.962534207469535,0.010767850275605692,6.471221835009946,38.18354895104895,1.6446189523846233,1.8214285714285714,1.1233755874881888,0.011925479830094045,0.06104538181570758,0.6811380360996986,0.002586442450901842,49.37145209903121,0.6770990589330812,-0.75,-0.3963280892563598,-0.35622269329037953,0.2119152663212574,-0.23467967961981764,-0.7448381340810604,-0.5825910977464241,-0.536279027436249,-0.2478797668670443,0.03983961551372376,Utilities—Regulated Electric,Utilities,AGR
2012Q1,2012,Q1,2012-03-31,2012-03-31,47076000.0,458338000.0,87461000.0,0.92,250827000.0,0.5472533370569318,4664886000.0,1124716000.0,593608000.0,558738000.0,3540170000.0,76048000.0,168963000.0,1830778319.9999998,3593384320.0,22.189874916150416,1.0624084991534495,0.3804204432862882,1.577836538290555,0.01756734710529182,22.189874916150416,0.0418558996226603,3.9943847553552176,9.722461126688758,1.6277694280156056,0.4638456963208429,2.7286845150431307,0.011927167675876782,0.09825277616644866,0.6302274053313002,0.010091564938564414,80.77557114493712,0.5472533370569318,1.1904761904761905,3.319611553828007,-0.17960456501981645,0.21875076434897822,0.10183883607738399,1.2113866967305524,0.9396983810157463,0.9427038313855577,-0.032871854606149484,0.1718770783678482,Utilities—Regulated Electric,Utilities,AGR
2011Q4,2011,Q4,2011-12-31,2011-12-31,21288000.0,373918000.0,45090000.0,0.42,227644000.0,0.6088072786011907,4744609000.0,1094361000.0,667228000.0,641868000.0,3650248000.0,119886000.0,143792000.0,1830778319.9999998,3596838320.0,21.590991595312314,1.039509681118236,0.3787580810136304,1.6421080429584023,0.009676071125372396,21.590991595312314,0.019452447592704782,4.896202696847971,21.500121195039455,1.6729199231332257,1.0256952273581361,1.2201091036484661,0.011926621460101188,0.07880902304067627,0.5711470271146092,0.00448677646566872,-28.67805448080327,0.6088072786011907,0.75,1.2480649917044493,-0.005510810132565687,0.16772424533193883,0.1700512440956214,0.7457766114482532,0.31638104691559865,0.20874090116147595,-0.15249080982009483,0.14592912097401406,Utilities—Regulated Electric,Utilities,AGR
2011Q3,2011,Q3,2011-09-30,2011-09-30,12194000.0,321427000.0,34253000.0,0.24,194559000.0,0.6052976258995044,4582306000.0,1093436000.0,564481000.0,508691000.0,3488870000.0,116128000.0,144352000.0,1829225159.9999998,3506205160.0,21.591058981497937,1.1096736525710107,0.37170804394119467,1.5577317739675665,0.005803914992901343,21.591058981497937,0.011152001580339407,5.690950542424873,37.50256601607348,1.6729147019121373,1.7905527308512383,1.0924841554147149,0.011936201446081138,0.07014525001167535,0.5698056383934451,0.0026611055656256917,-30.580867326467832,0.6052976258995044,-0.14285714285714296,-0.5009440565678874,-0.40563867057956826,0.05820918780381807,-0.005291573361146047,-0.13944954128440368,-0.1484437151949085,-0.7190039059896071,-0.4276280252867083,0.1420871626241924,Utilities—Regulated Electric,Utilities,AGR
2011Q2,2011,Q2,2011-06-30,2011-06-30,14170000.0,314049000.0,40224000.0,0.28,195594000.0,0.6228136373623224,4487033000.0,1103190000.0,523096000.0,481957000.0,3383843000.0,80155000.0,154006000.0,1828683359.9999998,3415307360.0,21.790116141265703,1.0853582373531248,0.3588738928374273,1.4596569947153255,0.007683639046562827,21.790116141265703,0.012844568931915627,5.822923683883724,32.26329146083274,1.6576322845566038,1.539590684544813,1.4778242155823094,0.01192989474131815,0.069990347742038,0.6211529244310177,0.0031579888090860933,93.85564360500922,0.6228136373623224,-0.7254901960784313,1.2731298227594745,-0.24330465972694618,0.07683263821420148,-0.2630912687199774,-0.7278036036728265,-0.5970144767820468,-0.3763869057236268,-0.27924081320961935,0.1812702764113124,Utilities—Regulated Electric,Utilities,AGR
2011Q1,2011,Q1,2011-03-31,2011-03-31,52058000.0,561053000.0,99815000.0,1.02,265425000.0,0.473083648068899,4434902000.0,1108576000.0,574289000.0,494052000.0,3326326000.0,54555000.0,161685000.0,1824710159.9999998,3429658160.0,21.944178312680627,1.1624059815565972,0.3695470610173573,1.4783875891233438,0.022422249720225197,21.944178312680627,0.046959342435701296,3.2522955228828643,8.762871028468247,1.6459946453829057,0.418552383879519,5.418898359453762,0.011941074521117371,0.12650854517191135,0.7414320759758082,0.011738252615277632,-1744.4647801147225,0.473083648068899,3.2500000000000004,1.3980077448758206,-0.45695425067276957,-0.356786531292403,0.4200836775311918,3.194842868654311,2.105341754036649,2.9188748755995517,0.18574973412516702,0.19135187085812994,Utilities—Regulated Electric,Utilities,AGR
2010Q4,2010,Q4,2010-12-31,2010-12-31,12410000.0,333993000.0,32143000.0,0.24,186908000.0,0.5596165189090789,4455433000.0,1076142000.0,697421000.0,552934000.0,3379291000.0,114835000.0,131456000.0,1824710159.9999998,3407311160.0,21.302149728809532,1.2613096680616493,0.3754701282681167,1.5545178981955914,0.008982103464058517,21.302149728809532,0.011531935376558113,5.4633185725449325,36.75886704270749,1.6956035170079784,1.0469782433521353,1.2808377236905124,0.0071205829204129606,0.07496308439606207,0.7528529625597269,0.0027853633979009447,-93.45027962716377,0.5596165189090789,-0.52,-0.42311585999615187,-0.6617583888140244,-0.4290902767060456,0.26952257398439144,-0.23719958202716823,-0.07536748842159767,-0.2806945526519425,-0.25673646355303215,0.14931982465022745,Utilities—Regulated Electric,Utilities,AGR
2010Q3,2010,Q3,2010-09-30,2010-09-30,16269000.0,236277000.0,34763000.0,0.5,147227000.0,0.623111855999526,0.0,0.0,0.0,0.0,0.0,0.0,0.0,1162197120.0,1162197120.0,0.0,0.0,0.0,0.0,0.0,0.0,0.0,4.918790741375589,17.859074313110824,0.0,0.797651976150962,0.0,0.011165919943081602,0.0,0.0,0.0,50.43382746051033,0.623111855999526,0.515151515151515,-0.6007500120193047,-0.7103572670711422,-1.0,0.06524129947181825,0.6066561327276319,0.3625602633951319,-0.39757536924232967,-0.31434502629378824,-1.0,Utilities—Regulated Electric,Utilities,AGR
2010Q2,2010,Q2,2010-06-30,2010-06-30,10126000.0,207116000.0,25513000.0,0.33,138210000.0,0.6673072094864714,2195155000.0,578378000.0,231353000.0,271122000.0,1616777000.0,5310000.0,137559000.0,1086959160.0,1834791160.0,19.219685641179012,0.8533169569418934,0.34879951529618636,1.3238210996960464,0.010488272939449752,19.219685641179012,0.017507581547015965,5.24806948763012,26.83584732372111,1.87932314161327,1.2775034564487457,12.976647834274953,0.01190109111367165,0.0943514239313397,0.6235753645960121,0.004612886105992515,666.4372532188842,0.6673072094864714,-0.37735849056603776,0.45545290694411483,-0.6427262062901465,-0.48122841458823273,0.06762143121987393,-0.36917518066284577,-0.22405717761557178,-0.14106174192316015,-0.20617938198366903,0.06056205638229146,Utilities—Regulated Electric,Utilities,AGR
2010Q1,2010,Q1,2010-03-31,2010-03-31,16052000.0,220280000.0,32880000.0,0.53,129456000.0,0.5876883965861631,2163409000.0,578800000.0,226030000.0,242896000.0,1584609000.0,4773000.0,140424000.0,1084069560.0,1818825560.0,19.28497651017892,0.930562874645939,0.344904269141896,1.2891655148583276,0.01508973616150821,19.28497651017892,0.027733241188666206,4.921325404031233,16.883714801893845,1.8729605390463027,0.8055071019187641,19.028703121726377,0.011927278910035996,0.10182078377227792,0.6520280284566234,0.0074197712961349424,-1869.085448275862,0.5876883965861631,1.4090909090909094,1.4029462903951864,-0.617848177328562,-0.48415901393369093,-0.5477851406534368,1.3724504877327817,0.5883290662286846,1.4874416505648147,-0.33412754698895314,0.059202900018426166,Utilities—Regulated Electric,Utilities,AGR
2009Q4,2009,Q4,2009-12-31,2009-12-31,6766000.0,205464000.0,20701000.0,0.22,286271000.0,1.3932903087645525,2221760000.0,574176000.0,233392000.0,240032000.0,1647584000.0,4553000.0,137309000.0,1084069560.0,1800605560.0,19.13090993902642,0.9723370217304359,0.32938076119832926,1.2745308058853035,0.012520584482397039,19.13090993902642,0.011783843281502535,5.276201962387572,40.05577741649423,1.8880440143788664,1.9110257168193912,-17.74807819020426,0.011927278910035996,0.09247803543136973,0.6416061191841088,0.0030453334293533054,56.160677614878516,1.3932903087645525,-0.6986301369863014,-0.31081510266293255,-0.6291248843063582,-0.4940607135967189,2.3221654868283625,-0.6887764489420423,-0.5090245001541636,1.1331500155504637,-0.07713527872392488,0.034673524485699825,Utilities—Regulated Electric,Utilities,AGR
2009Q3,2009,Q3,2009-09-30,2009-09-30,21740000.0,255212000.0,42163000.0,0.73,86170000.0,0.3376408632822908,2160342000.0,579543000.0,290373000.0,267564000.0,1580799000.0,4665000.0,143472000.0,1079446200.0,1783284200.0,19.392437677764764,1.0852468942010136,0.3301810546663445,1.230804271641621,0.0200203237016562,19.392437677764764,0.03751231573843528,4.229605974640691,12.413134774609015,1.8625817238755362,0.5944802207911684,36.23622722400857,0.011972806055549595,0.11813499899552941,0.7871387780119896,0.010063221471415175,77.08678140398486,0.3376408632822908,0.4313725490196078,-0.35898434049224204,-0.6199309928675842,-0.491760576502732,0.2916716632689771,0.5789091437286659,0.36057956048920586,0.5077479463575824,-0.2002846245390695,-0.04954843844811292,Utilities—Regulated Electric,Utilities,AGR
2009Q2,2009,Q2,2009-06-30,2009-06-30,13769000.0,200365000.0,30989000.0,0.51,66712000.0,0.3329523619394605,2125528000.0,570248000.0,267942000.0,255958000.0,1555280000.0,4882000.0,134662000.0,975203879.9999999,1666215880.0,21.12107855846513,1.0468201814360167,0.3308843732004471,1.233330059903761,0.014622128487908722,21.12107855846513,0.02414563488166552,4.867136875202754,17.706512455516012,1.7101399391142098,0.7931585445566127,27.37668988119623,0.011198683910076323,0.09426598943885943,0.7259042499160019,0.006477919839211716,65.41480279044808,0.3329523619394605,0.08510638297872349,-0.8753157718906722,-0.5913052636780959,-0.43874384983760534,-0.004981654386540584,0.14341471516359408,0.0848590932959916,3.1419026013309135,-0.09470817621563858,0.043769872477618946,Utilities—Regulated Electric,Utilities,AGR
2009Q1,2009,Q1,2009-03-31,2009-03-31,12042000.0,235509000.0,28565000.0,0.47,67046000.0,0.2846855109571184,2119618000.0,476943000.0,282897000.0,370990000.0,1642675000.0,4228000.0,133817000.0,909790559.9999999,1674223560.0,18.93532634587899,0.7625461602738618,0.372697816304636,1.6563341950715285,0.013192721958974179,18.93532634587899,0.025248300111334058,3.8630819204361613,18.887862481315395,1.9075456815594314,0.9054143829928584,39.84460737937559,0.011984076862701235,0.11110917155827135,0.5603547265424944,0.005681212369398637,2852.0080250783694,0.2846855109571184,0.3823529411764704,-0.03947503282672404,-0.46263663138209105,-0.4439354547801243,-0.15692980911903026,0.3759140767824497,0.10528555951091162,1.184652474049325,-0.5428144430708538,-0.4449800413349188,Utilities—Regulated Electric,Utilities,AGR
2008Q4,2008,Q4,2008-12-31,2008-12-31,8752000.0,219249000.0,25844000.0,0.34,79526000.0,0.3627200124059859,2083186000.0,474579000.0,257245000.0,372138000.0,1608607000.0,3871000.0,132696000.0,909790559.9999999,1654377560.0,18.841472129585515,0.6912623811596773,0.3611376996581198,1.5852302777830456,0.013941608882790477,18.841472129585515,0.01844160824646687,4.149576782562292,25.988075868372942,1.9170476569759725,1.2444012797074955,36.09480754327047,0.011970887013819972,0.10524696306522797,0.5031735538966727,0.0042012571129030245,-36.17745188484173,0.3627200124059859,-0.6,2.5401793847312124,-0.1441062485767576,-0.4518937627033724,-0.494578826280935,-0.5936484353236141,-0.4112581725402647,-0.18402549273549793,-0.5546722537668523,-0.49503783529393297,Utilities—Regulated Electric,Utilities,AGR
2008Q3,2008,Q3,2008-09-30,2008-09-30,21538000.0,278717000.0,43897000.0,0.85,157346000.0,0.5645367882116986,1922865000.0,475175000.0,253410000.0,395969000.0,1447690000.0,4585000.0,134848000.0,907876199.9999999,1586585200.0,18.904913467276707,0.6399743414257176,0.3668052619398658,1.4843310359341295,0.021348164863805266,18.904913467276707,0.04532645867312043,3.2573405999634035,10.538074565883555,1.9106144052191296,0.505292970563655,26.471319520174482,0.011987317213514355,0.14494881335923218,0.44059257164070925,0.011200994349577324,-174.39035728006144,0.5645367882116986,0.9318181818181818,-0.2774563631386091,-0.4573431647721172,-0.43608460634908736,0.26751895083657573,0.9109218347972673,0.7067262830482115,-0.3233834928498616,-0.5626211170384839,-0.4974354212024171,Utilities—Regulated Electric,Utilities,AGR
2008Q2,2008,Q2,2008-06-30,2008-06-30,11271000.0,216130000.0,25720000.0,0.44,124137000.0,0.5743626521075279,1872953000.0,463243000.0,228638000.0,349451000.0,1409710000.0,4620000.0,124201000.0,907081559.9999999,1554699560.0,18.44634253175646,0.6542777098935187,0.36163053744541374,1.462120312665275,0.012942903424218472,18.44634253175646,0.0243306428807343,4.196925739138481,20.119811019430397,1.9581117469664948,0.9630911188004614,19.91190476190476,0.011966950358907089,0.11539531424440443,0.46514103550998565,0.006017769799882859,-48.60841112480574,0.5743626521075279,0.6923076923076923,0.49075081815962585,-0.530998828807477,-0.4417186069286721,0.06011204290423406,0.7110976165173827,0.3779063537983499,0.9412862257949827,-0.5532449673785679,-0.5021022435588189,Utilities—Regulated Electric,Utilities,AGR
2008Q1,2008,Q1,2008-03-31,2008-03-31,6587000.0,234624000.0,18666000.0,0.26,117098000.0,0.4990879023458811,1820116000.0,461410000.0,226205000.0,313780000.0,1358706000.0,4195000.0,123812000.0,904805999.9999999,1524003000.0,18.419560878243512,0.7209031805723756,0.3496024429212204,1.3790706746711168,0.009162699893227943,18.419560878243512,0.014275806766216597,3.8564085515548276,34.34059511158342,1.9609588001993887,1.6447548201001974,28.015733015494636,0.01197383748560465,0.12890606972302865,0.48882337943782267,0.003619000107685444,-37.06702171241294,0.4990879023458811,-0.23529411764705885,-0.2869879458705074,-0.4926947979403917,-0.4492695122182061,-0.02383354035195945,-0.23004091174751606,0.22143698468786807,0.18141982453927336,-0.5123199609254242,-0.5073074399999158,Utilities—Regulated Electric,Utilities,AGR
2007Q4,2007,Q4,2007-12-31,2007-12-31,8555000.0,222821000.0,15282000.0,0.34,119957000.0,0.5383559000273762,1775834000.0,464291000.0,247904000.0,290957000.0,1311543000.0,3250000.0,128081000.0,904805999.9999999,1490050000.0,18.534570858283434,0.8520296813618508,0.33708274534669347,1.2892840912272692,0.010246035925736544,18.534570858283434,0.018425944073867467,4.060685482966147,26.440853302162477,1.9487907368439188,1.2658094681472822,31.65046153846154,0.01196831143913723,0.12547400263763392,0.5299064810264059,0.00481745478462514,-17.125773664187154,0.5383559000273762,-0.5903614457831324,0.4213117920381911,-0.5248586217572897,-0.45132364479585624,-0.15488720745093065,-0.5924832086886105,-0.6339816056715846,0.04405998290097713,-0.5181079594979743,-0.5098315979888938,Utilities—Regulated Electric,Utilities,AGR
2007Q3,2007,Q3,2007-09-30,2007-09-30,20993000.0,267875000.0,41752000.0,0.83,141942000.0,0.5298814745683621,1784370000.0,464131000.0,306122000.0,260393000.0,1320239000.0,3573000.0,130359000.0,903433439.9999999,1433170440.0,18.556332960179112,1.1756153199202743,0.32650347181358125,1.2552555205319187,0.023671066699446578,18.556332960179112,0.045230764590169587,3.3725933364442366,10.758746248749581,1.94650527545025,0.5155051683894631,35.24573187797369,0.011978746325794628,0.15012301260388822,0.8082475335358478,0.011764936644305833,-37.421648579239495,0.5298814745683621,1.128205128205128,-0.4509625887209302,-0.5241848915961816,-0.48623205458400687,0.349733271207554,1.143674052894925,1.2703643284393693,-0.26041440237244434,-0.5233513255298455,-0.5136733131431758,Utilities—Regulated Electric,Utilities,AGR
2007Q2,2007,Q2,2007-06-30,2007-06-30,9793000.0,216736000.0,18390000.0,0.39,105163000.0,0.4852124243319061,1659432000.0,453018000.0,275771000.0,270979000.0,1206414000.0,2861000.0,120195000.0,902927759.9999999,1399344760.0,18.122169773581888,1.0176840271755376,0.31854453813111955,1.1668476749268242,0.010914066255785337,18.122169773581888,0.02161724258197246,4.166025764063192,23.050335954253036,1.993138815676198,0.0,38.99790283117791,0.0,0.13060854557463036,0.6659261418781529,0.005901416870350819,-105.87802063789867,0.4852124243319061,0.8571428571428573,-0.38909935989627525,-0.5653161077739889,-0.48733744890079683,0.0681868969019807,0.8284167289021658,0.4514601420678769,-0.9042216633021845,-0.5225249831596016,-0.5184346665083837,Utilities—Regulated Electric,Utilities,AGR
2007Q1,2007,Q1,2007-03-31,2007-03-31,5356000.0,274567000.0,12670000.0,0.21,98450000.0,0.35856457622365395,1649528000.0,453538000.0,297942000.0,264072000.0,1195990000.0,2477000.0,121224000.0,899749199.9999999,1379093200.0,18.207065435568044,1.1282604744160682,0.31560725249889665,1.147870740709709,0.007164381047954816,18.207065435568044,0.011809374297192298,3.276975018847858,41.99725541448842,1.9838452345779185,0.0,71.10092854259184,0.0,0.16645185774354845,0.7347238631888273,0.0032469894418282077,-15.491549586776857,0.35856457622365395,1.125626637632955,-0.6817144919536646,-0.3956229839114932,-0.48729365874955743,0.03253345639132441,1.1269946650859515,3.313925774599932,-0.5680131163147387,-0.3665259264800961,-0.4653219397287507,Utilities—Regulated Electric,Utilities,AGR
