Quarters,Year,Quarter,FillingDate,Date,NetIncome,Revenue,OperatingIncome,EPSDiluted,GrossProfit,GrossProfitRatio,TotalAssets,CommonStockEquity,CurrentAssets,CurrentLiability,TotalLiability,Inventory,RetainedEarnings,MarketCap,EnterpriseValue,bookValuePerShare,currentRatio,debtToAssets,debtToEquity,roic,shareholdersEquityPerShare,roe,priceToSalesRatio,peRatio,pbRatio,payoutRatio,inventoryTurnover,dividendYield,assetTurnover,quickRatio,returnOnAssets,priceToFreeCashFlowsRatio,grossProfitMargin,epsdilutedGrowth,fiveYNetIncomeGrowthPerShare,fiveYRevenueGrowthPerShare,fiveYShareholdersEquityGrowthPerShare,grossProfitGrowth,netIncomeGrowth,operatingIncomeGrowth,threeYNetIncomeGrowthPerShare,threeYRevenueGrowthPerShare,threeYShareholdersEquityGrowthPerShare,Industry,Sector,Symbol
2024Q1,2024,Q1,2023-06-13,2023-04-29,-3048000.0,32932000.0,-1256000.0,-0.61,7453000.0,0.2263148306,41317000.0,-3190000.0,32554000.0,21743000.0,44507000.0,27703000.0,-142090000.0,3116530.5,23914530.5,-0.6424974823766365,1.497217495285839,0.5158167340319965,-6.680877742946708,-0.09025592277616518,-0.6424974823766365,0.9554858934169279,0.09463532430462772,-0.25562093996062996,-0.9769688087774294,0.0,0.9197198859329314,0.0,0.7970569015175352,0.15605022306029526,-0.07377108696178329,-3.6029254335260115,0.2263148305599417,0.5734265734265734,0.8634724698024258,-0.8755971068308256,-1.0077375659754741,0.7598583234946872,0.38966760112134563,0.7758743754461099,0.7933235199112992,-0.6178495599176189,-3.5870473847908815,Software—Application,Technology,KSPN
2023Q4,2023,Q4,2023-04-28,2023-01-28,-4994000.0,33385000.0,-5604000.0,-1.43,4235000.0,0.1268533773,40739000.0,-1101000.0,31960000.0,19427000.0,41840000.0,26704000.0,-139938000.0,3029340.0,22215340.0,-0.31619758759333716,1.6451330622329747,0.49868676207074303,-18.452316076294277,-0.2014774144772226,-0.31619758759333716,4.535876475930972,0.09073955369177775,-0.15164897877452943,-2.7514441416893733,0.0,1.0915967645296585,0.0,0.8194850143597044,0.11834045400730941,-0.12258523773288495,3.883769230769231,0.12685337726523888,-0.24347826086956526,0.92001901470149,-0.8806146999189954,-1.0036185631618977,-0.355893536121673,-0.12426834759117515,-1.091044776119403,0.8675054217779014,-0.8264385763500101,-1.1271863651889833,Software—Application,Technology,KSPN
2023Q3,2023,Q3,2022-12-13,2022-10-29,-4442000.0,29145000.0,-2680000.0,-1.15,6575000.0,0.2255961571,52446000.0,3702000.0,42782000.0,24738000.0,48744000.0,37353000.0,-133301000.0,3942300.0,23717300.0,0.9578266494178526,1.7294041555501658,0.39171719482896694,5.549432739059967,-0.12792402220714155,0.9578266494178526,-1.1998919502971366,0.1352650540401441,-0.22187640702386313,1.0649108589951377,0.0,0.6042352689208363,0.0,0.5557144491476947,0.14411027568922305,-0.08469664035388781,-0.6111145558828088,0.22559615714530795,0.31952662721893493,0.7423321129759927,-0.8532812796612947,-0.9908866431340586,-0.022886015752712142,-0.00588768115942029,0.22811059907834103,0.9097147157507355,-0.8025134640881656,-0.9299583246114141,Software—Application,Technology,KSPN
2023Q2,2023,Q2,2022-09-13,2022-07-30,-4416000.0,33907000.0,-3472000.0,-1.69,6729000.0,0.1984545964,45128000.0,7206000.0,34530000.0,14170000.0,37922000.0,29363000.0,-129740000.0,6454110.000000001,19514110.0,2.7577497129735935,2.436838390966831,0.3184054245701117,1.9940327504857063,-0.14893761552369142,2.7577497129735935,-0.6128226477935054,0.19034742088654263,-0.36538213315217394,0.8956577851790176,0.0,0.9255866226203044,0.0,0.751351710689594,0.23930839802399437,-0.09785499024995568,-22.255551724137934,0.19845459639602442,0.18750000000000006,0.45064757077147954,-0.7709440167307181,-0.974735990361169,-0.017807619325645892,0.14913294797687862,0.05291871249318058,0.6224088521655804,-0.6899517021411626,-0.8955890028404035,Software—Application,Technology,KSPN
2023Q1,2023,Q1,2022-06-14,2022-04-30,-5190000.0,31791000.0,-3666000.0,-2.08,6851000.0,0.2155012425,48788000.0,4375000.0,37525000.0,21043000.0,44413000.0,32254000.0,-125322000.0,15356880.0,35082880.0,1.7549137585238668,1.783253338402319,0.42129212101336394,4.6980571428571425,-0.15896081975136647,1.7549137585238668,-1.1862857142857144,0.4830574690950269,-0.7397341040462428,3.5101440000000004,0.0,0.7732374279159174,0.0,0.6516151512667049,0.1689397899539039,-0.1063786176928753,-2.4693487698986973,0.2155012424900129,0.1072961373390558,-2.065869404613132,-0.7737832166200581,-0.984303994975767,0.11616161616161616,0.10686628807434176,0.3171912832929782,0.5154050413189744,-0.7110530315826298,-0.9430986970977988,Software—Application,Technology,KSPN
2022Q4,2022,Q4,2022-04-29,2022-01-29,-5811000.0,36034000.0,-5369000.0,-2.33,6138000.0,0.1703391242,46682000.0,7285000.0,34637000.0,19248000.0,39397000.0,29277000.0,-120894000.0,18819505.0,34180505.0,2.9245283018867925,1.799511637572735,0.35514759436185256,2.2757721345229927,-0.20487356538310986,2.9245283018867925,-0.7976664378860673,0.5222707720486207,-0.809650017208742,2.583322580645161,0.0,1.0211428766608601,0.0,0.7719035174157063,0.1845906068162926,-0.12448052782657126,-3.8181182795698927,0.17033912416051508,-3.3962264150943398,-1.5069576014256802,-0.8221228501784732,-0.9732725453090993,-0.2331334332833583,-3.3856603773584903,-11.011185682326621,0.9354866060531482,-0.7938372350571216,-0.9166603507130612,Software—Application,Technology,KSPN
2022Q3,2022,Q3,2021-12-14,2021-10-30,-1325000.0,32172000.0,-447000.0,-0.53,8004000.0,0.2487877658,49241000.0,11879000.0,36486000.0,15922000.0,37362000.0,30248000.0,-115084000.0,36131955.0,46796955.0,4.76876756322762,2.2915462881547546,0.252208525415812,1.045458371916828,-0.027511809256286733,4.76876756322762,-0.11154137553666134,1.1230870011189855,-6.81735,3.0416663860594326,0.0,0.7989949748743719,0.0,0.6533579740460186,0.2713226981534983,-0.026908470583456877,-6.742294271319276,0.24878776575904513,-18.666666666666668,-0.7272947072270088,-0.6937437689639947,-0.9603686972338998,-0.09405772495755518,-17.158536585365855,0.6749090909090909,0.9313037895718639,-0.7451874513075739,-0.9326078947363649,Software—Application,Technology,KSPN
2022Q2,2022,Q2,2021-09-14,2021-07-31,82000.0,34890000.0,-1375000.0,0.03,8835000.0,0.2532244196044712,46031000.0,12680000.0,32639000.0,10162000.0,33351000.0,25024000.0,-114198000.0,49072700.0,54592700.0,5.090325170614211,3.21186774257036,0.17575112424235842,0.63801261829653,-0.0377500374989286,5.090325170614211,0.006466876971608833,1.4064975637718544,149.61189024390245,3.870086750788644,0.0,1.0412004475703325,0.0,0.7579674567139536,0.5289313127337139,0.0017814081814429407,-18.041433823529413,0.2532244196044712,1.0491803278688525,1.010747652028402,-0.6691138168894313,-0.9541684713178439,-0.0981012658227848,1.057909604519774,-0.5969802555168409,1.0062915539053103,-0.7508360769979867,-0.9347035884815387,Software—Application,Technology,KSPN
2022Q1,2022,Q1,2021-06-15,2021-05-01,-1416000.0,40617000.0,-861000.0,-0.61,9796000.0,0.24117980156092278,46597000.0,12332000.0,32486000.0,10949000.0,34265000.0,22567000.0,-114279000.0,50974000.0,55933000.0,5.322399654725939,2.967028952415746,0.21437002382127604,0.8100064871878041,-0.03439734728936119,5.322399654725939,-0.11482322413233863,1.254991752221976,-8.999646892655367,4.133473889069088,0.0,1.36575530642088,0.0,0.8716655578685323,0.7437208877523062,-0.030388222417752214,-17.238417314846128,0.24117980156092278,-7.714285714285714,-35.81319714189805,-0.6439718755857603,-0.9527709499391256,1.0940572894399316,-9.18705035971223,-2.543010752688172,0.8640867669011775,-0.671213909710983,-0.9359025994561931,Software—Application,Technology,KSPN
2021Q4,2021,Q4,2021-04-30,2021-01-30,-139000.0,45546000.0,558000.0,-0.07,4678000.0,0.10270934879023405,45292000.0,1489000.0,30790000.0,20028000.0,43803000.0,24515000.0,-112863000.0,74150880.0,88551880.0,0.7743109724388976,1.5373477132015179,0.35789984986311046,10.886501007387508,0.027748203353739682,0.7743109724388976,-0.09335124244459368,1.6280437360031617,-133.36489208633094,49.79911349899261,0.0,1.6670609830715888,0.0,1.0056080544025434,0.22603355302576392,-0.003068974653360417,45.60324723247233,0.10270934879023405,-1.050359712230216,-1.0113896096176236,-0.6964474677963397,-0.9931306563032314,0.20226162940118222,-1.0544670846394983,1.911764705882353,0.9959690956321264,-0.7050834130745053,-0.9911387902037881,Software—Application,Technology,KSPN
2021Q3,2021,Q3,2020-12-15,2020-10-31,2552000.0,38913000.0,-612000.0,1.39,3891000.0,0.09999229049417932,49377000.0,2139000.0,33851000.0,23726000.0,47238000.0,27204000.0,-112724000.0,20531250.0,36212250.0,1.172054794520548,1.4267470285762456,0.36610162626323994,8.451145395044414,0.06776243319365845,1.172054794520548,1.193080878915381,0.527619304602575,2.0112901645768027,9.598527349228611,0.0,1.2873842082046758,0.0,0.7880794701986755,0.20488072157127202,0.051683982420965224,-2.6557043073341093,0.09999229049417932,3.836734693877551,1.5025261691945409,-0.5117634010113895,-0.9889258785725543,-0.12028035270178612,3.838709677419355,-0.2413793103448276,1.3135082987798359,-0.5851388046644954,-0.9888483436795215,Software—Application,Technology,KSPN
2021Q2,2021,Q2,2020-09-15,2020-07-31,-899000.0,42296000.0,-493000.0,-0.49,4423000.0,0.10457253641006242,44557000.0,-430000.0,28187000.0,17408000.0,44987000.0,20576000.0,-115277000.0,14581750.0,22949750.0,-0.2356164383561644,1.6191980698529411,0.2626972192921426,-27.22093023255814,-0.03421235253296322,-0.2356164383561644,2.0906976744186045,0.3447548231511254,-4.054991657397108,-33.91104651162791,0.0,1.8406395800933126,0.0,0.9492560091568104,0.3203125,-0.020176403258747224,-8.784186746987952,0.10457253641006242,0.8350168350168351,0.7476887149380299,-0.464110576871328,-1.0021754499327034,0.33544685990338163,0.8337032926378098,0.9047894940131325,0.8398753412349691,-0.5909012874939832,-1.0021585047916761,Software—Application,Technology,KSPN
2021Q1,2021,Q1,2020-07-31,2020-04-30,-5406000.0,31589000.0,-5178000.0,-2.97,3312000.0,0.10484662382474912,45240000.0,452000.0,28468000.0,16066000.0,44788000.0,17157000.0,-114377000.0,8244600.0,12436600.0,0.24835164835164836,1.7719407444292294,0.2491158267020336,24.93362831858407,-0.34549943284179624,0.24835164835164836,-11.960176991150442,0.2609959162999778,-0.38127081021087683,18.240265486725665,0.0,1.6481319578014804,0.0,0.6982537577365163,0.605128843520478,-0.11949602122015915,-1.2095950704225351,0.10484662382474912,0.7256311613001678,-24.8912495751671,-0.6526143381905731,-0.9977447410445729,-0.8528915341565249,0.7250114451396307,0.7310828356271099,-2.520770117230633,-0.6921016212743684,-0.9977787348800645,Software—Application,Technology,KSPN
2020Q4,2020,Q4,2020-06-15,2020-01-31,-19659000.0,100325000.0,-19255000.0,-10.82484444689169,22514000.0,0.22441066533765264,97806000.0,4515000.0,80065000.0,57939000.0,93291000.0,67958000.0,-108971000.0,6283706.0,39228706.0,2.4860965805847695,1.3818843956575018,0.23167290350285258,5.018604651162791,-0.38744002541779204,2.4860965805847695,-4.354152823920265,0.0626335011213556,-0.07990876952032148,1.3917399778516057,0.0,1.1449866093763796,0.0,1.0257550661513608,0.12388891765477485,-0.20099993865407031,0.43942,0.22441066533765264,0.14965872373199607,-2.4495385387280706,-0.31592807195410444,-0.9772503488924071,-0.024481130031630487,0.15098250917728354,0.1583249551951742,-3.352427001706478,-0.3207168757942005,-0.9772794013749453,Software—Application,Technology,KSPN
2020Q3,2020,Q3,2019-10-31,2019-10-31,-23155000.0,69456000.0,-22877000.0,-12.73,23079000.0,0.3322823082239115,141480000.0,24875000.0,114156000.0,78778000.0,116605000.0,101130000.0,-89312000.0,5347860.0,55712860.0,13.675096206706982,1.4490847698596054,0.3777070964093865,2.1482613065326635,-0.22077624103476853,13.675096206706982,-0.9308542713567839,0.07699637180373185,-0.057739797020082057,0.21498934673366835,0.0,0.4585879560961139,0.0,0.4909245122985581,0.09338901723831526,-0.16366270851003675,-0.32515717152064205,0.3322823082239115,-1.841517857142857,-3.4969964727892107,-0.16669640927233617,-0.8682860300364531,-0.08110367892976589,-1.8487942913385826,-2.091068774489934,-40.336754710380326,-0.09456418243751209,-0.8863517940562533,Software—Application,Technology,KSPN
2020Q2,2020,Q2,2019-07-31,2019-07-31,-8128000.0,76004000.0,-7401000.0,-4.48,25116000.0,0.3304562917741172,150173000.0,47965000.0,104293000.0,61987000.0,102208000.0,89785000.0,-66157000.0,10896000.0,47297000.0,26.412444933920703,1.6824979431171052,0.26659918893542783,0.834691962889607,-0.06439115823307673,26.412444933920703,-0.16945689565308036,0.14336087574338194,-0.33513779527559057,0.22716564161367667,0.0,0.5667761875591691,0.0,0.5061096202379922,0.14383661090228597,-0.05412424337264355,-1.1494883426521785,0.3304562917741172,-0.06666666666666672,-0.3978440376489465,-0.07367436615655984,-0.7509908614433378,-0.010791650256006301,-0.04178415790822866,0.031409501374165684,-0.46130652315424564,-0.011283012948042164,-0.7621914736325596,Software—Application,Technology,KSPN
2020Q1,2020,Q1,2019-06-18,2019-04-30,-7802000.0,80150000.0,-7641000.0,-4.2,25390000.0,0.31678103555832815,151022000.0,56011000.0,102628000.0,53047000.0,95011000.0,88487000.0,-58029000.0,13075920.0,41915920.0,30.8413633610484,1.9346617150828511,0.08112063143118221,0.21872489332452555,-0.07881464887781792,30.8413633610484,-0.13929406723679277,0.1631431066749844,-0.4189925660087157,0.2334527146453375,0.0,0.618847966367941,0.0,0.5307173789249249,0.1587648688898524,-0.051661347353365736,-1.861605922551253,0.31678103555832815,0.8833333333333333,-16.856859044019913,-0.18811635813329133,-0.7169059444227002,-0.31056018681945313,0.8811938480280189,0.8833488542509503,-245.7219234542069,-0.10367344034246032,-0.72632489316521,Software—Application,Technology,KSPN
2019Q4,2019,Q4,2019-05-14,2019-01-31,-65670000.0,127429000.0,-65503000.0,-36.0,36827000.0,0.28900014910263755,138013000.0,63730000.0,115363000.0,49416000.0,74283000.0,94842000.0,-50227000.0,21429980.0,17074980.0,35.09167997356974,2.334527278614214,0.0,0.0,-1.0269447670000453,35.09167997356974,-1.0304409226423976,0.16817192318859914,-0.08158207705192631,0.3362620429938804,0.0,0.9552940680289324,0.0,0.9233115720982806,0.19706168042739194,-0.47582474114757306,0.7942618879952559,0.28900014910263755,-3.6153846153846154,-5.6615778681047635,-0.1854951259226012,-0.7043857675170669,0.3447381873950194,-3.6733561058924,-3.7624690998982113,-6.697713144826058,-0.10072727990913292,-0.6886821713552754,Software—Application,Technology,KSPN
2019Q3,2019,Q3,2018-10-31,2018-10-31,-14052000.0,91984000.0,-13754000.0,-7.8,27386000.0,0.2977256914245956,239061000.0,128418000.0,154790000.0,84790000.0,110643000.0,131285000.0,15443000.0,35570080.0,58513080.0,70.76151642054221,1.8255690529543578,0.11478241954982202,0.21367721035991838,-0.08865075496945772,70.76151642054221,-0.10942391253562585,0.38669855627065575,-0.632829490463991,0.2769867152579857,0.0,0.4920440263548768,0.0,0.3847720874588494,0.11977827574006368,-0.058779976658677076,-1.6587427718709196,0.2977256914245956,-0.4999999999999999,-2.805632920671363,0.03522344169089983,-0.3517728360200081,-0.14878935753582195,-0.477602523659306,-0.46490574076046437,-1.7825966116755352,0.16059850593358715,-0.33141212433517003,Software—Application,Technology,KSPN
2019Q2,2019,Q2,2018-07-31,2018-07-31,-9510000.0,102174000.0,-9389000.0,-5.2,32173000.0,0.3148844128643295,225087000.0,141695000.0,138959000.0,56859000.0,83392000.0,114920000.0,29498000.0,34170878.1824,36034878.1824,77.9571963028169,2.443922685942419,0.028171329308223043,0.04475104979004199,-0.06387376623962435,77.9571963028169,-0.06711598856699248,0.33443809758255527,-0.8982880699894847,0.24115796734112002,0.0,0.6091280891054647,0.0,0.45393114662330564,0.1932147944916372,-0.04225032987244932,-1.9797727799768252,0.3148844128643295,-0.18181818181818177,-2.4153383493903555,0.15349837110068174,-0.291587706680592,0.015305478414541782,-0.167300846937523,-0.15089482716352048,-1.679921392579616,0.2998128876118418,-0.2802200957033858,Software—Application,Technology,KSPN
2019Q1,2019,Q1,2018-04-30,2018-04-30,-8147000.0,96603000.0,-8158000.0,-4.4,31688000.0,0.3280229392461932,231775000.0,150449000.0,143337000.0,54267000.0,81326000.0,110677000.0,39008000.0,45296250.0,30787250.0,83.03612329939013,2.6413289844656975,0.0,0.0,-0.05425099115508767,83.03612329939013,-0.0541512406197449,0.4688907176795752,-1.3899671658279122,0.3010737858011685,0.0,0.5865265592670564,0.0,0.41679646208607485,0.3893526452540218,-0.035150469205047996,-2.590725806451613,0.3280229392461932,0.7555555555555555,-5.5423746111980146,-0.08371663152921283,-0.2847946674232188,-0.22308578713805868,0.7490760133054084,0.7507637785653184,-37.166766951475516,0.06712617493751767,-0.24595644144973106,Software—Application,Technology,KSPN
2018Q4,2018,Q4,2018-01-31,2018-01-31,-32468000.0,145410000.0,-32732000.0,-18.0,40787000.0,0.28049652706141254,247907000.0,158214000.0,153388000.0,60561000.0,89692000.0,109112000.0,47611000.0,63371000.0,32045000.0,87.38208328730808,2.5327851257409884,0.0,0.0,-0.2047465773385759,87.38208328730808,-0.2052157204798564,0.4358090915342824,-0.48794967352470126,0.4005397752411291,0.0,0.9588587873011217,0.0,0.5865506016369042,0.5910569508429517,-0.130968468014215,1.9853692158275635,0.28049652706141254,-3.0909090909090904,-1.8110248646945732,-0.2219546684344872,-0.2345124536100225,0.2915043855482727,-3.0227976706727793,-3.0355073357169275,-3.401270709389853,-0.0055015346941352915,-0.20038830214178988,Software—Application,Technology,KSPN
2018Q3,2018,Q3,2017-10-31,2017-10-31,-8071000.0,93001000.0,-8111000.0,-4.4,31581000.0,0.3395769937957656,288946000.0,190181000.0,163365000.0,67414000.0,98765000.0,144754000.0,80079000.0,65142000.0,66218000.0,105.1014092290688,2.4233096982822557,0.017304271386349008,0.02629074408063897,-0.04122936563378439,105.1014092290688,-0.042438519094967424,0.7004440812464382,-2.017779705117086,0.34252633018019674,0.0,0.42430606408113075,0.0,0.32186290864036876,0.0582074939923458,-0.027932554871844567,-4.157115507338864,0.3395769937957656,-0.4666666666666668,-2.2163228123154606,-0.1163684366115864,0.03056286534475603,-0.10204719931760023,-0.45031446540880504,-0.5107096293536971,-0.5757206282204855,0.12164445761108394,0.01230175269513101,Software—Application,Technology,KSPN
2018Q2,2018,Q2,2017-07-31,2017-07-31,-5565000.0,102479000.0,-5369000.0,-3.0,35170000.0,0.3431922637808722,283339000.0,197460000.0,155643000.0,54589000.0,85879000.0,126687000.0,88131000.0,63313250.0,49328250.0,109.1572459161392,2.8511788089175476,0.0,0.0,-0.027441805268586788,109.1572459161392,-0.028182923123670617,0.6178168210072308,-2.844261006289308,0.3206383571356224,0.0,0.5313015542241903,0.0,0.3616833545682028,0.2561871439300958,-0.019640783654915138,-7.479415239220319,0.3431922637808722,-2.5,-1.5719336284704568,-0.018820541720851677,0.056657687928737994,-0.03126291144470458,-2.575148598924427,-0.031111964662953715,0.039207789777871815,0.2538667706336386,0.02910396371097134,Software—Application,Technology,KSPN
2018Q1,2018,Q1,2017-04-30,2017-04-30,3533000.0,101967000.0,-5207000.0,2.0,36305000.0,0.35604656408445867,300057000.0,202241000.0,170884000.0,60192000.0,97816000.0,127509000.0,93697000.0,68736300.0,52933300.0,111.80639632915941,2.83898192450824,0.0,0.0,-0.025358913039277804,111.80639632915941,0.01746925697558853,0.6741033863897143,4.863876309085763,0.33987322056358504,0.0,0.514959728332902,0.0,0.33982543316769814,0.2625431951089846,0.011774429525056905,-4.241934090348062,0.35604656408445867,-0.5454545454545455,0.10106119389622795,-0.2084279545316176,0.07030985011233133,-0.27765618782331875,-0.5755646323882748,-1.5691954525579361,9.118577973209154,0.037019948387437496,0.02627519431516819,Software—Application,Technology,KSPN
2017Q4,2017,Q4,2017-01-31,2017-01-31,8324000.0,147111000.0,9148000.0,4.4,50260000.0,0.3416467837211357,307810000.0,197936000.0,169334000.0,70733000.0,109874000.0,126004000.0,90164000.0,99492250.0,71518250.0,109.42038198955196,2.39398866158653,0.0,0.0,0.04318217160825842,109.42038198955196,0.042053997251636895,0.6763073461535847,2.988114187890437,0.5026485833804866,0.0,0.7686343290689185,0.0,0.47792794256197,0.49565266565817934,0.027042656184009615,3.730632944617346,0.3416467837211357,15.288181818181817,-0.5582821716645511,-0.33313045474200986,0.07056816282426215,0.8703483179517714,18.198347107438018,2.1716188524590163,-0.4067862705416874,-0.05597443478417041,-0.07823671411020512,Software—Application,Technology,KSPN
2017Q3,2017,Q3,2016-10-31,2016-10-31,-484000.0,66281000.0,-7808000.0,-0.307946809187504,26872000.0,0.4054253858571838,313249000.0,189120000.0,176438000.0,84821000.0,124129000.0,157827000.0,81840000.0,122592600.0,123820600.0,120.3283069288032,2.0801216679831644,0.018949781164504916,0.031387478849407784,-0.002441317100663897,120.3283069288032,-0.00255922165820643,1.8495888716223352,-63.322623966942146,0.6482265228426396,0.0,0.2496974535409024,0.0,0.2115920561597962,0.05550512255219816,-0.0015450967122001985,-5.510522767114667,0.4054253858571838,0.8973510636041654,0.8926384511617851,-0.3970401511508803,0.27990482774967895,0.006404254522302535,0.8960481099656358,-0.7266696152145069,0.8486462334210557,-0.13866920274222644,0.1022951611637386,Software—Application,Technology,KSPN
2017Q2,2017,Q2,2016-07-31,2016-07-31,-4656000.0,64348000.0,-4522000.0,-3.0,26701000.0,0.41494685149499594,252535000.0,168837000.0,207883000.0,57256000.0,83698000.0,120268000.0,82323000.0,107626624.56045,28982624.560450003,111.06601322237937,3.630763588095571,0.0,0.0,-0.027062220761247043,111.06601322237937,-0.02757689369036408,1.6725714017599616,-5.778920992292204,0.6374587593978216,0.0,0.3130259088036718,0.0,0.2548082444017661,1.3735503702668717,-0.018437048329934466,-8.815351344127283,0.41494685149499594,-172.83114725929323,0.33812775396752587,-0.3835118089879309,0.1469030714388704,-0.1338156101991825,-173.44444444444446,-5.601459854014599,-0.9993004307619412,-0.13139262383815756,0.009278589638894276,Software—Application,Technology,KSPN
2017Q1,2017,Q1,2016-06-09,2016-04-30,27000.0,75730000.0,-685000.0,0.017459,30826000.0,0.4070513666974779,258681000.0,173328000.0,215453000.0,58349000.0,85353000.0,116648000.0,86980000.0,116584194.61415,25728194.614150003,112.6933454699132,3.692488303141442,0.0,0.0,-0.001441962247487033,112.6933454699132,0.00015577402381611742,1.5394717366189092,1079.4832834643519,0.6726218188299063,0.0,0.38495302105479734,0.0,0.29275439634143985,1.557113232446143,0.00010437565959618217,-9.364944542866898,0.4070513666974779,-0.9972720312500001,1.0108295311752076,-0.4116574596964407,0.1111283827158704,-0.3288774710441522,-0.997263883259019,-1.0668423106947698,-0.9822662418266974,-0.15382744885108426,-0.02935158310080527,Software—Application,Technology,KSPN
2016Q4,2016,Q4,2016-01-31,2016-01-31,9868000.0,121322000.0,10248000.0,6.4,45932000.0,0.37859580290466693,271605000.0,175268000.0,230987000.0,69845000.0,96337000.0,120046000.0,86953000.0,109775936.8902,5464936.890200004,112.71978905395845,3.3071372324432673,0.0,0.0,0.0581932896056446,112.71978905395845,0.05630234840358765,0.9048312498161917,2.7811090618717067,0.6263318853995025,0.0,0.6280092631158056,0.0,0.4466854439351264,1.559281265659675,0.036332173560869645,3.822148841969291,0.37859580290466693,3.2857142857142856,-0.186340642807106,-0.4657999279685433,0.1031767139701554,0.7215892053973013,3.28003696857671,3.700395256916996,-0.7129696469584876,-0.2440897396149309,-0.012548207750922755,Software—Application,Technology,KSPN
2016Q3,2016,Q3,2015-12-10,2015-10-31,-4328000.0,67925000.0,-3795000.0,-2.8,26680000.0,0.3927861612072138,273137000.0,164614000.0,236774000.0,80807000.0,108523000.0,149524000.0,77085000.0,118206600.0,43495600.0,105.8372713537146,2.9301174403207644,0.0005235467915368478,0.0008686988955981873,-0.023255747439317187,105.8372713537146,-0.02629180993111157,1.7402517482517483,-6.828015249537892,0.7180835165903264,0.0,0.2758420052968085,0.0,0.2486847259800027,0.9263306396723057,-0.015845528068332008,-7.714828351390158,0.3927861612072138,-0.3999999999999999,0.728701651190696,-0.46718704299832686,0.1054029022502264,-0.017600706974003975,-0.4213464696223317,-0.482421875,-1.0065500167523445,-0.24916639313217578,0.03777829837497179,Software—Application,Technology,KSPN
2016Q2,2016,Q2,2015-07-31,2015-07-31,-3045000.0,67451000.0,-2560000.0,-2.0,27158000.0,0.40263302249040045,256233000.0,168921000.0,225429000.0,60124000.0,87312000.0,124469000.0,81413000.0,111047075.32104999,19998075.32104999,108.30699195332286,3.7494012374426187,0.0013698469752139654,0.0020778944003409876,-0.015313572777757575,108.30699195332286,-0.018026177917488055,1.6463369753013297,-9.117165461498358,0.657390586848586,0.0,0.3237191589873784,0.0,0.2632408784192512,1.520191604018362,-0.011883715212326281,-10.33188270571734,0.40263302249040045,-17.17061855670103,0.8056175292578477,-0.499642802154379,0.022391455177751672,-0.11833262993864234,-16.695876288659793,-4.78698224852071,-0.6322297852194384,-0.25096627066108185,0.04842710846549299,Software—Application,Technology,KSPN
2016Q1,2016,Q1,2015-04-30,2015-04-30,194000.0,77963000.0,676000.0,0.12368110675464601,30803000.0,0.39509767453792183,260583000.0,171833000.0,233229000.0,61981000.0,88750000.0,121577000.0,84458000.0,117342075.31879999,15451075.318799987,110.12112278902845,3.762911214727094,0.002490569223625486,0.003776922942624525,0.0031827067947625422,110.12112278902845,0.0011290031600449273,1.5050995384836394,151.21401458608247,0.6828844012430674,0.0,0.3879023170500999,0.0,0.29918682339216296,1.6543779545344541,0.0007444844828711005,-7.625557273121912,0.39509767453792183,-0.9832863369250477,1.017097017813755,-0.4989736841748013,-0.051195825796819715,-0.33842353951890036,-0.9834696659850034,-0.9445401591598983,-0.9299132112930533,-0.29840584618615634,0.05417691917673849,Software—Application,Technology,KSPN
2015Q4,2015,Q4,2015-04-16,2015-01-31,11736000.0,126910000.0,12189000.0,7.4,46560000.0,0.36687416279253016,280009000.0,171740000.0,255158000.0,81714000.0,108269000.0,126377000.0,84264000.0,109065573.14310001,-8533426.856899992,109.28064649549808,3.1225738551533397,0.0033498923248895572,0.005461744497496215,0.07020068132722397,109.28064649549808,0.06833585652730872,0.8593930592002207,2.3233123113305214,0.6350621471008501,0.0,0.6357960704875096,0.0,0.4532354317182662,1.494015713341655,0.041912938512690665,2.698373862369183,0.36687416279253016,3.642857142857143,0.041045871083064366,-0.5671445650830307,-0.10502602118601105,0.6317375762248546,3.6219839142091153,4.057952834922228,-0.28314500184089914,-0.3377988343498342,0.06920099184175829,Software—Application,Technology,KSPN
2015Q3,2015,Q3,2014-10-31,2014-10-31,-4476000.0,72456000.0,-3986000.0,-2.8,28534000.0,0.39381141658385777,274403000.0,164172000.0,248424000.0,86382000.0,110231000.0,158017000.0,73354000.0,104362500.0,26213500.0,103.82418972332016,2.875876918802528,0.004435082706821718,0.007412957142509076,-0.024037484998074652,103.82418972332016,-0.027264088882391638,1.4403569062603512,-5.829004691689008,0.6356900080403479,0.0,0.2779574349595297,0.0,0.2640495912945558,0.9187793753328239,-0.016311775017036987,-47.351406533575314,0.39381141658385777,0.1250000000000001,0.8008940595632356,-0.554307055260168,-0.10777152685706098,0.017363710913823226,0.12166405023547881,0.12836212551935272,0.013123973633183015,-0.34484688440700756,0.10435428749697748,Software—Application,Technology,KSPN
2015Q2,2015,Q2,2014-07-31,2014-07-31,-5096000.0,71908000.0,-4573000.0,-3.2,28047000.0,0.3900400511765033,252195000.0,168816000.0,227203000.0,59679000.0,83379000.0,134600000.0,77830000.0,114591600.0,33679600.0,106.07018315478622,3.807084569111413,0.005904161462360475,0.008820254004359776,-0.02686688140196412,106.07018315478622,-0.030186712159984835,1.5935862490960673,-5.62164442700157,0.6787958487347171,0.0,0.32586181277860327,0.0,0.2851285711453439,1.3807369426431408,-0.02020658617339757,-18.074384858044166,0.3900400511765033,-15.0,0.716922654768525,-0.5721115882954948,-0.18650728975737688,-0.14430850901546816,-12.202072538860104,-32.75694444444444,0.3080785806056372,-0.34198911861961606,0.09531453699281071,Software—Application,Technology,KSPN
2015Q1,2015,Q1,2014-04-30,2014-04-30,-386000.0,87216000.0,144000.0,-0.2,32777000.0,0.3758140708126949,264061000.0,174795000.0,239985000.0,65508000.0,89266000.0,140138000.0,82926000.0,104931033.2089,16593033.208900005,108.94387484807878,3.6634456860230813,0.004169491140304703,0.006298807174118253,0.0009229850476223022,108.94387484807878,-0.00220830115277897,1.203116781426573,-67.9605137363342,0.6003091233095913,-41.5440414507772,0.38846708244730194,0.15282418851318302,0.33028731997530875,1.3752213470110521,-0.0014617834515509673,-4.401284896141101,0.3758140708126949,-1.0256410256410258,0.9725931153222964,-0.5556634801564525,-0.23244901976887444,-0.3359737444541237,-1.03079869145456,-0.9889748105045556,0.8515851140018003,-0.35046474906431957,0.07415953410544537,Software—Application,Technology,KSPN
2014Q4,2014,Q4,2014-01-31,2014-01-31,12533000.0,139186000.0,13061000.0,7.8,49361000.0,0.3546405529291739,312417000.0,191796000.0,290967000.0,96656000.0,120621000.0,150167000.0,99348000.0,127963435.1529,-1034564.8471000046,118.70768088135173,3.0103356232411853,0.00341210625542144,0.005557988696323177,0.06676451796262091,118.70768088135173,0.06534547122984838,0.9193700167610248,2.552530023795181,0.6671851089329287,0.0,0.5981673736573282,0.0,0.44551352839314123,1.3831112398609502,0.04011625487729541,2.760152610014883,0.3546405529291739,4.9,2.298712655853819,-0.6042056652831693,-0.2001633398905582,0.605757970071568,4.7806938159879335,5.644736842105263,-0.005487466677562897,-0.41020420240871913,0.1617795811791275,Software—Application,Technology,KSPN
2014Q3,2014,Q3,2013-10-31,2013-10-31,-3315000.0,79772000.0,-2812000.0,-2.0,30740000.0,0.3853482424910996,296399000.0,177857000.0,274724000.0,92558000.0,118542000.0,174884000.0,86815000.0,141097376.7414,57318376.7414,109.16160314245381,2.968128092655416,0.007587744897924757,0.01264499007629725,-0.015523492730410092,109.16160314245381,-0.018638569187605772,1.7687581700521486,-10.640827808552036,0.7933192212923866,0.0,0.28036870153930604,0.0,0.26913721031447474,0.9294496423863956,-0.011184248259946896,-18.636557487967245,0.3853482424910996,-0.24999999999999994,0.8881969801196103,-0.6079726424074804,-0.28940293907609976,-0.03979508964827888,-0.30563213863725874,-0.4031936127744511,0.8016325058443209,-0.4026585016002402,0.14012343085336712,Software—Application,Technology,KSPN
2014Q2,2014,Q2,2013-07-31,2013-07-31,-2539000.0,80768000.0,-2004000.0,-1.6,32014000.0,0.3963698494453249,278762000.0,182383000.0,258314000.0,70423000.0,96379000.0,151451000.0,90131000.0,165735000.0,72970000.0,110.04495127764201,3.6680345909716996,0.008921589025763912,0.013636139333161533,-0.010902265818416114,110.04495127764201,-0.013921253625612036,2.051988411251981,-16.31892477353289,0.9087195626785392,0.0,0.32191269783626386,0.0,0.28973819961113784,1.352569473041478,-0.009108128080584872,-12.708764665286404,0.3963698494453249,-2.6,0.8756743362322057,-0.6466362749319251,-0.35961401854048036,-0.10547933722652211,-2.588861076345432,-1.9408450704225353,0.8474734599055574,-0.436175420387898,0.038797365180276516,Software—Application,Technology,KSPN
2014Q1,2014,Q1,2013-04-30,2013-04-30,1598000.0,93934000.0,2130000.0,1.0,35789000.0,0.3810015542827943,292873000.0,187422000.0,275323000.0,79851000.0,105451000.0,153519000.0,92669000.0,138829800.0,30270800.0,116.10109645047389,3.4479593242413995,0.003301772440614191,0.005159479676878915,0.010820621977949956,116.10109645047389,0.008526213571512415,1.4779504758660336,21.71930538172716,0.740733745238019,0.0,0.3787479074251396,0.0,0.3207328773905413,1.3935454784536199,0.005456289927716109,-5.284929003768701,0.3810015542827943,-0.9541284403669725,1.1304301079020007,-0.6101086876866469,-0.36852726829095767,-0.40104096933993844,-0.954358505655204,-0.9402172387661736,1.1361278872312608,-0.41649241452249836,0.0003276587800175579,Software—Application,Technology,KSPN
2013Q4,2013,Q4,2013-01-31,2013-01-31,35012000.0,163450000.0,35629000.0,21.8,59752000.0,0.36556745182012845,315240000.0,180760000.0,297776000.0,108627000.0,134480000.0,155429000.0,91071000.0,107678000.0,-22364000.0,114.15219450584149,2.741270586502435,0.0029691663494480396,0.005178136755919451,0.19238093405547108,114.15219450584149,0.19369329497676477,0.6587825022942796,0.7688649605849422,0.5956959504315114,0.0,0.6671727927220789,0.0,0.5184938459586347,1.2611689543115432,0.11106458571247303,1.8364743403885184,0.36556745182012845,16.571428571428573,1.5302518590316376,-0.6379652517520312,-0.3937259558140393,0.7201255145809943,17.0018281535649,22.885135135135137,2.0823135839422484,-0.4467236698688656,-0.06512958164600494,Software—Application,Technology,KSPN
2013Q3,2013,Q3,2012-10-31,2012-10-31,-2188000.0,91769000.0,-1628000.0,-1.4,34737000.0,0.37852651766936546,272834000.0,160906000.0,249208000.0,86643000.0,111928000.0,178332000.0,70923000.0,107287000.0,50512000.0,101.98447155759784,2.8762623639532334,0.011571138494469165,0.019620150895553926,-0.009949398636415006,101.98447155759784,-0.013598001317539432,1.1690984973139078,-12.258569469835466,0.6667681752078853,0.0,0.3198079985644752,0.0,0.3363547065248466,0.691711967498817,-0.008019528357902607,60.75141562853907,0.37852651766936546,-0.16666666666666663,0.8490268263664881,-0.6533949106503693,-0.5639751193311892,-0.030180356245463176,-0.16012725344644752,-0.23614274867122248,0.9024552708620724,-0.4342562647413568,-0.12358141600129635,Software—Application,Technology,KSPN
2013Q2,2013,Q2,2012-07-31,2012-07-31,-1886000.0,91038000.0,-1317000.0,-1.2,35818000.0,0.39344010193545553,251731000.0,162885000.0,227961000.0,63518000.0,88846000.0,161972000.0,73111000.0,94605000.0,39719000.0,103.30426510226732,3.5889196763122264,0.013371416313445702,0.020664886269453907,-0.007962993413594186,103.30426510226732,-0.011578721183657182,1.0391814407170632,-12.540429480381759,0.5808085459066212,0.0,0.3409231225150026,0.0,0.3616479495969904,0.9170943669511005,-0.007492124529755969,-24.32630496271535,0.39344010193545553,-1.6666666666666665,0.8156587628589818,-0.6646499451609502,-0.5746589879320103,-0.1434174339351907,-1.6742938863067574,-1.3644161593801882,0.894251350354438,-0.4531937491674997,-0.20772017075682922,Software—Application,Technology,KSPN
2013Q1,2013,Q1,2012-04-30,2012-04-30,2797000.0,112287000.0,3614000.0,1.8,41815000.0,0.37239395477659926,269930000.0,164710000.0,246243000.0,79863000.0,105220000.0,176227000.0,74998000.0,72530500.0,13755500.0,104.46170921198669,3.0833176815296195,0.0031489645463638723,0.0051605852710825085,0.021015295899190295,104.46170921198669,0.016981361180256206,0.645938532510442,6.482883446549875,0.44035274118147044,0.0,0.3998933194118949,0.0,0.4159856259030119,0.7806243191465384,0.010361945689623236,-2.9936643552913984,0.37239395477659926,-0.827212657613967,1.3027506380753389,-0.6150099413439406,-0.5819370820470252,-0.3959203131997515,-0.8304437439379243,-0.7916522541219878,1.2020822561835363,-0.41788515964815703,-0.26402757920912023,Software—Application,Technology,KSPN
2012Q4,2012,Q4,2012-01-31,2012-01-31,16496000.0,193106000.0,17346000.0,10.417429744237449,69221000.0,0.35846115604900936,313120000.0,161846000.0,288455000.0,124160000.0,151274000.0,191327000.0,72201000.0,78224903.167,-7719096.833000004,102.20776760341016,2.3232522551546393,0.008210909555442004,0.015885471374022218,0.10276509825492189,102.20776760341016,0.10192405125860386,0.405087895596201,1.1855132027006547,0.48332923375925263,0.0,0.6475040114568252,0.0,0.6167156361778232,0.7666559278350515,0.05268267756770567,1.1198823662796524,0.35846115604900936,4.720510622941947,-0.564151342210949,-0.670849526147133,-0.5883928230821074,0.7027698514218242,4.656838838395035,5.635489043292357,2.744131951786847,-0.4397105502910165,-0.3113375741973917,Software—Application,Technology,KSPN
2012Q3,2012,Q3,2011-10-31,2011-10-31,-4511000.0,109996000.0,-3742000.0,-2.8,40652000.0,0.3695770755300193,277224000.0,147855000.0,251096000.0,104280000.0,129369000.0,223528000.0,55705000.0,62278916.8546,49126916.8546,94.0134800025434,2.4079018028385115,0.021156176954376243,0.03966724155422542,-0.02370623535304363,94.0134800025434,-0.030509620912380374,0.5661925602258264,-3.4515028183662158,0.42121617026546276,0.0,0.3102251172112666,0.0,0.3967766138573861,0.18236478711162254,-0.016272039938822036,-19.884711639399743,0.3695770755300193,0.391304347826087,0.6113155060146973,-0.6376774663325707,-0.5907264780189249,0.016528718961766397,0.38018686452322065,0.4175875486381323,0.8423848355681108,-0.43998719465892977,-0.38801097955794,Software—Application,Technology,KSPN
2012Q2,2012,Q2,2011-07-31,2011-07-31,-7278000.0,107990000.0,-6425000.0,-4.6,39991000.0,0.3703213260487082,263488000.0,152305000.0,235491000.0,85662000.0,111183000.0,205452000.0,60214000.0,64482750.0,48197750.0,96.83993005881418,2.7490719338796668,0.023564640514938062,0.04076688224286793,-0.0398303605674818,96.83993005881418,-0.04778569318144513,0.5971177886841375,-2.214988664468261,0.4233790748826368,0.0,0.33097268461733154,0.0,0.40984788681078455,0.262590180009806,-0.02762175127520039,-9.423169662428759,0.3703213260487082,-1.8749999999999996,0.07897027737771563,-0.645266803075142,-0.5912267029335375,-0.17184037772577607,-1.8574793875147233,-2.8266825491363905,0.624452672527502,-0.5021245458761006,-0.43645816609321714,Software—Application,Technology,KSPN
2012Q1,2012,Q1,2011-06-09,2011-04-30,-2547000.0,131496000.0,-1679000.0,-1.6,48289000.0,0.3672279004684553,283773000.0,159360000.0,254327000.0,98402000.0,124413000.0,217785000.0,67492000.0,52479753.1425,25783753.1425,101.42243436754177,2.5845714517997602,0.010494303545439489,0.018687248995983934,-0.01021932940851483,101.42243436754177,-0.015982680722891565,0.39909771508258807,-5.151133995141343,0.3293157200207078,0.0,0.3820602888169525,0.0,0.46338446575255576,0.30155891140423974,-0.008975483925532027,-1.1607996713669542,0.3672279004684553,-1.2051331875961462,0.6479941749470641,-0.5555201751361859,-0.5822868174031757,-0.38257256105357373,-1.2062181199902842,-1.1101416950931513,0.7864158702135621,-0.4392461809054865,-0.4483643682557897,Software—Application,Technology,KSPN
2011Q4,2011,Q4,2011-01-31,2011-01-31,12351000.0,231287000.0,15244000.0,7.799810546258288,78210000.0,0.33815130119721387,348724000.0,161798000.0,317761000.0,159395000.0,186926000.0,234164000.0,70039000.0,55422500.0,-16678500.0,102.17745500473634,1.9935443395338623,0.00892109519275989,0.019227678957712702,0.08995443393844131,102.17745500473634,0.07633592504233674,0.2396265246209255,1.1218221196664238,0.3425413169507658,0.0,0.6537170530055858,0.0,0.6632379761645313,0.5047837134163556,0.035417694222364966,0.71060864436552,0.33815130119721387,1.764687308456695,-0.3817699469416358,-0.49562655512982945,-0.5725419537557593,0.7808593483161418,1.7663812360387192,2.0072684022730276,1.187054173166336,-0.4877092027040197,-0.4573250287607874,Software—Application,Technology,KSPN
2011Q3,2011,Q3,2010-10-31,2010-10-31,-16116000.0,128787000.0,-15134000.0,-10.2,43917000.0,0.3410049150923618,330790000.0,150440000.0,294600000.0,152865000.0,180350000.0,270800000.0,57689000.0,55936496.8575,65591496.8575,95.74542561654734,1.9271906584240996,0.04771002750990054,0.10490561021005052,-0.08887096146380842,95.74542561654734,-0.10712576442435523,0.43433340987444385,-0.8677168164789649,0.3718193090767083,0.0,0.3134047267355982,0.0,0.3893316001088304,0.04008111732574494,-0.048719731551739774,-4.4204596852773825,0.3410049150923618,-0.019999999999999928,-0.4142008352805733,-0.4631100538778651,-0.5842037363469001,-0.03962474578495047,-0.02122805905836132,-0.02084317032040472,-0.11661285596843608,-0.5115682793083605,-0.5906495651599091,Software—Application,Technology,KSPN
2011Q2,2011,Q2,2010-09-09,2010-07-31,-15781000.0,135804000.0,-14825000.0,-10.0,45729000.0,0.33672793143059115,294599000.0,166445000.0,256169000.0,99939000.0,128154000.0,237141000.0,73804000.0,58134400.0,55135400.0,105.93495417515275,2.5632535846866586,0.02547870155703176,0.045095977650274864,-0.0836782153767321,105.93495417515275,-0.09481210009312385,0.42807575623692967,-0.9209555794943286,0.3492709303373487,0.0,0.3798373119789492,0.0,0.4609791615042821,0.10511411961296391,-0.05356773105136134,-5.647954920819974,0.33672793143059115,-0.38888888888888884,-1.348110425913162,-0.445411541108581,-0.5510919214951023,-0.11248908296943232,-0.38247919404292596,-0.3916267718013705,-0.5479135374552142,-0.49798163533643175,-0.5638274898172947,Software—Application,Technology,KSPN
2011Q1,2011,Q1,2010-04-30,2010-04-30,-11415000.0,156539000.0,-10653000.0,-7.2,51525000.0,0.3291512019368975,321460000.0,182190000.0,280272000.0,110596000.0,139270000.0,251279000.0,89588000.0,73150346.8605,55545346.86049999,116.06306736741519,2.5341965351368945,0.011416661481988428,0.02014380591689994,-0.05613821217325798,116.06306736741519,-0.06265437180964926,0.46729790570081575,-1.6020662912943495,0.4015058283138482,0.0,0.41791793186060117,0.0,0.48696260810054126,0.1923668125429491,-0.035509861258010325,-1.5391648121133694,0.3291512019368975,-2.0037151157672333,-11.556152033182386,-0.5737851268017335,-0.5216491206080573,-0.37544697511484987,-2.0049300114446695,-4.458766233766234,-0.24108310775744504,-0.46089303915170676,-0.5355076517872392,Software—Application,Technology,KSPN
2010Q4,2010,Q4,2010-01-31,2010-01-31,11359000.0,295422000.0,3080000.0,7.17335017366593,82499000.0,0.2792581459742335,394566000.0,193353000.0,353144000.0,171224000.0,201213000.0,266568000.0,101002000.0,44021298.4165,-23130701.583499998,122.10483107041364,2.0624678783348127,0.011055184683931206,0.02255977409194582,-0.14086750046485116,122.10483107041364,0.05874747223989284,0.1490115780696766,0.9688638616185403,0.2276732112586823,0.0,0.7987567900123046,0.0,0.7487264488070436,0.4439739756108957,0.028788593036399485,0.37029405979458624,0.2792581459742335,1.5051655051877417,-0.6724530695810144,-0.4246389654400094,-0.5217857999668581,0.5098645680819912,1.5089841824618004,1.1430827836105175,-0.6998784612132741,-0.4964512170177951,-0.5082641370277591,Software—Application,Technology,KSPN
2010Q3,2010,Q3,2009-12-10,2009-10-31,-22317000.0,161387000.0,-21526000.0,-14.2,54640000.0,0.33856506410057813,446959000.0,182664000.0,397875000.0,231726000.0,264295000.0,368958000.0,89643000.0,43325100.0,99541100.0,116.36502627806976,1.7170062919137257,0.146214753478507,0.35777164630140584,-0.08487244876563851,116.36502627806976,-0.12217514124293785,0.2684547082478762,-0.485337410942331,0.23718466692944423,0.0,0.28932019362637484,0.0,0.3610778617278095,0.03942587366113427,-0.04993075427500061,-1.7848356265963583,0.33856506410057813,-0.2456140350877192,-4.220485230027028,-0.3562840838061564,-0.478666624021262,-0.07027394929385741,-0.256941706561532,-0.2664587868447373,-0.9265292039663553,-0.46739848682072116,-0.4934223885877053,Software—Application,Technology,KSPN
2010Q2,2010,Q2,2009-07-31,2009-07-31,-17755000.0,165746000.0,-16997000.0,-11.4,58770000.0,0.3545786926984663,401861000.0,204671000.0,349924000.0,164072000.0,197190000.0,320413000.0,111959000.0,34847341.5697,66789341.5697,130.38860928839907,2.132746599054074,0.0972475557468876,0.19094058269124595,-0.06793937437204646,130.38860928839907,-0.08674897762750952,0.21024544525780411,-0.49066941100675865,0.1702602790317143,0.0,0.333869100192564,0.0,0.41244609454512876,0.04350529036032961,-0.04418194350782982,69.83435184308618,0.3545786926984663,-0.2954545454545454,-3.1329045723995566,-0.33144291637933293,-0.41463961296632257,-0.1061868840491544,-0.29258881770529993,-0.24913647387374147,-1.251258193975563,-0.4544879057752956,-0.4496135872221394,Software—Application,Technology,KSPN
2010Q1,2010,Q1,2009-04-30,2009-04-30,-13736000.0,191433000.0,-13607000.0,-8.8,65752000.0,0.34347265100583496,416083000.0,222103000.0,361714000.0,159945000.0,193980000.0,332695000.0,129715000.0,21281280.0,48580280.0,141.93698875255623,2.2614898871487075,0.08536758291014053,0.1599258001918029,-0.049123303229113076,141.93698875255623,-0.06184517993903729,0.11116829386782844,-0.38732673267326734,0.09581716590951045,0.0,0.3777664226994695,0.0,0.46008368522626497,0.05139891837819251,-0.03301264411187191,-0.42644437319653733,0.34347265100583496,-0.47333474307464596,-7.422234357158836,-0.2771667003042611,-0.3591839479237644,-0.3833398983362407,-0.4523155001057306,-0.6646684609738194,-0.9061963813214801,-0.35025526445492494,-0.41542567312884204,Software—Application,Technology,KSPN
2009Q4,2009,Q4,2009-04-16,2009-01-31,-9458000.0,344654000.0,-8174000.0,-5.972844963688033,106626000.0,0.30937113743058253,487036000.0,235015000.0,429619000.0,216230000.0,252021000.0,378188000.0,143451000.0,24069200.0,748200.0,148.41490369434797,1.986861212597697,0.013826493318769045,0.028653490202753016,-0.034299396765529865,148.41490369434797,-0.040244239729378975,0.06983583535951998,-0.6362127299640515,0.10241559049422376,0.0,0.6293906734216844,0.0,0.7076561075567309,0.17395366045414604,-0.019419509030133297,0.28670534001977344,0.30937113743058253,0.6718217052918664,-1.2557806203856452,-0.36407415881263233,-0.41126147340574765,0.6300927978474569,0.6674636101539976,0.701874680866584,-1.4734207628391232,-0.2484042541591886,-0.37910819207845453,Software—Application,Technology,KSPN
2009Q3,2009,Q3,2008-10-31,2008-10-31,-28442000.0,195193000.0,-27418000.0,-18.2,65411000.0,0.3351093533067272,583764000.0,240092000.0,505323000.0,302551000.0,343672000.0,468832000.0,152909000.0,75019200.0,141507200.0,153.61955339433106,1.6702076674676336,0.12948897157070324,0.3148418106392549,-0.08479836388290941,153.61955339433106,-0.11846292254635724,0.3843334545808508,-0.6594051051262217,0.3124602235809606,0.0,0.27681984164903417,0.0,0.33436971104761515,0.030087489381955438,-0.04872174371835194,-2.7730455032713563,0.3351093533067272,-0.4677419354838709,-4.636923659315881,-0.1482214667738958,-0.22761483633831273,-0.13785422433109265,-0.47904316172646905,-0.46911000375073675,-1.5091583056307174,-0.18192789691552413,-0.33287218774051225,Software—Application,Technology,KSPN
2009Q2,2009,Q2,2008-07-31,2008-07-31,-19230000.0,215226000.0,-18663000.0,-12.4,75870000.0,0.3525131722003847,510581000.0,268176000.0,428686000.0,199871000.0,242405000.0,399193000.0,181350000.0,97381443.1212,136817443.1212,171.84159938485197,2.144813404645997,0.09760645225733038,0.18583318417755504,-0.0561159914253211,171.84159938485197,-0.07170664041524968,0.4524613342309944,-1.266009400951638,0.3631251235054591,0.0,0.34909429774570194,0.0,0.4215315493526003,0.07760505526064311,-0.03766297609977653,-6.679569457521092,0.3525131722003847,-0.6315789473684211,-7.030569786660785,0.061089884109189266,-0.12650794993005746,-0.0857714368342411,-0.626078132927448,-0.7264569842738205,-1.8807339383535926,-0.11510270435388198,-0.27180709344040205,Software—Application,Technology,KSPN
2009Q1,2009,Q1,2008-04-30,2008-04-30,-11826000.0,232551000.0,-10810000.0,-7.6,82988000.0,0.3568593555822164,533138000.0,286487000.0,447562000.0,202411000.0,246651000.0,417004000.0,200580000.0,113125316.8836,129719316.8836,183.8576562700552,2.2111545321153496,0.05568164340189594,0.10362075766090607,-0.03366965480860981,183.8576562700552,-0.041279359970958544,0.4864537967310396,-2.391453510984272,0.39487068133492964,0.0,0.35866082819349454,0.0,0.4361928806425353,0.0895603499809793,-0.022181874111393298,-1.2623198375709965,0.3568593555822164,0.817737660724833,-1.9044677146196598,0.06227304161633514,-0.07593946356691185,-0.4542848124572571,0.8208968786442321,-46.62114537444934,-12.104661765026409,-0.362130922900273,-0.24223550562119617,Software—Application,Technology,KSPN
2008Q4,2008,Q4,2008-01-31,2008-01-31,-66029000.0,451476000.0,-227000.0,-41.698137038206504,152072000.0,0.3368329656504443,638993000.0,298149000.0,546322000.0,294815000.0,340844000.0,440241000.0,212768000.0,136497695.2495,68895695.2495,188.28481212503948,1.8531010972983057,0.011037679598994042,0.023655957256271194,-0.03735175204477064,188.28481212503948,-0.2214630939563775,0.30233654778880825,-0.5168096414056702,0.45781704868874284,0.0,0.6800911319027533,0.0,0.706542951174739,0.30019842952359954,-0.10333290036041083,0.9657126956184912,0.3368329656504443,-3.5324061998050555,-2.543659099447217,-0.06659857883888187,-0.23961755044580008,0.6650462050540884,-3.6293907312627076,0.9904877639959772,-2.9040053058046658,-0.12070970192129787,-0.26259698310509166,Software—Application,Technology,KSPN
2008Q3,2008,Q3,2007-10-31,2007-10-31,-14263000.0,260570000.0,-23864000.0,-9.2,91332000.0,0.3505085005948497,813873000.0,363182000.0,649129000.0,401768000.0,450691000.0,569087000.0,278796000.0,133847045.34175,216990045.34175,233.89599098373853,1.6156811891439835,0.12124987559484096,0.271715007902374,-0.028012029770214768,233.89599098373853,-0.039272320764795615,0.5136702050955597,-2.346053518575159,0.36853986525144417,0.0,0.29738510983382155,0.0,0.3201605164442118,0.10519752693096514,-0.017524847242751634,-7.917601025835552,0.3505085005948497,-0.43749999999999983,-0.3112680100854728,0.34088006227389933,0.13194492188284074,-0.06767930422000368,-0.4158229104625769,-0.4153371686139612,-2.372988760027647,0.050700806373871324,0.0478903370507412,Software—Application,Technology,KSPN
2008Q2,2008,Q2,2007-07-31,2007-07-31,-10074000.0,267305000.0,-16861000.0,-6.4,97962000.0,0.366480237930454,711679000.0,377074000.0,539646000.0,282648000.0,334605000.0,474753000.0,293061000.0,144387150.0,210635150.0,242.87398151428295,1.9092510826186635,0.11171609672338231,0.21084985970923478,-0.019549702351603266,242.87398151428295,-0.02671624137437214,0.5401588073548942,-3.583163341274568,0.38291462683717253,0.0,0.35669706141930646,0.0,0.37559770626925904,0.1047805043729303,-0.014155258199272425,-22.532326779026217,0.366480237930454,-0.10344827586206906,-1.040334943845605,0.3042385587118693,0.0,-0.0614958661059005,-0.11081706913661925,-0.16944097655708143,-2.2235557374585384,0.09011818273768336,0.09034683777595844,Software—Application,Technology,KSPN
2008Q1,2008,Q1,2007-04-30,2007-04-30,-9069000.0,286307000.0,-14418000.0,-5.8,104381000.0,0.36457718463048405,721645000.0,386750000.0,543939000.0,280694000.0,334895000.0,494687000.0,303135000.0,166543276.9044,215137276.9044,249.87078433906188,1.9378362202255837,0.08630559347047372,0.16103943115707822,-0.017954779778531615,249.87078433906188,-0.023449256625727215,0.5816947434201748,-4.591004435560701,0.43062256471725924,0.0,0.3677598158027197,0.0,0.3967421654691711,0.05254120145069008,-0.012567120952823065,-1.043772378270107,0.36457718463048405,-1.2426627562883112,-0.8848813707585858,0.34818134081165814,0.0,-0.4877106707107591,-1.2396163601775523,-1.2506737138585113,-5.286760935945974,0.09294248355978522,0.1281147427221743,Software—Application,Technology,KSPN
2007Q4,2007,Q4,2007-01-31,2007-01-31,37848000.0,586680000.0,57517000.0,23.90148405431007,203754000.0,0.3473000613622418,829690000.0,393205000.0,646356000.0,380152000.0,436485000.0,504860000.0,310567000.0,177352000.0,66200000.0,248.31386169876856,1.7002567394094994,0.009013004857235834,0.01901806945486451,0.08008846441618775,248.31386169876856,0.09625513409035999,0.3022976750528397,1.1714753751849505,0.45104207728792867,0.0,0.7584795784970091,0.0,0.707107473875785,0.3327721542961763,0.04561703768877533,0.9996730736711572,0.3473000613622418,4.229930277609469,0.4106196889501911,0.4768338419463272,0.0,0.8725496503110899,4.325834797891037,3.7083392192870934,0.023555182951564363,0.08249134641642013,-0.014978055232674559,Software—Application,Technology,KSPN
2007Q3,2007,Q3,2006-10-31,2006-10-31,-11380000.0,297679000.0,-21237000.0,-7.4,108811000.0,0.3655313273694147,888798000.0,354233000.0,705797000.0,488824000.0,534565000.0,656187000.0,272719000.0,,,,,,,,,,,,,,,,,,,,,,,,,,,,,,,Software—Application,Technology,KSPN
2007Q2,2007,Q2,2006-07-31,2006-07-31,-7742000.0,298261000.0,-22645000.0,-5.0,106212000.0,0.3561042174471352,740666000.0,365045000.0,558617000.0,321512000.0,375621000.0,505463000.0,284099000.0,,,,,,,,,,,,,,,,,,,,,,,,,,,,,,,Software—Application,Technology,KSPN
2007Q1,2007,Q1,2006-04-30,2006-04-30,-7057000.0,288537000.0,-13660000.0,-4.6,100444000.0,0.3481147998350298,792034000.0,372085000.0,617638000.0,364172000.0,419949000.0,568735000.0,291841000.0,,,,,,,,,,,,,,,,,,,,,,,,,,,,,,,Software—Application,Technology,KSPN
