Quarters,Year,Quarter,FillingDate,Date,NetIncome,Revenue,OperatingIncome,EPSDiluted,GrossProfit,GrossProfitRatio,TotalAssets,CommonStockEquity,CurrentAssets,CurrentLiability,TotalLiability,Inventory,RetainedEarnings,MarketCap,EnterpriseValue,bookValuePerShare,currentRatio,debtToAssets,debtToEquity,roic,shareholdersEquityPerShare,roe,priceToSalesRatio,peRatio,pbRatio,payoutRatio,inventoryTurnover,dividendYield,assetTurnover,quickRatio,returnOnAssets,priceToFreeCashFlowsRatio,grossProfitMargin,epsdilutedGrowth,fiveYNetIncomeGrowthPerShare,fiveYRevenueGrowthPerShare,fiveYShareholdersEquityGrowthPerShare,grossProfitGrowth,netIncomeGrowth,operatingIncomeGrowth,threeYNetIncomeGrowthPerShare,threeYRevenueGrowthPerShare,threeYShareholdersEquityGrowthPerShare,Industry,Sector,Symbol
2023Q1,2023,Q1,2023-05-10,2023-03-31,1153000.0,5788000.0,3881000.0,0.16,7516000.0,1.2985487215,622036000.0,64905000.0,47673000.0,0.0,27431000.0,0.0,-21101000.0,23845796.080000002,-35381203.92,9.009367910354117,0.0,0.04409873383534072,0.42263307911563053,0.030542622744466303,9.009367910354117,0.017764424928742008,4.11986801658604,5.170380763226366,0.3673953636853864,0.0,0.0,0.0,0.009304927689072658,0.0,0.001853590467432753,-113.01325156398106,1.2985487214927436,-0.5555555555555556,1.6587267376622152,0.23032712020728893,2.6784374268944537,0.39056429232192413,-0.2561290322580645,-0.12333408628868309,2.4860625938228518,1.1493608249017064,2.4395123164088584,Banks—Regional,Financial Services,OPHC
2022Q4,2022,Q4,2023-03-06,2022-12-31,1550000.0,5405000.0,4427000.0,0.36,5405000.0,1.0,585219000.0,62580000.0,98382000.0,0.0,522639000.0,0.0,-22073000.0,17776002.99,-41887997.010000005,14.39874870318077,0.0,0.02079905129532705,0.19450303611377437,0.04292732414063775,14.39874870318077,0.024768296580377117,3.2888072136910265,2.8670972564516126,0.2840524606903164,0.0,0.0,0.0,0.00923585871272122,0.0,0.0026485811294575195,5.096331132454128,1.0,2.272727272727273,6.295396410018353,0.5132564516770088,5.636538862989273,0.08164898939363618,1.3031203566121843,1.1161567877629064,5.179972349082613,2.8119359218733395,4.713636060260762,Banks—Regional,Financial Services,OPHC
2022Q3,2022,Q3,2022-11-10,2022-09-30,673000.0,4997000.0,2092000.0,0.11,4997000.0,1.0,544825000.0,51205000.0,100429000.0,0.0,493620000.0,0.0,-23623000.0,24687187.360000003,20401187.36,8.441802096000295,0.0,0.12757674482632037,1.3574260326140026,0.012757050305926065,8.441802096000295,0.013143247729713895,4.940401713027818,9.170574799405648,0.482124545649839,0.0,0.0,0.0,0.009171752397558849,0.0,0.0012352590281282981,11.17572990493436,1.0,-0.3125,3.186257496431426,0.03417669975066018,2.5432031941518587,0.1062652202789462,-0.2878306878306878,0.3602080624187256,1.7640951593300502,1.1124280435495104,2.396925143124456,Banks—Regional,Financial Services,OPHC
2022Q2,2022,Q2,2022-08-08,2022-06-30,945000.0,4517000.0,1538000.0,0.16,4517000.0,1.0,466599000.0,48030000.0,105477000.0,1564000.0,418569000.0,0.0,-24296000.0,24029936.0,16324936.0,7.995027535653861,67.44053708439898,0.15243924654789232,1.4809077659795962,0.009509726274874921,7.995027535653861,0.01967520299812617,5.319888421518707,6.357125925925926,0.5003109723089736,0.0,0.0,0.0,0.00968068941425078,67.44053708439898,0.0020252936675817994,8.763652808169219,1.0,-0.058823529411764754,2.0331928266475616,0.025558466796766505,2.3004448743489134,0.1650760897601238,0.10526315789473684,0.11368573497465605,1.6883902838990614,0.6843881737465183,1.9826952855797926,Banks—Regional,Financial Services,OPHC
2022Q1,2022,Q1,2022-05-11,2022-03-31,855000.0,3877000.0,1381000.0,0.17,3877000.0,1.0,387174000.0,49317000.0,104065000.0,0.0,337857000.0,0.0,-25241000.0,20596679.83,-31975320.17,10.080487326777074,0.0,0.0506748903593733,0.3978344181519557,0.01461551758487192,10.080487326777074,0.01733682097451183,5.312530263090018,6.022421002923976,0.4176385390433319,0.0,0.0,0.0,0.010013585623001545,0.0,0.0022083094422662678,12.880975503439648,1.0,-0.8396226415094339,1.681421818641656,-0.051578837491269486,2.9528370644172646,0.300570278430057,-0.8136036625245259,-0.5500162919517758,3.2240703542969684,0.8733051076394869,2.620674089096915,Banks—Regional,Financial Services,OPHC
2021Q4,2021,Q4,2022-03-08,2021-12-31,4587000.0,2981000.0,3069000.0,1.06,2981000.0,1.0,351878000.0,38510000.0,49046000.0,2815000.0,313368000.0,0.0,-26096000.0,17080609.23,4439609.23,8.860591443903667,17.423090586145648,0.007999931794542427,0.07309789665022072,0.25048046332870716,8.860591443903667,0.11911191898208258,5.7298253035894,0.9309248544800525,0.44353698338094005,0.0,0.0,0.0,0.008471686209424857,17.423090586145648,0.013035768078709098,0.0,1.0,4.047619047619048,14.233866205529367,0.205155269171151,2.1733830077900587,-0.06493099121706399,4.002181025081788,0.0,4.15774253995465,0.6615223590353524,2.1027433310595347,Banks—Regional,Financial Services,OPHC
2021Q3,2021,Q3,2021-11-09,2021-09-30,917000.0,3188000.0,0.0,0.21,3188000.0,1.0,335073000.0,33172000.0,0.0,0.0,301901000.0,0.0,-30683000.0,22513372.98,-42071627.019999996,7.632395205847116,0.0,0.0566980926544365,0.5727119257204871,0.0,7.632395205847116,0.027643795972506935,7.061911223337516,6.13777889312977,0.6786860297841553,0.0,0.0,0.0,0.009514344635348119,0.0,0.0027367170735929187,-14.132688625235405,1.0,0.4999999999999998,9.526823855621286,-0.18010634392027663,1.5256716319948305,0.3519932145886344,1.0653153153153154,0.0,2.6291248097059325,0.4247516177138184,1.0542562062561305,Banks—Regional,Financial Services,OPHC
2021Q2,2021,Q2,2021-08-11,2021-06-30,444000.0,2358000.0,0.0,0.14,2358000.0,1.0,294144000.0,29172000.0,0.0,0.0,264972000.0,0.0,-31600000.0,15790079.3716,-38089920.6284,8.912657060680738,0.0,0.06890162641427328,0.6947415329768271,0.0,8.912657060680738,0.015220074043603456,6.696386501950806,8.890810456981981,0.5412751738516386,0.0,0.0,0.0,0.008016481723237597,0.0,0.0015094647519582245,14.995327038556505,1.0,0.2727272727272728,3.628289162133245,-0.22293741155207966,1.5478218244711244,0.2663802363050483,0.27586206896551724,0.0,-0.8995507820255362,0.2808584784463374,1.475081906732719,Banks—Regional,Financial Services,OPHC
2021Q1,2021,Q1,2021-05-12,2021-03-31,348000.0,1862000.0,0.0,0.11,1862000.0,1.0,252576000.0,21323000.0,0.0,0.0,231253000.0,0.0,-32044000.0,12397839.120000001,-20149160.879999995,6.655999420647427,0.0,0.08372529456480425,0.9917460019697041,0.0,6.655999420647427,0.016320405196266943,6.658345392051558,8.906493620689655,0.5814303390704872,0.0,0.0,0.0,0.0073720385151399975,0.0,0.0013778031166856708,61.68079164179105,1.0,-0.12019287262872624,1.3792842612510954,-0.4165507265682683,1.0961460554554143,0.17624763108022742,-0.056910569105691054,0.0,1.4470993401715688,-0.1099374011552534,1.7175799263518978,Banks—Regional,Financial Services,OPHC
2020Q4,2020,Q4,2021-03-25,2020-12-31,369000.0,1583000.0,0.0,0.12502740268615783,1583000.0,1.0,235112000.0,17834000.0,0.0,0.0,217278000.0,0.0,-32392000.0,9946059.61,-18691940.39,6.0426523021814065,0.0,0.11054731362074245,1.457384770662779,0.0,6.0426523021814065,0.020690815296624424,6.283044605180038,6.73852277100271,0.5577021201076595,0.0,0.0,0.0,0.006732961312055531,0.0,0.001569464765728674,18.01822393115942,1.0,1.7354553099185754,4.651076734205387,-0.48517961347521776,0.9626359528143116,0.0924775707384403,1.7439516129032258,0.0,2.8564480233431833,-0.34733939306854766,1.785123739960797,Banks—Regional,Financial Services,OPHC
2020Q3,2020,Q3,2020-11-12,2020-09-30,-496000.0,1449000.0,0.0,-0.17,1449000.0,1.0,208604000.0,13684000.0,0.0,0.0,194920000.0,0.0,-32761000.0,8027680.16,-10705319.840000004,4.636517556524075,0.0,0.1272171195183218,1.939345220695703,0.0,4.636517556524075,-0.036246711487869045,5.540151939268461,-4.046209758064516,0.5866471908798597,0.0,0.0,0.0,0.006946175528753044,0.0,-0.002377710878027267,-5.5593352908587255,1.0,-0.4166666666666668,-4.491970955870659,-0.5702731151545645,0.39402099828902937,0.22485207100591717,-0.42939481268011526,0.0,-2.3114939874307527,-0.3836749327588146,0.9460446512718984,Banks—Regional,Financial Services,OPHC
2020Q2,2020,Q2,2020-08-11,2020-06-30,-347000.0,1183000.0,0.0,-0.12,1183000.0,1.0,180823000.0,9677000.0,0.0,0.0,171146000.0,0.0,-32265000.0,7201301.32,8814301.32,3.2788351647532505,0.0,0.17454084933885622,3.261444662602046,0.0,3.2788351647532505,-0.035858220522889325,6.087321487743027,-5.188257435158501,0.7441667169577348,0.0,0.0,0.0,0.006542309330118403,0.0,-0.0019190036665689652,-12.123402895622895,1.0,-0.09090909090909087,-19.688082889440874,-0.6218882997424544,0.05784695098399601,0.10664172123479888,-0.1266233766233766,0.0,0.22776316287737158,-0.453278007298655,0.3535431447966629,Banks—Regional,Financial Services,OPHC
2020Q1,2020,Q1,2020-05-14,2020-03-31,-308000.0,1069000.0,0.0,-0.11,1069000.0,1.0,141368000.0,7491000.0,0.0,0.0,133877000.0,0.0,-31918000.0,7121011.5600000005,14840011.56,2.619373644156814,0.0,0.1882109105313791,3.551862234681618,0.0,2.619373644156814,-0.041116005873715125,6.661376576239476,-5.780041850649352,0.9506089387264719,0.0,0.0,0.0,0.007561824458151774,0.0,-0.0021787108822364327,-41.401230000000005,1.0,-0.2892739344262295,0.44000732476747256,-0.6295945641263001,-0.2075423347452741,0.1457663451232583,-0.26229508196721313,0.0,0.5800733710731499,-0.5526412680319704,0.027128638778928214,Banks—Regional,Financial Services,OPHC
2019Q4,2019,Q4,2020-03-25,2019-12-31,-244000.0,933000.0,0.0,-0.08531933909681787,933000.0,1.0,126748000.0,7207000.0,0.0,0.0,119541000.0,0.0,-31610000.0,7921767.88,15628767.879999999,2.5200675281588785,0.0,0.13129201249723862,2.3090051338975996,0.0,2.5200675281588785,-0.03385597335923408,8.490640814576635,-8.116565450819673,1.0991768946857223,0.0,0.0,0.0,0.00736106289645596,0.0,-0.0019250796856755137,32.59986781893004,1.0,0.4312044060212142,-8.340069280320565,-0.7498102564500027,-0.19945262694603547,0.24069148936170212,0.12857142857142856,0.0,-0.06983373600416344,-0.4267670652286348,-0.09744857067694578,Banks—Regional,Financial Services,OPHC
2019Q3,2019,Q3,2019-11-14,2019-09-30,-280000.0,752000.0,0.0,-0.15,752000.0,1.0,119305000.0,4792000.0,0.0,0.0,114513000.0,0.0,-31366000.0,5756268.618799999,16606268.6188,2.4851304460114227,0.0,0.1613511587946859,4.017111853088481,0.0,2.4851304460114227,-0.05843071786310518,7.654612524999999,-5.139525552499999,1.2012246700333888,0.0,0.0,0.0,0.006303172540966431,0.0,-0.002346925946104522,-7.379831562564101,1.0,0.3478260869565218,-0.6823646729629633,-0.653446877630431,-0.2600503886115774,-0.10476190476190476,0.3488372093023256,0.0,-8.244847345186045,-0.5640865781249713,-0.17763384887495862,Banks—Regional,Financial Services,OPHC
2019Q2,2019,Q2,2019-08-14,2019-06-30,-430000.0,840000.0,0.0,-0.23,840000.0,1.0,111270000.0,5044000.0,0.0,0.0,106226000.0,0.0,-31086000.0,6586156.5,12424156.5,2.6804707722933703,0.0,0.16316167879931698,3.5993259318001587,0.0,2.6804707722933703,-0.08524980174464711,7.8406625,-3.8291607558139535,1.3057407811260904,0.0,0.0,0.0,0.007549204637368563,0.0,-0.0038644738024624786,-22.17561111111111,1.0,-1.8750000000000002,-1.1399118522578353,-0.82758871533845,0.11375930888866102,0.06870229007633588,-1.9452054794520548,0.0,-3.4274497070737184,-0.5185108637907844,-0.2337456847033224,Banks—Regional,Financial Services,OPHC
2019Q1,2019,Q1,2019-05-14,2019-03-31,-146000.0,786000.0,0.0,-0.08,786000.0,1.0,106722000.0,5173000.0,0.0,0.0,101549000.0,0.0,-30660000.0,7118260.422,11714260.422,2.784146564622555,0.0,0.1701148779070857,3.5095689155229075,0.0,2.784146564622555,-0.028223468006959213,9.056310969465649,-12.188802092465755,1.3760410635994589,0.0,0.0,0.0,0.007364929442851521,0.0,-0.0013680403290792901,-30.550473914163092,1.0,0.7606415458937198,-1.1909790121970831,-0.6932291103093996,3.9732794632138155,0.024771838331160364,0.7648953301127214,0.0,0.7256385557073456,-0.575350497438133,-0.12320036850669555,Banks—Regional,Financial Services,OPHC
2018Q4,2018,Q4,2019-03-27,2018-12-31,-621000.0,767000.0,0.0,-0.3342267575160655,767000.0,1.0,100368000.0,5306000.0,0.0,0.0,95062000.0,0.0,-30510000.0,5574060.0,27346060.0,2.8557281407089268,0.0,0.29645903076677826,5.6078024877497175,0.0,2.8557281407089268,-0.11703731624575951,7.26735332464146,-2.243985507246377,1.0505201658499812,0.0,0.0,0.0,0.007641877889367129,0.0,-0.006187230989956959,-13.562189781021898,1.0,-1.5709750578158885,0.8851482874671378,-0.6973610867671504,11.603768099215134,-0.0448318804483188,-2.0742574257425743,0.0,-8.760160669569073,-0.6037758359357053,-0.07246777737061223,Banks—Regional,Financial Services,OPHC
2018Q3,2018,Q3,2018-11-14,2018-09-30,-202000.0,803000.0,0.0,-0.13,803000.0,1.0,98118000.0,5795000.0,0.0,0.0,92323000.0,0.0,-29889000.0,7829804.4399999995,33487804.439999998,3.7154056940916393,0.0,0.3231313316618765,5.471095772217429,0.0,3.7154056940916393,-0.03485763589301122,9.750690460772104,-9.69035202970297,1.3511310509059533,0.0,0.0,0.0,0.008184023318860964,0.0,-0.002058745592042235,-978.725555,1.0,-1.096296296296296,0.7125876455498529,-0.5636616257947719,0.2522097785290685,0.012610340479192938,-1.10609243697479,0.0,-3.691003575163311,-0.5493766997634354,0.11707838729920643,Banks—Regional,Financial Services,OPHC
2018Q2,2018,Q2,2018-08-14,2018-06-30,1904000.0,793000.0,0.0,1.35,793000.0,1.0,90764000.0,5077000.0,0.0,0.0,85687000.0,0.0,-29687000.0,6344568.0,33719568.0,3.6009543912209625,0.0,0.349312502754396,6.244829623793579,0.0,3.6009543912209625,0.37502462083907817,8.000716267339218,0.8330577731092438,1.2496687019893638,0.0,0.0,0.0,0.008736944162883963,0.0,0.020977480058172845,19.34319512195122,1.0,6.625000000000001,1.4712287306400689,-0.28490696827127826,0.18369287336639634,0.03524804177545692,7.680701754385965,0.0,213.6514542834122,-0.4694330746866011,0.16177191959333928,Banks—Regional,Financial Services,OPHC
2018Q1,2018,Q1,2018-05-14,2018-03-31,-285000.0,766000.0,0.0,-0.24,766000.0,1.0,88844000.0,2873000.0,0.0,0.0,85971000.0,0.0,-31591000.0,4961866.140000001,26972866.14,2.449237778107412,0.0,0.29439241817117645,9.103724329968674,0.0,2.449237778107412,-0.0991994430908458,6.477632036553525,-4.3525141578947375,1.7270679220327185,0.0,0.0,0.0,0.008621854036288325,0.0,-0.00320786997433704,-41.69635411764706,1.0,-2.5635989873417717,0.9112644295154575,-0.11150858309892406,-0.5921638590094382,-0.2053941908713693,-2.607594936708861,1.0,-0.26332228509688693,-0.352907921705053,-0.2590147436115551,Banks—Regional,Financial Services,OPHC
2017Q4,2017,Q4,2018-03-28,2017-12-31,-79000.0,964000.0,-79000.0,-0.06734764513417527,964000.0,1.0,95866000.0,2545000.0,0.0,0.0,93321000.0,0.0,-31306000.0,5513184.600000001,19503184.6,2.1696171755250133,0.0,0.26761312665595727,10.080550098231827,-0.002801418439716312,2.1696171755250133,-0.031041257367387033,5.719071161825727,-17.44678670886076,2.166280785854617,0.0,0.0,0.0,0.010055702751757661,0.0,-0.0008240669267519246,551.3184600000001,1.0,-0.34695290268350526,0.9771312652491266,0.9325701075244027,-0.7526495127900183,0.09670079635949944,-0.4107142857142857,-0.4107142857142857,-6.793954645972263,-0.36976493993096576,-0.3107798457812558,Banks—Regional,Financial Services,OPHC
2017Q3,2017,Q3,2017-11-13,2017-09-30,-56000.0,879000.0,-56000.0,-0.05,879000.0,1.0,108472000.0,2629000.0,0.0,0.0,105843000.0,0.0,-31227000.0,2295169.7600000002,9436169.76,2.3825340048049433,0.0,0.2365126484254001,9.758463294028148,-0.0019799179748267574,2.3825340048049433,-0.02130087485736021,2.6111146302616612,-10.246293571428572,0.8730200684670977,0.0,0.0,0.0,0.008103473707500553,0.0,-0.0005162622612287042,39.57189241379311,1.0,0.6875,0.9639614178425845,-0.1358882914818654,-0.8044231655412898,0.0865265760197775,0.6666666666666666,0.6666666666666666,0.41201495938280314,-0.29212432029301716,-0.29059856241968207,Banks—Regional,Financial Services,OPHC
2017Q2,2017,Q2,2017-08-14,2017-06-30,-168000.0,809000.0,-168000.0,-0.16,809000.0,1.0,112755000.0,2673000.0,0.0,0.0,110082000.0,0.0,-31169000.0,3302837.5604,9221837.5604,2.422409050910465,0.0,0.2275287126956676,9.59783015338571,-0.005930528099406947,2.422409050910465,-0.06285072951739619,4.082617503584673,-4.914936845833333,1.2356294651702207,0.0,0.0,0.0,0.0071748481220345,0.0,-0.0014899560995077824,9.436678744,1.0,0.38461538461538464,0.8678413108278793,-0.38205119013098865,-0.78909611297122,-0.12255965292841649,0.40636042402826855,0.40636042402826855,-1.0932197332506925,-0.7168298655741986,0.006532381652990593,Banks—Regional,Financial Services,OPHC
2017Q1,2017,Q1,2017-05-12,2017-03-31,-283000.0,922000.0,-283000.0,-0.26,922000.0,1.0,117865000.0,2814000.0,0.0,0.0,115051000.0,0.0,-31000000.0,3475306.3265000004,11349306.3265,2.5501904486577063,0.0,0.21766427692699275,9.116915422885572,-0.009940637184305736,2.5501904486577063,-0.10056858564321251,3.7693127185466384,-3.070058592314488,1.23500580188344,0.0,0.0,0.0,0.007822508802443473,0.0,-0.002401052051075383,59.91907459482759,1.0,-2.2601843181818184,0.7520217534383827,-0.2571906786464695,-0.8244343318382619,0.4681528662420382,-2.215909090909091,-2.215909090909091,-1.62333014250578,-0.39407143445386644,3.555367144370432,Banks—Regional,Financial Services,OPHC
2016Q4,2016,Q4,2017-03-20,2016-12-31,-88000.0,628000.0,-88000.0,-0.07975009221104412,628000.0,1.0,119703000.0,3081000.0,0.0,0.0,116622000.0,0.0,-30717000.0,4171029.6599999997,15186029.66,2.792159478434397,0.0,0.23938414241915407,9.3005517689062,-0.0027728762288883285,2.792159478434397,-0.028562155144433627,6.641766974522293,-11.849516079545454,1.3537908666017526,0.0,0.0,0.0,0.00524631797030985,0.0,-0.000735152836603928,20.05302721153846,1.0,-4.9875046105522065,0.2126679142086793,-0.5576447240239497,-0.7684589614473409,-0.3604887983706721,-5.0,-5.0,0.9725951484759511,-0.5827580612111747,11.367727650011483,Banks—Regional,Financial Services,OPHC
2016Q3,2016,Q3,2016-11-14,2016-09-30,22000.0,982000.0,22000.0,0.02,982000.0,1.0,121721000.0,3317000.0,0.0,0.0,118404000.0,0.0,-30629000.0,5213809.0,19428809.0,3.0219269635692445,0.0,0.21076888950961625,7.734398552909255,0.0007593538588982466,3.0219269635692445,0.006632499246306904,5.309377800407332,59.24782954545455,1.5718447392221888,0.0,0.0,0.0,0.008067630072050016,0.0,0.00018074120324348305,23.916555045871558,1.0,1.4000000000000001,1.0007291994680965,-0.9736710035835584,1.0362189174925622,0.012371134020618556,1.4074074074074074,1.4074074074074074,1.0444797598660964,-0.24176287996663443,0.018485410570275897,Banks—Regional,Financial Services,OPHC
2016Q2,2016,Q2,2016-08-15,2016-06-30,-54000.0,970000.0,-54000.0,-0.05,970000.0,1.0,123648000.0,3660000.0,0.0,0.0,119988000.0,0.0,-30652000.0,3923505.0,15914505.0,3.4981477021183864,0.0,0.20748414855072464,7.009562841530054,-0.0018420603786457445,3.4981477021183864,-0.014754098360655738,4.044850515463917,-18.164375,1.0719959016393443,0.0,0.0,0.0,0.007844849896480332,0.0,-0.00043672360248447206,-89.17056818181818,1.0,0.8275862068965517,0.9994633660360802,-0.9816345396938474,1.0613989369173016,0.010416666666666666,0.8043478260869565,0.8043478260869565,0.9819903539679495,0.1787119675869145,0.14989862550760785,Banks—Regional,Financial Services,OPHC
2016Q1,2016,Q1,2016-05-13,2016-03-31,-276000.0,960000.0,-276000.0,-0.29,960000.0,1.0,126594000.0,3060000.0,0.0,0.0,123534000.0,0.0,-30597000.0,4500352.91,21513352.91,3.17535097486388,0.0,0.22832835679416086,9.446078431372548,-0.008634443923040826,3.17535097486388,-0.09019607843137255,4.687867614583333,-4.076406621376812,1.470703565359477,0.0,0.0,0.0,0.007583297786624959,0.0,-0.0021801981136546755,66.18166044117648,1.0,-7.468641515151515,0.9949296306457975,-0.9777965942458727,-0.9612391454003952,-0.043824701195219126,-7.363636363636363,-7.363636363636363,0.8953987310664553,0.3554099997876755,-0.471254730980101,Banks—Regional,Financial Services,OPHC
2015Q4,2015,Q4,2016-03-25,2015-12-31,-33000.0,1004000.0,-33000.0,-0.03424398110147322,1004000.0,1.0,127478000.0,2967000.0,0.0,0.0,124511000.0,0.0,-30321000.0,3584863.56,18374863.560000002,3.0788452099415466,0.0,0.19732816642871712,8.478260869565217,-0.001173458502240239,3.0788452099415466,-0.011122345803842264,3.570581235059761,-27.158057272727273,1.2082452173913043,0.0,0.0,0.0,0.007875868777357662,0.0,-0.00025886819686534145,-17.07077885714286,1.0,-1.7115318614076154,0.9995834801277308,-0.9753007455541147,-0.9777552076066199,-0.08058608058608059,-1.7173913043478262,0.8795620437956204,0.9883720281672309,1.4500047246162078,-0.6489915956998841,Banks—Regional,Financial Services,OPHC
2015Q3,2015,Q3,2015-11-13,2015-09-30,46000.0,1092000.0,-274000.0,0.0481271225630413,1092000.0,1.0,119607000.0,3179000.0,0.0,0.0,116428000.0,0.0,-30288000.0,10227081.399999999,23102081.4,3.326002665824093,0.0,0.1768709189261498,6.654608367411136,0.0018903591682419647,3.326002665824093,0.014469959106637308,9.365459157509155,55.58196413043478,3.217074992135892,0.0,0.0,0.0,0.009129900423888233,0.0,0.0003845928749989549,42.08675473251028,1.0,6.650154595937261,1.000640600458547,-0.9737916781871401,-0.9849229553862787,0.08011869436201781,6.666666666666667,-46.666666666666664,1.0341759853211765,0.23933066707681422,-0.7269759543950925,Banks—Regional,Financial Services,OPHC
2015Q2,2015,Q2,2015-08-14,2015-06-30,6000.0,1011000.0,6000.0,0.006291,1011000.0,1.0,132651000.0,2956000.0,0.0,0.0,129695000.0,0.0,-30333000.0,9441540.9,22272540.9,3.0995364326600545,0.0,0.21028865217751844,9.436738836265222,0.00019448316099964346,3.0995364326600545,0.0020297699594046007,9.338813946587537,393.3975375,3.19402601488498,0.0,0.0,0.0,0.0076215030418164955,0.0,4.523147205825814e-05,34.96867,1.0,1.031455,1.0000606623186594,-0.9782458117491994,-0.9895215407492773,0.05863874345549738,1.032967032967033,1.032967032967033,1.005461117051349,-0.10649100652296344,-0.7301428999410201,Banks—Regional,Financial Services,OPHC
2015Q1,2015,Q1,2015-05-15,2015-03-31,-182000.0,955000.0,-182000.0,-0.2,955000.0,1.0,129111000.0,3128000.0,0.0,0.0,125983000.0,0.0,-30340000.0,8422390.4,27527390.4,3.305379907347919,0.0,0.24703549658820706,10.19661125319693,-0.005196585101219199,3.305379907347919,-0.058184143222506396,8.819256963350785,-11.569217582417583,2.692580051150895,0.0,0.0,0.0,0.007396736141769485,0.0,-0.0014096397673319856,28.074634666666668,1.0,-18.20610909090909,0.9987318970078278,-0.9919424948300861,-0.9917264506841255,-0.2260940032414911,-17.545454545454547,-17.545454545454547,0.8140463728698382,-0.10286890009882105,-0.7724439630509286,Banks—Regional,Financial Services,OPHC
2014Q4,2014,Q4,2015-04-02,2014-12-31,11000.0,1234000.0,11000.0,0.011623778446555981,1234000.0,1.0,124530000.0,2979000.0,0.0,0.0,121551000.0,0.0,-30158000.0,9943152.352,25764152.351999998,3.1479305447536605,0.0,0.22400224845418776,9.36388049681101,0.0003562868432985684,3.1479305447536605,0.0036925142665323934,8.057659928687196,225.98073527272726,3.3377483558241017,0.0,0.0,0.0,0.009909258813137397,0.0,8.833212880430418e-05,-50.472854578680206,1.0,1.1162377844655598,1.0000262869901264,-0.9718890097119172,-0.9942886589691217,0.19805825242718447,1.139240506329114,0.0,1.114755650750655,0.013521215783472696,-0.7389564911125381,Banks—Regional,Financial Services,OPHC
2014Q3,2014,Q3,2014-11-12,2014-09-30,-79000.0,1030000.0,0.0,-0.1,1030000.0,1.0,122833000.0,3074000.0,0.0,0.0,119759000.0,0.0,-30169000.0,11715660.8,30841660.8,3.358513076786928,0.0,0.22709695277327754,9.074495770982434,0.0,3.358513076786928,-0.025699414443721535,11.374427961165049,-37.07487594936709,3.8112104098893953,0.0,0.0,0.0,0.008385368752696751,0.0,-0.0006431496421971294,-100.99707586206897,1.0,-1.0625,0.9943525045915396,-0.9844907231652934,-0.9966190352038637,-0.5162047909816816,-1.0588235294117647,-1.0,0.9968598135021197,-0.9668819520541296,1.0402530271221924,Banks—Regional,Financial Services,OPHC
2014Q2,2014,Q2,2014-08-14,2014-06-30,1343000.0,2129000.0,1343000.0,1.6,2129000.0,1.0,128364000.0,1979000.0,0.0,0.0,126385000.0,0.0,-30090000.0,10360879.2,24827879.2,2.4066876486698154,0.0,0.21731170733227384,14.095502779181405,0.04495547968132824,2.4066876486698154,0.6786255684689237,4.866547299201502,1.9286819061801934,5.235411419909045,0.0,0.0,0.0,0.01658564706615562,0.0,0.010462434950609206,7.801866867469879,1.0,3.0000000000000004,1.0454466719639843,-0.9663334208162566,-0.9977685185148155,0.9249547920433996,3.06969696969697,3.06969696969697,1.0169815483679259,-0.9487111900114151,1.0422418021488464,Banks—Regional,Financial Services,OPHC
2014Q1,2014,Q1,2014-05-06,2014-03-31,330000.0,1106000.0,330000.0,0.4,1106000.0,1.0,132779000.0,449000.0,0.0,0.0,132330000.0,0.0,-31433000.0,8983672.442,25299672.442,0.5598210567526389,0.0,0.210085932263385,62.12694877505568,0.011642675698560543,0.5598210567526389,0.734966592427617,8.122669477396022,6.805812456060606,20.008179158129174,0.0,0.0,0.0,0.008329630438548265,0.0,0.0024853327709954136,57.95917704516129,1.0,1.1374536418166237,-0.8547085718874986,-0.9812712914344491,-0.9994976694386266,0.010968921389396709,1.141388174807198,1.163853028798411,1.0072841190406863,-0.9692647981750195,-0.9931663797941214,Banks—Regional,Financial Services,OPHC
2013Q4,2013,Q4,2014-03-31,2013-12-31,-2334000.0,1094000.0,-2014000.0,-2.910072041115054,1094000.0,1.0,128783000.0,-216000.0,0.0,0.0,128999000.0,0.0,-31763000.0,11990527.899999999,26004527.9,-0.26931257964046773,0.0,0.2166046760830234,-129.1435185185185,-0.07276274431879765,-0.26931257964046773,10.805555555555555,10.960263162705665,-1.2843324657240787,-55.51170324074074,0.0,0.0,0.0,0.00849491004247455,0.0,-0.01812351009061755,-5.9417878592666,1.0,-4.820144082230108,0.880558746544935,-0.9829655733617988,-1.00024229259581,0.28554641598119856,-6.181538461538461,-5.3734177215189876,0.9646039159037056,-0.9676629771720646,-1.0019457952623547,Banks—Regional,Financial Services,OPHC
2013Q3,2013,Q3,2013-11-14,2013-09-30,-325000.0,851000.0,-316000.0,-0.5,851000.0,1.0,127818000.0,2140000.0,0.0,0.0,125678000.0,0.0,-29429000.0,11395718.4,27559718.4,2.967079284795244,0.0,0.1983679919886088,11.848130841121495,-0.01149299872704128,2.967079284795244,-0.15186915887850466,13.390973443008226,-8.76593723076923,5.325102056074766,0.0,0.0,0.0,0.006657904207545104,0.0,-0.0025426778700965436,-32.55919542857143,1.0,0.8275862068965517,-1.0459149207708298,-0.9857430576577786,-0.9973877508992007,0.3725806451612903,0.8561310314298363,0.8502369668246446,0.9940021432707745,-0.9729336653222755,-0.9865499846981566,Banks—Regional,Financial Services,OPHC
2013Q2,2013,Q2,2013-08-14,2013-06-30,-2259000.0,620000.0,-2110000.0,-2.9,620000.0,1.0,135901000.0,2398000.0,0.0,0.0,133503000.0,0.0,-29104000.0,12060408.600000001,27250408.6,3.042135736595193,0.0,0.24175686713122052,13.701000834028356,-0.05985306215073895,3.042135736595193,-0.9420350291909925,19.452271935483875,-1.3347065737051793,5.029361384487073,0.0,0.0,0.0,0.00456214450224796,0.0,-0.01662239424286797,-177.35895000000002,1.0,-0.03571428571428575,-1.1512742721446403,-0.9905184600927623,-0.9972979755400839,0.07081174438687392,-0.04728789986091794,0.021789522484932777,0.9723674426583366,-0.9838593689760708,-0.9897155926237258,Banks—Regional,Financial Services,OPHC
2013Q1,2013,Q1,2013-05-14,2013-03-31,-2157000.0,579000.0,-2157000.0,-2.8,579000.0,1.0,135602000.0,4731000.0,0.0,0.0,130871000.0,0.0,-26845000.0,14495243.999999998,31409244.0,6.005445648241588,0.0,0.24228993672659696,6.9446205876136125,-0.057388389293886025,6.005445648241588,-0.4559289790741915,25.034963730569945,-1.6800236439499303,3.0638858592263793,0.0,0.0,0.0,0.004269848527307857,0.0,-0.015906845031784193,-20.677951497860196,1.0,0.049225000000000026,-1.1347647256175597,-0.9909668591361391,-0.9944082116301706,0.7283582089552239,0.07025862068965517,-0.12872841444270017,0.981946103901048,-0.9941316847106331,-0.9849680363143501,Banks—Regional,Financial Services,OPHC
2012Q4,2012,Q4,2013-04-04,2012-12-31,-2320000.0,335000.0,-1911000.0,-2.9449659488312165,335000.0,1.0,143743000.0,6910000.0,0.0,0.0,136833000.0,0.0,-24688000.0,15440586.000000002,24684586.0,8.77142875276884,0.0,0.22856765199000995,4.7547033285094065,,8.77142875276884,-0.3357452966714906,46.09130149253732,-1.6638562500000003,2.2345276410998554,0.0,0.0,0.0,0.0023305482701766345,0.0,-0.016139916378536692,-19.300732500000002,1.0,-0.8406037180195103,-1.1238704302979505,-0.9948307401129557,-0.9916748901822847,-0.5007451564828614,-1.2634146341463415,-0.864390243902439,0.9933400063347987,-0.990832657721533,-0.9840858557001501,Banks—Regional,Financial Services,OPHC
2012Q3,2012,Q3,2012-11-14,2012-09-30,-1025000.0,671000.0,-1025000.0,-1.6,671000.0,1.0,149994000.0,8867000.0,0.0,320000.0,141127000.0,0.0,-22368000.0,17468928.0,44996928.0,12.182086960344677,0.0,0.22117551368721416,3.741400699221834,,12.182086960344677,-0.11559715800157888,26.034169895678094,-4.2607141463414635,1.9701057854967858,0.0,0.0,0.0,0.004473512273824286,19.1375,-0.0068336066776004374,-16.495682719546743,1.0,-0.3333333333333335,-1.0646910652813864,-0.9889458561562436,-0.9887053832951298,-0.15384615384615385,-0.33116883116883117,-0.33116883116883117,0.907858672058058,-0.9872948835516198,-0.9877364755727557,Banks—Regional,Financial Services,OPHC
2012Q2,2012,Q2,2012-08-14,2012-06-30,-770000.0,793000.0,-770000.0,-1.2,793000.0,1.0,154148000.0,7677000.0,0.0,1324000.0,146471000.0,0.0,-21343000.0,17137468.32,49334468.32,11.485843551948868,0.0,0.24767755663388433,4.973166601537058,,11.485843551948868,-0.1002995961964309,21.61093104665826,-5.564113090909091,2.2323131848378273,0.0,0.0,0.0,0.005144406674105405,4.88368580060423,-0.004995199418740431,-372.55365913043477,1.0,0.0,-1.0610633035425014,-0.9859240171201267,-0.988897360690772,0.2527646129541864,-0.3230240549828179,-0.3230240549828179,0.9679436390890894,-0.9845725574661462,-0.9893503225306088,Banks—Regional,Financial Services,OPHC
2012Q1,2012,Q1,2012-05-11,2012-03-31,-582000.0,633000.0,-582000.0,-1.2,633000.0,1.0,152938000.0,8174000.0,0.0,457000.0,144764000.0,0.0,-20573000.0,79232665.60000001,108085665.60000001,14.525564567147416,0.0,0.24396814395375904,4.56471739662344,,14.525564567147416,-0.07120137019818938,125.17008783570301,-34.034650171821305,9.693254905798875,0.0,0.0,0.0,0.004138932116282415,19.592997811816193,-0.0038054636519373863,-71.96427393278839,1.0,-10.84698947368421,-1.0498871679044923,-0.9864921429541397,-0.9860132454242344,-0.12569060773480664,-9.210526315789474,0.0,-1.365211577410402,-0.9847225133160993,-0.9869661297743813,Banks—Regional,Financial Services,OPHC
2011Q4,2011,Q4,2012-03-30,2011-12-31,-57000.0,724000.0,0.0,-0.1012915561937121,724000.0,1.0,154472000.0,6786000.0,0.0,1113000.0,147686000.0,0.0,-19991000.0,11254640.0,42998640.0,12.059026321588252,0.0,0.2457921176653374,5.595048629531388,,12.059026321588252,-0.008399646330680813,15.545082872928177,-49.36245614035088,1.6585086943707632,0.0,0.0,0.0,0.004686933554301103,6.040431266846361,-0.0003689989124242581,13.41435041716329,1.0,0.996330016079938,-1.0053487272804815,-0.98577602001444,-0.9881517689776728,0.040229885057471264,0.8987566607460036,1.0,0.9958425804360653,-0.9839326496536149,-0.9891508491942697,Banks—Regional,Financial Services,OPHC
2011Q3,2011,Q3,2011-11-14,2011-09-30,-563000.0,696000.0,-563000.0,-27.6,696000.0,1.0,167127000.0,-1709000.0,0.0,258000.0,168836000.0,0.0,-19934000.0,622601.268,36766601.268,-83.43504369477128,0.0,0.22206465741621642,-21.716208308952602,,-83.43504369477128,0.32943241661790523,0.894542051724138,-0.2764659271758437,-0.3643073540081919,0.0,0.0,0.0,0.004164497657470068,8.852713178294573,-0.003368695662579954,-0.5466209552238807,1.0,0.7125,-2.242912921244625,-0.5735533331580785,-1.0849597703770304,-0.32688588007736946,0.7142131979695432,0.7142131979695432,-3.8007215302679103,-0.5894206246578751,-1.073457126334205,Banks—Regional,Financial Services,OPHC
2011Q2,2011,Q2,2011-08-15,2011-06-30,-1970000.0,1034000.0,-1970000.0,-96.0,1034000.0,1.0,176157000.0,-1167000.0,0.0,854000.0,177324000.0,0.0,-19371000.0,778354.0,36715354.0,-56.974076063076694,0.0,0.21406472635206095,-32.312767780634104,,-56.974076063076694,1.68808911739503,0.7527601547388781,-0.09877588832487309,-0.6669700085689804,0.0,0.0,0.0,0.005869763903790369,3.677985948477752,-0.011183205890200219,-1.3703415492957747,1.0,-0.7021276595744681,-5.093274981219998,-0.38543457433527684,-1.0602911996975688,0.1251360174102285,-0.7026793431287813,-0.7026793431287813,-6.076823828258888,-0.3914661340630828,-1.0506043649702013,Banks—Regional,Financial Services,OPHC
2011Q1,2011,Q1,2011-05-12,2011-03-31,-1157000.0,919000.0,-1157000.0,-56.4,919000.0,1.0,183801000.0,1678000.0,0.0,1192000.0,182123000.0,0.0,-17401000.0,1720653.932,38369653.932,81.92159351657472,0.0,0.20700105004869396,22.674016686531584,,81.92159351657472,-0.6895113230035756,1.8723111338411318,-0.3717921201382887,1.0254195065554232,0.0,0.0,0.0,0.004999972796665959,2.289429530201342,-0.006294851496999473,-101.21493717647058,1.0,0.3139897862232779,-3.270490995179591,-0.48128453151812917,-0.9107456126948954,0.06365740740740741,0.31294536817102137,0.13333333333333333,-3.7801843065720426,-0.4485706565943523,-0.9237211956121852,Banks—Regional,Financial Services,OPHC
2010Q4,2010,Q4,2011-04-15,2010-12-31,-1684000.0,864000.0,-1335000.0,-82.21451935751598,864000.0,1.0,190305000.0,2835000.0,0.0,0.0,187470000.0,0.0,-16244000.0,4063827.2,39705827.2,138.4074598447493,0.0,0.19366280444549538,13.0,-0.042428823381204336,138.4074598447493,-0.5940035273368607,4.703503703703704,-0.6032997624703088,1.4334487477954145,0.0,0.0,0.0,0.004540080397257035,0.0,-0.00884895299650561,-3.8446804162724693,1.0,-0.09327818294569121,-4.984138658865045,-0.42818118899173213,-0.8440679454296608,-0.032474804031354984,-0.09421702404158544,0.13255360623781676,-4.4580868052469125,-0.4872431808103726,-0.8686351636345628,Banks—Regional,Financial Services,OPHC
2010Q3,2010,Q3,2010-11-15,2010-09-30,-1539000.0,893000.0,-1539000.0,-75.2,893000.0,1.0,202738000.0,4519000.0,0.0,0.0,198219000.0,0.0,-14560000.0,2884288.0000000005,37103288.0,220.60043934586284,0.0,0.1817863449378015,8.155565390573136,-0.037197273650118434,220.60043934586284,-0.3405620712547024,3.2298857782754764,-0.46853281351526965,0.6382580216862138,0.0,0.0,0.0,0.004404699661632255,0.0,-0.007591078140259843,1.019903818953324,1.0,0.2769230769230769,-4.804931289058292,-0.4198377101040271,-0.7504776205694721,-0.10521042084168336,0.2754237288135593,0.2754237288135593,-4.451263370123813,-0.47727521198539696,-0.7954703971948159,Banks—Regional,Financial Services,OPHC
2010Q2,2010,Q2,2010-08-16,2010-06-30,-2124000.0,998000.0,-2124000.0,-104.0,998000.0,1.0,214586000.0,6058000.0,0.0,0.0,208528000.0,0.0,-13021000.0,1638400.0,27725400.0,295.80078125,0.0,0.1717493219501738,6.083690987124464,-0.04949549087689045,295.80078125,-0.35061076262793,1.641683366733467,-0.1928436911487759,0.2704522944866293,0.0,0.0,0.0,0.004650815989859543,0.0,-0.009898129421304278,546.1333333333333,1.0,0.3157894736842105,-6.252638228898196,-0.3992456452909347,-0.6689571642836295,-0.610916179337232,0.3161622665808113,0.3161622665808113,-6.49721566133721,-0.42185766022628685,-0.7140680728626714,Banks—Regional,Financial Services,OPHC
2010Q1,2010,Q1,2010-05-14,2010-03-31,-3106000.0,2565000.0,-3106000.0,-152.0,2565000.0,1.0,217656000.0,8182000.0,0.0,512000.0,209474000.0,0.0,-10897000.0,2818048.0,35387048.0,399.51171875,0.0,0.2176232219649355,5.789171351747739,-0.05591459792255486,399.51171875,-0.37961378636030313,1.0986541910331384,-0.2268229233741146,0.34442043510144216,0.0,0.0,0.0,0.011784651008931526,39.17578125,-0.014270224574558019,-26.093037037037035,1.0,0.6562544169611307,-9.229538218180338,0.7669005810447699,-0.5144008817830164,1.7,0.6570229681978799,0.7200288444204074,-8.315415132962741,0.503979010042639,-0.6153077331715774,Banks—Regional,Financial Services,OPHC
2009Q4,2009,Q4,2010-04-15,2009-12-31,-9056000.0,950000.0,-11094000.0,-442.1875,950000.0,1.0,269957000.0,11288000.0,0.0,0.0,258669000.0,0.0,-7791000.0,7105740.8,101698740.8,551.171875,0.0,0.3876728516022922,9.271350106307583,-0.0781073458509785,551.171875,-0.8022678951098512,7.479727157894737,-0.19616113074204947,0.6294951098511693,0.0,0.0,0.0,0.003519078964427668,0.0,-0.03354608326511259,-47.05788609271523,1.0,-26.63671875,-25.310978726912932,-0.27760832691050075,-0.3132351635845841,-0.360699865410498,-27.93290734824281,-21.055666003976143,-24.349827302631578,-0.4871647942493113,-0.45846277022229837,Banks—Regional,Financial Services,OPHC
2009Q3,2009,Q3,2009-11-23,2009-09-30,-313000.0,1486000.0,-503000.0,-16.0,1486000.0,1.0,269937000.0,20344000.0,0.0,0.0,249593000.0,0.0,1265000.0,10158080.0,113759080.0,993.359375,0.0,0.4099289834294669,5.439195831694849,-0.002389331216268827,993.359375,-0.01538537160833661,6.83585464333782,-8.113482428115017,0.499315768777035,0.0,0.0,0.0,0.005504988200950592,0.0,-0.0011595298162163765,181.3942857142857,1.0,0.5454545454545455,-1.8293170036153592,0.0798052430935448,0.2448566628662244,-0.05650793650793651,0.5747282608695652,0.573728813559322,-1.6910989900914635,-0.08937848557692309,0.01151243727531455,Banks—Regional,Financial Services,OPHC
2009Q2,2009,Q2,2009-08-14,2009-06-30,-736000.0,1575000.0,-1180000.0,-35.2,1575000.0,1.0,284024000.0,22088000.0,0.0,0.0,261936000.0,0.0,3012000.0,14745600.0,112943600.0,1078.515625,0.0,0.40720150409824524,5.236101050344078,-0.0053432842322295865,1078.515625,-0.03332126041289388,9.362285714285715,-5.008695652173913,0.6675842086200652,0.0,0.0,0.0,0.0055453060304762975,0.0,-0.002591330310114638,28.248275862068965,1.0,-12.549996390626129,-2.8201286764705884,0.13061305940283954,0.34971214117005817,0.04442970822281167,-13.689655172413794,-13.688172043010752,-2.52948816872428,-0.06375016094025894,0.14130856377263892,Banks—Regional,Financial Services,OPHC
2009Q1,2009,Q1,2009-05-14,2009-03-31,58000.0,1508000.0,93000.0,3.04762,1508000.0,1.0,265928000.0,22825000.0,0.0,0.0,243103000.0,0.0,4302000.0,13201468.088644799,128579468.0886448,1114.44753674137,0.0,0.4349109533407539,5.067031763417305,0.0004188330444829578,1114.44753674137,0.0025410733844468784,8.754289183451458,56.902879692434475,0.5783775723393122,0.0,0.0,0.0,0.005670707860774345,0.0,0.00021810414849132096,17.81574640842753,1.0,1.125086784008016,-0.8655385156790509,0.046085676184998536,0.4547142455862841,-0.08048780487804878,1.1162324649298596,1.1161048689138577,-0.8861699764084618,-0.148749388793714,0.21420162628317246,Banks—Regional,Financial Services,OPHC
2008Q4,2008,Q4,2009-03-31,2008-12-31,-499000.0,1640000.0,-801000.0,-24.364044724378694,1640000.0,1.0,255740000.0,22765000.0,0.0,0.0,232975000.0,0.0,4244000.0,15604572.208800001,130182572.2088,1111.517992285533,0.0,0.4522366465941972,5.0803865583132,-0.0036049703800028897,1111.517992285533,-0.0219196134416868,9.514983054146342,-7.817921948296593,0.6854633080957611,0.0,0.0,0.0,0.006412762962383671,0.0,-0.0019512004379447876,-42.86970387032967,1.0,-3.6648177248311353,-2.3470609616500933,10.549254912117204,0.48480900123833875,-0.032448377581120944,-3.482587064676617,-3.4798761609907123,-2.1806884383839686,0.08550280779922591,0.25225392058632473,Banks—Regional,Financial Services,OPHC
2008Q3,2008,Q3,2008-11-13,2008-09-30,201000.0,1695000.0,323000.0,9.142856,1695000.0,1.0,259566000.0,23263000.0,0.0,0.0,236303000.0,0.0,4743000.0,16821727.3173,134965727.3173,1135.833211268981,0.0,0.46098102216777237,5.143575635128745,0.001406400873228005,1135.833211268981,0.008640330137987363,9.924322901061947,20.922546414552237,0.7231108333963806,0.0,0.0,0.0,0.006530131064931463,0.0,0.0007743695245139965,8.626526829384614,1.0,-0.5000001093749897,-0.25443764486988685,8.577021470835703,0.0,-0.002354326074161271,-0.48195876288659795,-0.48154093097913325,-0.502962602282926,0.10141896689979525,0.2847472396358525,Banks—Regional,Financial Services,OPHC
2008Q2,2008,Q2,2008-08-13,2008-06-30,388000.0,1699000.0,623000.0,18.285716,1699000.0,1.0,251898000.0,23059000.0,0.0,0.0,228839000.0,0.0,4542000.0,24998524.678497598,140942524.6784976,1125.872760119135,0.0,0.46190521560314096,5.045882301921159,0.0027831176656241932,1125.872760119135,0.016826401838761437,14.713669616537727,16.107296828928867,1.0841113959190596,0.0,0.0,0.0,0.006744793527538925,0.0,0.0015403059968717497,64.9312329311626,1.0,-0.09999990156249845,1.0559370347561043,12.809184452891019,0.0,-0.011059371362048894,-0.09557109557109557,-0.09447674418604651,-0.040525364972413463,0.022677167447847885,0.26001057059633925,Banks—Regional,Financial Services,OPHC
2008Q1,2008,Q1,2008-05-12,2008-03-31,429000.0,1718000.0,688000.0,20.31746,1718000.0,1.0,254470000.0,22677000.0,0.0,0.0,231793000.0,0.0,5342000.0,26324917.874549005,137620917.874549,1073.975846554582,0.0,0.43936416866428263,4.930325880848437,0.003190017994973305,1073.975846554582,0.01891784627596243,15.323002255267173,15.340861232254666,1.1608642181306614,0.0,0.0,0.0,0.006751286988643062,0.0,0.0016858568790034188,23.65221731765409,1.0,-0.1454120161354581,1.204962797711779,14.252044001463846,0.0,-0.010938399539435808,-0.1454183266932271,-0.1453416149068323,0.10247861413686941,0.14785431233768215,0.3053978133732616,Banks—Regional,Financial Services,OPHC
2007Q4,2007,Q4,2008-03-31,2007-12-31,502000.0,1737000.0,805000.0,23.774567842765805,1737000.0,1.0,241547000.0,22247000.0,0.0,0.0,219300000.0,0.0,4913000.0,24514466.435499996,114944466.4355,1053.611176888468,0.0,0.37634497634000835,4.086168921652358,0.004436510180995475,1053.611176888468,0.02256484020317346,14.113106756188829,12.208399619272909,1.1019223461815075,0.0,0.0,0.0,0.007191147064546445,0.0,0.0020782704815211946,-29.149187200356714,1.0,0.17015452929479394,0.3144694398400293,10.865061927951487,0.4074548231401387,0.035160905840286055,0.1461187214611872,0.14509246088193456,0.3070993935084725,0.28111409970384277,0.31280847293099373,Banks—Regional,Financial Services,OPHC
2007Q3,2007,Q3,2007-11-07,2007-09-30,438000.0,1678000.0,703000.0,20.31746,1678000.0,1.0,246172000.0,21702000.0,0.0,0.0,224470000.0,0.0,4411000.0,23973646.3419,87304646.34189999,1078.5746235276576,0.0,0.2586199892757909,2.933600589807391,0.005130788243700728,1078.5746235276576,0.02018247166159801,14.287035960607865,13.683588094691782,1.104674515800387,0.0,0.0,0.0,0.006816372292543425,0.0,0.0017792437807711682,18.120669948526075,1.0,0.07692312585059469,0.6537262538739859,8.650599917013695,0.0,-0.029496818970503182,0.13178294573643412,0.1338709677419355,0.18121984335197586,0.24107769439094773,0.35164658459767817,Banks—Regional,Financial Services,OPHC
2007Q2,2007,Q2,2007-08-15,2007-06-30,387000.0,1729000.0,620000.0,18.866212,1729000.0,1.0,237456000.0,21221000.0,0.0,0.0,216235000.0,0.0,3973000.0,25915372.052983902,85698372.05298391,1034.5146979963924,0.0,0.25798884846034636,2.8868102351444325,0.004691932785334983,1034.5146979963924,0.018236652372649733,14.988647803923598,16.74119641665627,1.221213517411239,0.0,0.0,0.0,0.00728134896570312,0.0,0.0016297756215888418,-2.8724642044983266,1.0,-0.025000149871079815,1.0474392603208365,13.031096857139785,0.0,0.034709754637941355,-0.06971153846153846,0.0,-0.044488287198075314,0.23916519015536544,0.2946470275797876,Banks—Regional,Financial Services,OPHC
2007Q1,2007,Q1,2007-05-11,2007-03-31,416000.0,1671000.0,0.0,19.349964,1671000.0,1.0,248330000.0,20839000.0,0.0,0.0,227491000.0,0.0,4890000.0,28427375.7842,109854375.7842,1038.5228745141035,0.0,0.3294205291346193,3.925572244349537,0.0,1038.5228745141035,0.019962570180910792,17.01219376672651,17.083759485697115,1.3641429907481166,0.0,0.0,0.0,0.0067289493818708974,0.0,0.0016751902710103492,2.6530448702006533,1.0,0.021779941115789455,1.249922623762636,14.610313239038447,0.0,-0.07933884297520662,0.09473684210526316,-1.0,-0.015640838064575557,0.18313067230995872,0.35560802111897366,Banks—Regional,Financial Services,OPHC
