Quarters,Year,Quarter,FillingDate,Date,NetIncome,Revenue,OperatingIncome,EPSDiluted,GrossProfit,GrossProfitRatio,TotalAssets,CommonStockEquity,CurrentAssets,CurrentLiability,TotalLiability,Inventory,RetainedEarnings,MarketCap,EnterpriseValue,bookValuePerShare,currentRatio,debtToAssets,debtToEquity,roic,shareholdersEquityPerShare,roe,priceToSalesRatio,peRatio,pbRatio,payoutRatio,inventoryTurnover,dividendYield,assetTurnover,quickRatio,returnOnAssets,priceToFreeCashFlowsRatio,grossProfitMargin,epsdilutedGrowth,fiveYNetIncomeGrowthPerShare,fiveYRevenueGrowthPerShare,fiveYShareholdersEquityGrowthPerShare,grossProfitGrowth,netIncomeGrowth,operatingIncomeGrowth,threeYNetIncomeGrowthPerShare,threeYRevenueGrowthPerShare,threeYShareholdersEquityGrowthPerShare,Industry,Sector,Symbol
2023Q1,2023,Q1,2023-05-15,2023-03-31,-13438000.0,6185000.0,-12687000.0,-0.25,3317000.0,0.5362974939,93768000.0,51977000.0,21330000.0,14356000.0,41791000.0,2016000.0,-165680000.0,68350060.0,81445060.0,0.950566100454045,1.4857899136249653,0.26833248016380856,0.4840794967004637,-0.14599743763771178,0.950566100454045,-0.258537430017123,11.0509393694422,-1.2715817085875873,1.315005867980068,0.0,1.4226190476190477,0.0,0.06596066888490743,1.1635553078852048,-0.14331115092568894,-6.775382632831087,0.5362974939369443,-0.7857142857142856,-0.6239365956100996,-0.8538379341364789,2.1472107896156842,0.35998359983599837,-0.8752442087636059,-0.26984285857271545,-0.31160675761244916,0.5551925482024627,3.0140767199634686,Software—Infrastructure,Technology,REKR
2022Q4,2022,Q4,2023-03-29,2022-12-31,-7166000.0,4549000.0,-9991000.0,-0.14,2439000.0,0.5361617938,83840000.0,49337000.0,9275000.0,15444000.0,34503000.0,1986000.0,-152998000.0,59768970.0,77605970.0,0.9905541286724533,0.6005568505568506,0.2356989503816794,0.4005310416117721,-0.1178285573642438,0.9905541286724533,-0.14524596144881124,13.138925038469994,-2.085158037957019,1.2114431359831364,0.0,1.0624370594159114,0.0,0.0542581106870229,0.35625485625485626,-0.08547232824427481,-5.905441161940519,0.5361617938008354,0.8444444444444444,0.3331473828089549,-0.8796793505536393,1.205686258603404,-0.26225045372050815,0.8509722366642404,0.2196969696969697,-0.0573469006215404,-0.5484935997998979,3.40427473527715,Software—Infrastructure,Technology,REKR
2022Q3,2022,Q3,2022-11-14,2022-09-30,-48085000.0,7425000.0,-12804000.0,-0.9,3306000.0,0.4452525253,93458000.0,55298000.0,17747000.0,18933000.0,38160000.0,3069000.0,-146171000.0,53482110.0,64653110.0,1.033953222862748,0.9373580520783816,0.20372787776327334,0.3443162501356288,-0.13965885638818473,1.033953222862748,-0.8695612861224638,7.202977777777778,-0.2780602578766767,0.9671617418351477,0.0,1.3421309872922775,0.0,0.0794474523315286,0.6614905191992817,-0.5145091912944852,-6.468566763425254,0.44525252525252523,-1.7272727272727273,-12.356948682956663,-0.6308598435910061,0.8057111252993272,0.9820143884892086,-2.0719350923145723,0.1766445887724262,-3.926265478762263,-0.44616417942101205,3.8124600098296586,Software—Infrastructure,Technology,REKR
2022Q2,2022,Q2,2022-08-11,2022-06-30,-15653000.0,4334000.0,-15551000.0,-0.33,1668000.0,0.3848638671,136984000.0,99349000.0,25061000.0,17907000.0,37635000.0,3228000.0,-98086000.0,82991837.28,87819837.28,2.106884794104175,1.3995085720667895,0.13735910763300824,0.18939294809207943,-0.11686591429794137,2.106884794104175,-0.1575556875257929,19.149016446700507,-1.325494111033029,0.8353565439007943,0.0,0.8258983890954151,0.0,0.03163873153068972,1.0703077008990898,-0.11426881971617123,-7.264691638655462,0.38486386709736964,-0.13793103448275876,-7.497517143915652,-0.6309913144676008,29356876.633932043,0.02646153846153846,-0.24269609399809464,-0.23361891162938284,-0.3049938263977222,-0.8556042241521834,12.348468360410626,Software—Infrastructure,Technology,REKR
2022Q1,2022,Q1,2022-05-16,2022-03-31,-12596000.0,3608000.0,-12606000.0,-0.29,1625000.0,0.4503880266,120096000.0,93451000.0,20611000.0,11442000.0,26645000.0,1228000.0,-82484000.0,201040874.16,202434874.16,2.1196513484161223,1.8013459185457088,0.1332267519317879,0.17121272110517813,-0.10130559722179726,2.1196513484161223,-0.13478721469005148,55.72086312638581,-3.990172954906319,2.1512971948935804,0.0,1.6148208469055374,0.0,0.030042632560618173,1.4358503758084251,-0.10488276045830003,-14.390900083035074,0.4503880266075388,0.17142857142857143,-6.313584881672583,-0.6714379493761395,3.818069175226589,1.9012756516916252,0.13949993168465638,-2.990503323836657,-0.8681619789945226,-0.8676640801169075,26.42805589974046,Software—Infrastructure,Technology,REKR
2021Q4,2021,Q4,2022-03-31,2021-12-31,-14638000.0,3189000.0,-3159000.0,-0.35,-1803000.0,-0.5653809972,95197000.0,101087000.0,30682000.0,13821000.0,10971000.0,1194000.0,-69883000.0,274699552.65,260191552.64999998,2.4103419303475158,2.219955140727878,0.1185751651837768,0.1116661885306716,-0.03800260931059548,2.4103419303475158,-0.14480595922324335,86.13971547507055,-4.691548583310562,2.7174567713949367,0.0,4.180904522613066,0.0,0.03349895479899577,1.9513059836480717,-0.15376534974841644,-26.510283019687318,-0.5653809971777987,-0.5217391304347825,-9.59107031321566,-0.5837747910624743,20.714736342844184,-2.4863973619126134,-0.5227296369499635,0.672812014500259,-2.1479355438408656,-0.8794284600245498,12.111693021379953,Software—Infrastructure,Technology,REKR
2021Q3,2021,Q3,2021-11-15,2021-09-30,-9613000.0,2615000.0,-9655000.0,-0.23,1213000.0,0.4638623326959847,132648000.0,106753000.0,42918000.0,14843000.0,25895000.0,1822000.0,-62882000.0,481877535.87,458821535.87,2.545443351671217,2.8914639897594827,0.09081177251070502,0.11283992018959654,-0.07492989625480476,2.545443351671217,-0.09004899159742584,184.27439230210325,-12.531923849734735,4.513948421777374,0.0,0.7694840834248079,0.0,0.0197138290814788,2.5517752475914572,-0.07246999577830046,-76.45209199904808,0.4638623326959847,-0.9166666666666669,-56.50291353197399,-0.6388284625026037,17.86577545022488,-0.5731878958479943,-1.0186896262074758,-1.0608324439701173,-5.61591276190858,-0.9310392005902655,12.564767605325295,Software—Infrastructure,Technology,REKR
2021Q2,2021,Q2,2021-08-16,2021-06-30,-4762000.0,4274000.0,-4685000.0,-0.12,2842000.0,0.6649508656995788,104564000.0,95173000.0,87846000.0,8084000.0,9391000.0,1357000.0,-53269000.0,416282723.44,349492723.44,2.322838843777696,10.866650173181593,0.021441413870930723,0.02355710127872401,-0.04798313876498934,2.322838843777696,-0.05003519905855652,97.398859017314,-21.85440589248215,4.37395819654734,0.0,1.0552689756816507,0.0,0.04087448835163154,10.436170212765957,-0.04554148655368961,-102.73512424481737,0.6649508656995788,0.2,-1.9751706932388906,-0.5811965685317867,32365933.716008157,0.2608695652173913,0.11912689604143545,0.11737000753579503,-0.8333925720475786,-0.8771301098436486,8.898169897296121,Software—Infrastructure,Technology,REKR
2021Q1,2021,Q1,2021-05-10,2021-03-31,-5406000.0,4216000.0,-5308000.0,-0.15,2254000.0,0.534629981024668,108395000.0,98795000.0,92388000.0,8146000.0,9600000.0,1101000.0,-48507000.0,718527656.4499999,658008656.4499999,2.7485539801729644,11.341517309108765,0.02145855436136353,0.023543701604332203,-0.05233173691430813,2.7485539801729644,-0.054719368389088516,170.42876101755218,-33.22824900342212,7.2729151925704745,0.0,1.7820163487738419,0.0,0.038894782969694175,11.006015222194943,-0.04987314913049495,-200.25854416109252,0.534629981024668,-0.29902167685870606,0.0,0.0,0.0,0.09683698296836983,-0.739942066301899,-0.712810584059374,0.006177864317414023,-0.8484368009937066,8.100133844568639,Software—Infrastructure,Technology,REKR
2020Q4,2020,Q4,2021-03-12,2020-12-31,-3107000.0,2835000.0,-3099000.0,-0.11547151419576766,2055000.0,0.7248677248677249,40402000.0,25191000.0,24120000.0,5918000.0,15211000.0,1264000.0,-43050000.0,217140046.83,198974046.83,0.9362223733844812,4.07570125042244,0.06012078609969804,0.09642332579095708,-0.11054488435907485,0.9362223733844812,-0.12333769997221229,76.59260911111112,-17.4718415537496,8.619747006073599,0.0,0.6170886075949367,0.0,0.07016979357457552,3.725582967218655,-0.07690213355774467,-56.9622368389297,0.7248677248677249,0.5558787915547397,0.0,0.0,0.0,0.7994746059544658,0.5341130604288499,0.0795960795960796,0.46479218952255175,-0.8611948988196475,1.084704676097568,Software—Infrastructure,Technology,REKR
2020Q3,2020,Q3,2020-11-09,2020-09-30,-6669000.0,2126000.0,-3367000.0,-0.26,1142000.0,0.5371589840075258,43018000.0,28292000.0,26903000.0,5784000.0,14726000.0,591000.0,-39828000.0,154984717.44,132680717.44,1.0514708978521592,4.6512793914246195,0.04300525361476591,0.06538950940195108,-0.11074912561243638,1.0514708978521592,-0.2357203449738442,72.89967894637817,-5.8098934412955465,5.478040344973844,0.0,1.6649746192893402,0.0,0.04942117253242829,4.3871023513139695,-0.15502812776047237,-90.10739386046511,0.5371589840075258,-8.604468996763755,0.0,0.0,0.0,-0.18486795146324053,-9.79126213592233,-0.21158690176322417,-2.6821416786166714,-0.7899124896033932,0.8363042507118843,Software—Infrastructure,Technology,REKR
2020Q2,2020,Q2,2020-08-03,2020-06-30,-618000.0,2677000.0,-2779000.0,-0.02707073135304071,1401000.0,0.5233470302577512,22603000.0,-10862000.0,5478000.0,5670000.0,33465000.0,677000.0,-33044000.0,91316336.0,110260336.0,-0.4757965759817608,0.9661375661375662,0.9236384550723356,-1.922021727122077,-0.27280077407504594,-0.4757965759817608,0.05689559933713865,34.111444153903626,-36.940265372168284,-8.406954152089854,0.0,1.8847858197932053,0.0,0.11843560589302304,0.7037037037037037,-0.027341503340264566,-10.87358132888783,0.5233470302577512,0.8575224665629436,0.30702564241922087,-0.5292066953759075,-6629647.717669442,0.2724795640326976,0.8495984424434169,-0.06720430107526881,0.30702564241922087,-0.5292066953759075,-6629647.717669442,Software—Infrastructure,Technology,REKR
2020Q1,2020,Q1,2020-05-13,2020-03-31,-4109000.0,1595000.0,-2604000.0,-0.19,1101000.0,0.690282131661442,29122000.0,-10350000.0,10523000.0,10081000.0,39472000.0,488000.0,-32311000.0,81140141.60000001,102378141.60000001,-0.4719612172823716,1.0438448566610454,0.75276423322574,-2.1180676328502415,-0.2178571076256669,-0.4719612172823716,0.3970048309178744,50.87156213166145,-4.936732879045997,-7.839627207729469,0.0,1.0122950819672132,0.0,0.05476959000068676,0.18093443110802498,-0.14109607856603254,-37.39177032258065,0.690282131661442,-0.39633241286863286,0.0,0.0,0.0,-0.5408673894912427,-0.3770107238605898,-0.18363636363636363,-3.7964429097958416,-0.7079904580801679,-2.07279048254317,Software—Infrastructure,Technology,REKR
2019Q4,2019,Q4,2020-03-30,2019-12-31,-2984000.0,4436000.0,-2200000.0,-0.13607075095368085,2398000.0,0.5405770964833183,28992000.0,-9035000.0,10230000.0,10332000.0,38027000.0,302000.0,-28408000.0,83771713.75999999,104894713.75999999,-0.41199706262282393,0.9901277584204413,0.7692811810154525,-2.4685113447703375,-0.13614064941669576,-0.41199706262282393,0.3302711676812396,18.884516176735797,-7.018407654155497,-9.271910764803541,0.0,6.748344370860927,0.0,0.15300772626931566,0.5817847464188928,-0.10292494481236203,-6.851371044409912,0.5405770964833183,0.3196462452315958,0.0,0.0,0.0,-0.12831697564521993,0.17750826901874311,-0.05718404613166747,-3.128949224956844,0.107255925752442,-4.711675707185254,Software—Infrastructure,Technology,REKR
2019Q3,2019,Q3,2019-11-14,2019-09-30,-3628000.0,4983000.0,-2081000.0,-0.2,2751000.0,0.5520770620108368,30823000.0,-7308000.0,10715000.0,10822000.0,38131000.0,385000.0,-23836000.0,42937598.88,63298598.88,-0.3676330398473367,0.9901127333210128,0.7018784673782565,-2.9603174603174605,-0.1428289170995121,-0.3676330398473367,0.4964422550629447,8.616816953642385,-2.9587650826901872,-5.875424039408868,-0.029768467475192944,5.797402597402598,0.0025152780504059708,0.16166499042922494,0.5532249122158566,-0.11770431171527755,-7.59419859922179,0.5520770620108368,0.25925925925925924,0.0,0.0,0.0,-0.2931654676258993,0.26364927948041406,0.3985549132947977,-44.785802940114806,0.45199580195097616,-3.724744344944778,Software—Infrastructure,Technology,REKR
2019Q2,2019,Q2,2019-08-14,2019-06-30,-4927000.0,12329000.0,-3460000.0,-0.27,3892000.0,0.31567848162868034,32129000.0,-3596000.0,11507000.0,9122000.0,35725000.0,214000.0,-20094000.0,36995552.089999996,56433552.089999996,-0.18565366948143305,1.2614558210918658,0.7013601419278533,-6.266407119021134,-0.17236235200313596,-0.18565366948143305,1.3701334816462736,3.000693656419823,-1.8771844981733303,-10.287973328698554,0.0,39.425233644859816,0.0,0.3837343210183946,1.1360447270335452,-0.15335055557284696,-18.682970994987816,0.31567848162868034,-0.5882352941176471,-5.511538194300905,1.555536568613401,-2586859.12936168,0.254000913758117,-0.7136205180928347,-1.3600059477606545,-5.511538194300905,1.555536568613401,-2586859.12936168,Software—Infrastructure,Technology,REKR
2019Q1,2019,Q1,2019-05-14,2019-03-31,-2875199.0,11626221.0,-1466098.0,-0.17,3103666.0,0.26695398272577137,34945407.0,1452910.0,12899796.0,8117775.0,33492497.0,120191.0,-15053898.0,12220322.4,29042042.4,0.07728040792115272,1.5890802590611344,0.6259377949153662,15.055062598509199,-0.06071558155517979,0.07728040792115272,-1.9789243655835531,1.0511001296121931,-1.062563182583188,8.410928687943507,0.0,70.90842908370843,0.0,0.3326966831435101,1.5065576466457866,-0.08227687833196505,-5.367264677785952,0.26695398272577137,-0.5332383096061851,0.0,0.0,0.0,-0.06497580997203362,-0.37930192484452147,0.16045515635620664,0.0,0.0,0.0,Software—Infrastructure,Technology,REKR
2018Q4,2018,Q4,2019-04-11,2018-12-31,-2084532.0,11856660.0,-1746301.0,-0.11087643645146383,3319343.0,0.2799559909789097,18055249.0,3456123.0,8530364.0,8574235.0,14599126.0,72702.0,-12063791.0,12220322.4,14548295.4,0.18383147976521472,0.9948833919294258,0.28219804667329706,1.4742403554503123,-0.20491983225793123,0.18383147976521472,-0.6031417284627891,1.0306715719266641,-1.4655954430059122,3.5358470748870916,0.0,117.42891529806607,0.0,0.6566877033930687,0.936775350803891,-0.11545296329061981,-11.343345660310106,0.2799559909789097,-2.2002708752231537,0.0,0.0,0.0,-0.1531843255028198,-3.137338885426549,-6.3291769317614275,0.0,0.0,0.0,Software—Infrastructure,Technology,REKR
2018Q3,2018,Q3,2018-11-13,2018-09-30,-503834.0,13148848.0,-238267.0,-0.03464595366282314,3919794.0,0.2981093096520699,18682057.0,2728890.0,8823313.0,7641590.0,15953167.0,124731.0,-9864351.0,18905070.6,22907640.6,0.18765108446619608,1.154643601658817,0.29365813411231967,2.0103917710131225,-0.030333239476083237,0.18765108446619608,-0.18462964795209774,1.4377739099273186,-9.380604822223193,6.927751063619274,-0.22806718085718708,73.99166205674612,0.006078157676914468,0.7038222825248847,1.0854231907233967,-0.02696887178965357,73.47310439709918,0.2981093096520699,0.5050578048168124,0.0,0.0,0.0,0.1287161043426179,0.4531199798542909,0.7215970368120023,0.0,0.0,0.0,Software—Infrastructure,Technology,REKR
2018Q2,2018,Q2,2018-08-14,2018-06-30,-921288.0,12338164.0,-855835.0,-0.07,3472790.0,0.2814673236633911,19503762.0,3410518.0,9781471.0,10399982.0,16093244.0,129979.0,-9245610.0,23688838.9,27779509.9,0.23467356772813378,0.9405276855286865,0.31743275989524483,1.815305768801103,-0.08913414994983675,0.23467356772813378,-0.2701313993944615,1.9199646641104786,-6.4281850246611265,6.945818465112923,-0.12472538446175355,68.20620254041037,0.004850723181709003,0.6326043150034337,0.8792757525926487,-0.04723642546499491,-8.76734778246289,0.2814673236633911,0.5625,-0.6227679432104092,2.4085114826365333,3269889.8032331867,0.12579921827918333,0.5800576522305141,0.6103138306978912,-0.6227679432104092,2.4085114826365333,3269889.8032331867,Software—Infrastructure,Technology,REKR
2018Q1,2018,Q1,2018-05-15,2018-03-31,-2193844.0,11218769.0,-2196216.0,-0.16,3084733.0,0.27496180730702274,18225422.0,4378502.0,8569991.0,7829487.0,13846920.0,144359.0,-8209412.0,49288769.8,50659987.8,0.30203445653861705,1.094578865767323,0.19509051697129426,0.8120601520794098,-0.2768068853099951,0.30203445653861705,-0.5010489889007702,4.393420508078917,-5.616713152803937,11.256993784632277,-0.05237747077732054,56.34588768279082,0.002331322134154787,0.6155560622958415,1.0065151139531874,-0.12037274088907242,126.62594650697372,0.27496180730702274,0.2584036827367558,0.0,0.0,0.0,-0.044827035251874744,0.298570119520129,-0.2799185035517742,0.0,0.0,0.0,Software—Infrastructure,Technology,REKR
2017Q4,2017,Q4,2018-04-12,2017-12-31,-3127674.0,11003993.0,-1715903.0,-0.2157508017171084,3229502.0,0.29348455601525736,20598740.0,6510338.0,10983188.0,8232611.0,14088402.0,155716.0,-5833660.0,71033815.30000001,74146183.30000001,0.44909112744785934,1.3341074903211143,0.24611116990650883,0.7786968971503476,-0.1885529746174694,0.44909112744785934,-0.48041653136903184,6.4552763074276776,-5.677846804046713,10.910925868979461,-0.028106509821675788,49.92737419404557,0.0012375514341829248,0.5342070922784597,1.2316270014458353,-0.15183812213756764,-59.21132656922845,0.29348455601525736,-2.0821543102444053,0.0,0.0,0.0,0.6445435509693609,-2.952277092600081,-0.6598049135324309,0.0,0.0,0.0,Software—Infrastructure,Technology,REKR
2017Q3,2017,Q3,2017-11-13,2017-09-30,-791360.0,4421574.0,-1033798.0,-0.07,1963768.0,0.44413324304874235,15415054.0,6731826.0,7785846.0,3362845.0,8683228.0,169232.0,-2595363.0,22396246.8,20053734.8,0.5726016794028185,2.3152556838034464,0.09210172082433185,0.21090161866928825,-0.09873242478318991,0.5726016794028185,-0.11755502890300493,5.06522039436635,-7.07523971391023,3.3269200362576217,-0.024590578245046502,14.523293466956604,0.0008688955865587263,0.28683480447100607,2.189517209386695,-0.051336829569328786,-19.710061120229522,0.44413324304874235,-0.5781404995941926,0.0,0.0,0.0,0.2118329348951616,-0.453858688962498,-0.23909348713560058,0.0,0.0,0.0,Software—Infrastructure,Technology,REKR
2017Q2,2017,Q2,2017-08-15,2017-06-30,-544317.0,3470553.0,-834318.0,-0.044356,1620494.0,0.4669267404935179,0.0,1.0,0.0,0.0,0.0,0.0,0.0,41801352.0,41801352.0,7.176801362788458e-08,0.0,0.0,0.0,-526154.5591749912,7.176801362788458e-08,-544317.0,12.044579639037352,-19.198992498856363,41801351.99999999,-0.13545783063913125,0.0,0.0017638663936037286,0.0,0.0,0.0,-238.9686492419565,0.4669267404935179,-0.005394623509678637,0.0,0.0,0.0,0.0,0.0,0.0,0.0,0.0,0.0,Software—Infrastructure,Technology,REKR
2017Q1,2017,Q1,2017-03-31,2017-03-31,-544317.0,3470553.0,-834318.0,-0.044118,1620494.0,0.4669267404935179,9330000.0,6130000.0,6120000.0,1790000.0,3200000.0,0.0,-1050000.0,41801352.0,40011352.0,0.4399379235389324,3.4189944134078214,0.14683815648445875,0.2234910277324633,-0.07015394122333216,0.4399379235389324,-0.08879559543230016,12.044579639037352,-19.198992498856363,6.819143882544862,-0.12935293220678393,0.0,0.0016843713571752415,0.3719778135048232,3.363128491620112,-0.058340514469453375,-44.19083904906082,0.4669267404935179,-0.33872254419066533,0.0,0.0,0.0,0.4968455744749244,-0.18537997177651178,-0.5001483394077572,0.0,0.0,0.0,Software—Infrastructure,Technology,REKR
2016Q4,2016,Q4,2016-12-31,2016-12-31,-459192.0,2545532.0,-556157.0,-0.03295529771381557,1082606.0,0.4252965588332812,5482725.0,1546654.0,4867429.0,1152471.0,3936071.0,0.0,-430395.0,41801352.0,39470054.0,0.11100028534962218,4.223472000596979,0.08340542339803655,0.29566341276070796,-0.18401770614738694,0.11100028534962218,-0.29689381076827787,16.421460032716148,-22.75810118643182,27.02695754835923,0.0,0.0,0.0,0.46428226839755776,4.153178691698099,-0.0837525135767342,-59.967222804022555,0.4252965588332812,-7.267761594033009,0.0,0.0,0.0,0.010748833201225291,-7.267473263476289,-5.915569316472066,0.0,0.0,0.0,Software—Infrastructure,Technology,REKR
2016Q3,2016,Q3,2016-09-30,2016-09-30,-55542.0,2405529.0,-80421.0,-0.003986,1071093.0,0.4452629754203753,4030000.0,1880000.0,3020000.0,1650000.0,2150000.0,0.0,-10000.0,41801352.0,41541352.0,0.134923865620423,1.8303030303030303,0.12406947890818859,0.26595744680851063,-0.019534153330972363,0.134923865620423,-0.029543617021276596,17.37719728176214,-188.15199308631304,22.23476170212766,0.0,0.0,0.0,0.5969054590570719,1.8,-0.013782133995037221,38.70495555555556,0.4452629754203753,0.0,0.0,0.0,0.0,0.0,0.0,0.0,0.0,0.0,0.0,Software—Infrastructure,Technology,REKR
2015Q4,2015,Q4,2015-12-31,2015-12-31,,,,,,,2550000.0,1530000.0,2380000.0,970000.0,1020000.0,0.0,930000.0,0.0,-570000.0,0.0,2.4536082474226806,0.0,0.0,,0.0,,0.0,0.0,0.0,0.0,0.0,,,2.3711340206185567,,0.0,0.0,0.0,0.0,0.0,0.0,0.0,0.0,0.0,0.0,0.0,0.0,Software—Infrastructure,Technology,REKR
2016Q1,,,,,,,,,,,,,,,,,,0.0,,0.0,0.0,0.0,0.0,0.0,0.0,0.0,0.0,0.0,0.0,0.0,0.0,,0.0,0.0,0.0,0.0,0.0,0.0,0.0,0.0,0.0,0.0,0.0,0.0,0.0,0.0,0.0,Software—Infrastructure,Technology,REKR
2015Q3,,,,,,,,,,,,,,,,,,0.0,,0.0,0.0,0.0,0.0,0.0,0.0,0.0,0.0,0.0,0.0,0.0,0.0,,0.0,0.0,0.0,0.0,0.0,0.0,0.0,0.0,0.0,0.0,0.0,0.0,0.0,0.0,0.0,Software—Infrastructure,Technology,REKR
