Quarters,Year,Quarter,FillingDate,Date,NetIncome,Revenue,OperatingIncome,EPSDiluted,GrossProfit,GrossProfitRatio,TotalAssets,CommonStockEquity,CurrentAssets,CurrentLiability,TotalLiability,Inventory,RetainedEarnings,MarketCap,EnterpriseValue,bookValuePerShare,currentRatio,debtToAssets,debtToEquity,roic,shareholdersEquityPerShare,roe,priceToSalesRatio,peRatio,pbRatio,payoutRatio,inventoryTurnover,dividendYield,assetTurnover,quickRatio,returnOnAssets,priceToFreeCashFlowsRatio,grossProfitMargin,epsdilutedGrowth,fiveYNetIncomeGrowthPerShare,fiveYRevenueGrowthPerShare,fiveYShareholdersEquityGrowthPerShare,grossProfitGrowth,netIncomeGrowth,operatingIncomeGrowth,threeYNetIncomeGrowthPerShare,threeYRevenueGrowthPerShare,threeYShareholdersEquityGrowthPerShare,Industry,Sector,Symbol
2023Q3,2023,Q3,2023-05-10,2023-03-31,2546000.0,1240194000.0,-90505000.0,-0.24,420156000.0,0.3387824808,14117632000.0,5239436000.0,3406644000.0,1107456000.0,6666554000.0,1394103000.0,1159322000.0,5297423040.0,9009547040.0,37.663165915478785,3.0760987343966715,0.32676528188296733,0.880467286936991,0.0048343578609940496,37.663165915478785,0.00048593016500249266,4.271447080053605,520.171154752553,1.0110674202337808,2.7101335428122546,0.5882190914157706,0.0013025201023024206,0.08784716870364662,1.6482794801779934,0.0001803418590313163,95.82892619392186,0.3387824808054224,0.27272727272727276,-0.9620400606371245,0.8881933096436455,1.3160592082973075,0.021809974999270405,1.056487397941072,0.4526756934911314,-0.7184708221458003,0.29495226920792494,0.699978648544122,Scientific & Technical Instruments,Technology,COHR
2023Q2,2023,Q2,2023-02-08,2022-12-31,-45072000.0,1370285000.0,-165359000.0,-0.33,411188000.0,0.300074802,14108894000.0,5178790000.0,3416400000.0,1132916000.0,6747633000.0,1367375000.0,1192847000.0,4865667300.0,8635763300.0,37.35880770146368,3.015581031603402,0.3319453672272256,0.9043390444486067,-0.011178824660511585,37.35880770146368,-0.008703191285995377,3.5508432917239845,-26.988303714057512,0.939537478831928,-0.3061767838125666,0.7014147545479477,0.0028361988498473785,0.09712207065982635,1.65057250493417,-0.003194580666634819,42.82140072341961,0.30007480195725705,-0.13793103448275876,-3.1109759498156007,1.1879907704062695,1.4146965688557127,-0.07301149300905824,-0.1647113545919686,-16.211020145340814,0.6991156846790821,0.3482877283913967,0.6437031165535062,Scientific & Technical Instruments,Technology,COHR
2023Q1,2023,Q1,2022-11-09,2022-09-30,-38698000.0,1344570000.0,10871000.0,-0.29,443574000.0,0.3299002655,13830559000.0,7162518000.0,3394630000.0,1183084000.0,6668041000.0,1346940000.0,1273850000.0,4644808000.0,8549997000.0,53.740381152460984,2.8693059833452232,0.34732435615942925,0.6706705658540754,0.0006788591528384979,53.740381152460984,-0.00540284855130556,3.454493258067635,-30.00677037573001,0.648488143415486,0.0,0.6689206646175776,0.0,0.09721732867051867,1.6035573129211451,-0.0027980069352222135,-78.17831114402571,0.3299002655123943,-1.7837837837837835,-1.8617280146058708,1.4205494505882945,2.57281441192802,0.36052289345831084,-1.8868365569713081,-0.551526402640264,0.26324431168728735,0.9550474393230172,0.6634802858147584,Scientific & Technical Instruments,Technology,COHR
2022Q4,2022,Q4,2022-06-30,2022-06-30,43636000.0,886962000.0,24240000.0,0.37,326032000.0,0.3675828277,7844846000.0,3616475000.0,4305192000.0,1266959000.0,3461568000.0,902559000.0,1348125000.0,28305309060.000004,28161152060.000004,34.01404211694553,3.398051554943767,0.31080457156201663,0.6741962822914579,0.0034871270124561316,34.01404211694553,0.01206589289294133,31.912651342447596,162.1671845494546,7.826767518094278,0.15812631771931432,0.6214884567103093,0.00024377052323907742,0.11306302252459768,2.5910088645331064,0.005562378152483809,1491.0086946902657,0.3675828276746918,-0.11904761904761903,-0.20677405952842035,0.9230850728612021,1.3832336477705016,0.013551028528971968,-0.10950573445981797,-0.2809895292617091,-0.06697226531397607,0.4654319696069023,0.9125693050881631,Scientific & Technical Instruments,Technology,COHR
2022Q3,2022,Q3,2022-03-31,2022-03-31,49002000.0,827724000.0,33713000.0,0.42,321673000.0,0.3886235025,7767196000.0,3627765000.0,4233799000.0,2123881000.0,4139431000.0,879510000.0,1321779000.0,29064455280.0,28920124280.0,34.120227984537685,1.9934257145292038,0.31619956545450895,0.676996442713351,0.004209106373337262,34.120227984537685,0.013507490148893327,35.11370369833423,148.28198481694625,8.011669796693004,0.14081057916003428,0.5753783356641766,0.00023740338270671348,0.1065666425824712,1.5318231106168378,0.006308840410361731,-497.84952517985613,0.3886235025201637,-0.27586206896551724,0.2905218437232932,0.9958290323610631,1.512603129836297,0.03376322039290799,-0.2757290450359904,-0.6503381181546631,0.18992662807994445,0.44591203386020756,0.9491180006361691,Scientific & Technical Instruments,Technology,COHR
2022Q2,2022,Q2,2021-12-31,2021-12-31,67657000.0,806819000.0,96416000.0,0.58,311167000.0,0.3856713835,7649283000.0,4283576000.0,4165795000.0,2083240000.0,3365707000.0,819091000.0,1289925000.0,28295353320.000004,28114798320.000004,40.35094858606982,1.9996711852691,0.32279639804148963,0.5764251643953556,0.01191155188952301,40.35094858606982,0.01579451374272337,35.070261508467205,104.55441905493889,6.605544834502762,0.1019850126372733,0.6051244611404594,0.00024385629406941788,0.1054764217770476,1.5619525354735893,0.008844881278415245,211.751942525725,0.38567138354451247,0.15999999999999992,0.6634991486882624,1.0454257848769268,2.073692664740315,-0.01588601790062937,-0.09141330038676407,-0.060565905370644636,0.45825913069500934,0.45586137851202896,1.4692830014293718,Scientific & Technical Instruments,Technology,COHR
2022Q1,2022,Q1,2021-09-30,2021-09-30,74464000.0,795111000.0,102632000.0,0.5,316190000.0,0.397667747,6515862000.0,4194372000.0,3050951000.0,1028657000.0,2321490000.0,747413000.0,1239075000.0,26449768490.0,26418231490.0,39.658966915970915,2.9659556100818834,0.23460257445599678,0.36444979129175953,0.014382621061425392,39.658966915970915,0.01775331324927784,33.265504426426,88.80052270224539,6.306013984930283,0.18543188654920498,0.6407715680621022,0.0005220461572365165,0.12202698583855827,2.1621541485645848,0.011428111890644707,5543.862605323831,0.3976677470189697,-0.1525423728813559,1.6799387170110889,1.1048494216753544,2.072422236178706,0.02783565811843564,-0.09514666925899823,-0.04365571158343971,0.7076228820567305,0.5163530585801127,1.410119397512117,Scientific & Technical Instruments,Technology,COHR
2021Q4,2021,Q4,2021-06-30,2021-06-30,82294000.0,808006000.0,107317000.0,0.59,307627000.0,0.380723658,6512650000.0,4132348000.0,3027394000.0,729589000.0,2380302000.0,695828000.0,1136777000.0,27744333379.999996,27678481379.999996,39.37181893537353,4.149451266397931,0.2343193630856871,0.36929126007780566,0.016302731104298765,39.37181893537353,0.019914586090038884,34.336791286203315,84.28419258998225,6.713939237450476,0.08384572386808273,0.7191130566749254,0.0002486994337003602,0.12406716160088443,3.0850985966071307,0.012636023738416774,320.762279669345,0.3807236579926387,-0.10606060606060615,2.373270730603499,0.9673173759710407,2.105456760434869,0.02694320928307228,0.014822670547033,0.0075483743768366305,0.8038278925486788,0.49856885770873954,1.4023355049988195,Scientific & Technical Instruments,Technology,COHR
2021Q3,2021,Q3,2021-03-31,2021-03-31,81092000.0,783232000.0,106513000.0,0.66,299556000.0,0.3824613908,6361720000.0,3325148000.0,2888766000.0,678837000.0,3036572000.0,673744000.0,1071362000.0,26494526630.0,26478155630.0,31.738505445416973,4.2554633881182085,0.23876231585168792,0.4568034264940989,0.018563029105355656,31.738505445416973,0.02438748591040158,33.82717589424334,81.6804574742268,7.967924023231447,0.08508854140975682,0.717892849509606,0.00026043114852963877,0.12311638990713203,3.1678782977356863,0.01274686719943663,406.6633916593759,0.3824613907501226,-0.09589041095890405,2.179875342426528,1.2368595378485088,1.5029270896548728,-0.07104624983719214,-0.07745164960182024,-0.12599698033938359,0.6054187492885935,0.5833993404142843,0.9517280612950766,Scientific & Technical Instruments,Technology,COHR
2021Q2,2021,Q2,2020-12-31,2020-12-31,87900000.0,786569000.0,121868000.0,0.73,322466000.0,0.409965305,5646563000.0,3236813000.0,2137723000.0,664474000.0,2409750000.0,656993000.0,997283000.0,15615881840.000002,16385773840.000002,31.09569419359797,3.2171657581786497,0.2841431150241306,0.49568263597557227,0.020259834751395454,31.09569419359797,0.027156341747268067,19.853162074783015,44.41377087599545,4.824462160773576,0.0,0.7064047866567833,0.0,0.1393004912900113,2.115244539289724,0.01556699181431253,88.80986060795634,0.40996530501456324,0.9210526315789473,1.719735489232656,1.4143675154036404,1.5291255027770585,0.12528440418196285,0.8998832836208015,0.5870088942714641,4.482558459804781,0.6725894320352482,1.0098785452546897,Scientific & Technical Instruments,Technology,COHR
2021Q1,2021,Q1,2020-09-30,2020-09-30,46266000.0,728084000.0,76791000.0,0.38,286564000.0,0.3935864543,5470619000.0,3046677000.0,1991742000.0,644893000.0,2423942000.0,639833000.0,916283000.0,11404602370.0,12374471370.0,29.634341351438103,3.088484446256976,0.30231569773000094,0.5428386402628175,0.0123613194774508,29.634341351438103,0.015185725300056421,15.663855228242895,61.62518031599879,3.743292239380808,0.0,0.690055061242543,0.0,0.1330898752042502,1.9555368099824313,0.008457178246191153,113.4391243845427,0.39358645431021694,-0.28301886792452835,0.6005292918299998,1.2915416723438127,1.4692427613320456,-0.051542843147313964,-0.09744250014631006,0.15942444739702863,0.33560333374436446,0.6992053974479018,0.9701758639939225,Scientific & Technical Instruments,Technology,COHR
2020Q4,2020,Q4,2020-06-30,2020-06-30,51261000.0,746290000.0,66232000.0,0.53,302137000.0,0.4048520012,5234714000.0,2076803000.0,1788969000.0,672893000.0,3157911000.0,619810000.0,876552000.0,11986896660.0,13868527660.0,22.693084344985085,2.6586232878035587,0.45364025618209514,1.1434291071420832,0.018245237859675658,22.693084344985085,0.024682649245017462,16.06198215171046,58.46011909638906,5.771802457912473,0.0,0.7165954082702763,0.0,0.1425655728278565,1.6216099736510856,0.009792512064651478,83.15687113244721,0.40485200123276477,7.833333333333334,1.009055005275569,1.5383624223863444,0.9056026735753939,0.22853378765761406,7.657490288802567,0.07053727290360122,0.08259120938195627,0.8798645246302719,0.5900174991468824,Scientific & Technical Instruments,Technology,COHR
2020Q3,2020,Q3,2020-03-31,2020-03-31,5921000.0,627041000.0,61868000.0,0.06,245933000.0,0.3922119925,5106823000.0,2017907000.0,1591088000.0,569171000.0,3088916000.0,628028000.0,825291000.0,9691929210.0,11700451210.0,22.155081740428848,2.7954481166468423,0.469299405912443,1.187680601732389,0.002426298376495154,22.155081740428848,0.0029342283861446537,15.456611625077148,409.21842636378994,4.8029612910803126,0.0,0.6068328163712446,0.0,0.12278494868531767,1.5540742588782632,0.0011594292576813411,265.2053416336024,0.3922119925172357,1.0555555555555556,-0.726301149995444,1.301555524305988,0.9037122576095992,0.6579007685047863,1.060287334670563,1.7824954151647379,-0.8179687099345606,0.7649530563605189,0.6314934281214998,Scientific & Technical Instruments,Technology,COHR
2020Q2,2020,Q2,2019-12-31,2019-12-31,-98213000.0,666331000.0,-79065000.0,-1.08,148340000.0,0.2226220902,5208209000.0,2065697000.0,1589189000.0,571599000.0,3142512000.0,662982000.0,819370000.0,15118886100.0,17162095100.0,22.728440023766037,2.7802515399782015,0.46466050037546497,1.1715411311533104,-0.01568130850149219,22.728440023766037,-0.0475447270340229,22.689753440857473,-38.48494114832048,7.319024087269333,0.0,0.7813047714719253,0.0,0.12793860615040603,1.5145967715128963,-0.018857346162567592,555.3717848877787,0.222622090222427,-1.7692307692307694,-3.989548594392578,1.5358017564256452,0.9839566275255841,0.20464511937631963,-2.7777136702823295,-2.356754691347542,-3.820554925322869,0.9731193966108882,0.7313159127604103,Scientific & Technical Instruments,Technology,COHR
2020Q1,2020,Q1,2019-09-30,2019-09-30,-25998000.0,340409000.0,-23554000.0,-0.39,123140000.0,0.3617413171,5370686000.0,2131194000.0,1756199000.0,545777000.0,3239492000.0,744443000.0,917583000.0,10140754680.0,12206941680.0,32.305992208461554,3.217795912982775,0.4665582757956805,1.1757437380172804,-0.004210430759018864,32.305992208461554,-0.012198795604717356,29.78991354517654,-97.5147576736672,4.758250389218437,0.0,0.2918544468817626,0.0,0.06338277828940288,1.7473345340679436,-0.004840722395612031,-197.86452322881505,0.36174131706270984,-1.9069767441860468,-2.970406908853912,0.70792934570752,1.914282022873446,-0.11187721778265008,-1.9275724275724275,-1.583959340523119,-2.50004431207495,0.444707582346548,1.5027794857440329,Scientific & Technical Instruments,Technology,COHR
2019Q4,2019,Q4,2019-06-30,2019-06-30,28028000.0,362728000.0,40335000.0,0.43,138652000.0,0.3822478551,1953773000.0,1133209000.0,812911000.0,270563000.0,820564000.0,296282000.0,943581000.0,8766460020.0,9028585020.0,17.78447558812913,3.004516508170001,0.23902316185145356,0.41210138641680394,0.02034257835049368,17.78447558812913,0.024733301623972276,24.168137061379326,78.19377069359213,7.735960462721352,0.0,0.7562929911368224,0.0,0.18565514008024472,1.7538022567756864,0.014345576482017102,249.536307534656,0.3822478551421451,0.13157894736842102,1.1444255670434273,0.8689030966645183,0.6253975249126746,0.08931208950064423,0.13759233704034418,0.23492131528993937,0.8924202730615572,0.4547333012720617,0.40275256361915723,Scientific & Technical Instruments,Technology,COHR
2019Q3,2019,Q3,2019-03-31,2019-03-31,24638000.0,342496000.0,32662000.0,0.38,127284000.0,0.3716364571,1941977000.0,1113558000.0,816871000.0,239775000.0,828419000.0,301861000.0,915553000.0,9518263560.0,9805701560.0,17.505470665912092,3.4068230632884995,0.2619227725148135,0.4567772850628346,0.018362730066493502,17.505470665912092,0.022125475278342036,27.790875105110718,96.58113036772465,8.547613649221683,0.0,0.7129506627222464,0.0,0.17636460164049317,1.9750641226149515,0.012687070959130823,-1249.7720010504202,0.37163645706811177,-0.13636363636363635,1.830986133972904,0.9344192579544256,0.6408393700522796,-0.032104999011451946,-0.1415929203539823,-0.1896692882129655,0.5911934855058795,0.6109766750508341,0.3804971636809368,Scientific & Technical Instruments,Technology,COHR
2019Q2,2019,Q2,2018-12-31,2018-12-31,28702000.0,342839000.0,40307000.0,0.44,131506000.0,0.3835794644,1877134000.0,1073173000.0,792225000.0,250025000.0,803961000.0,291099000.0,890915000.0,6942292830.0,7192493830.0,16.341159989645668,3.1685831416858314,0.2559524253462992,0.4476976219118446,0.021442616074428423,16.341159989645668,0.026744988925364317,20.249425619605706,60.46872021113511,6.468941009511048,0.0,0.72598325655533,0.0,0.1826395984516822,1.828865113488651,0.015290330898060554,225.87580380673498,0.3835794644133252,0.09999999999999995,2.6124709625344673,0.9014558937475163,0.5316960801364597,0.061328254255207534,0.09763279666526445,0.06278015082001794,0.40760386517710145,0.6679662933299049,0.32908576401171946,Scientific & Technical Instruments,Technology,COHR
2019Q1,2019,Q1,2018-09-30,2018-09-30,26149000.0,314433000.0,37926000.0,0.4,123907000.0,0.3940648723,1880643000.0,1043588000.0,817359000.0,225300000.0,837055000.0,265101000.0,862213000.0,10945657800.0,11211458800.0,16.455187637969097,3.6278695073235685,0.2856172064554517,0.5147088697838611,0.01939844902158804,16.455187637969097,0.025056823190761104,34.81077940292526,104.64700179739187,10.48848568592203,0.0,0.7186921211161029,0.0,0.16719441169855204,2.221380381713271,0.013904286991204605,-647.787050955791,0.3940648723257419,-0.04761904761904753,1.6531648822951086,1.0458271184631935,0.5690088621185835,-0.028142280089415272,-0.03747193285971951,-0.033880171184022825,0.46643107611872847,0.604276746617995,0.3711070031743411,Scientific & Technical Instruments,Technology,COHR
2018Q4,2018,Q4,2018-06-30,2018-06-30,27167000.0,321075000.0,39256000.0,0.42,127495000.0,0.3970879078,1761661000.0,1024311000.0,761837000.0,236467000.0,737350000.0,248268000.0,836064000.0,9776250000.0,9968225000.0,16.388976,3.2217476434343904,0.24920401825322805,0.4285934642896542,0.021305525207190746,16.388976,0.026522218349700432,30.448493342676944,89.96438694003754,9.544220456482455,0.0,0.779721913416147,0.0,0.18225697225516146,1.954057014297978,0.01542124165773097,967.1794618124258,0.39708790780970177,-0.06666666666666672,1.6957814641930977,1.0602476442323197,0.602033817653606,0.07695231659416311,-0.09738188583959068,0.08340232930396865,0.5590792580701859,0.5990949680450267,0.3762288108564068,Scientific & Technical Instruments,Technology,COHR
2018Q3,2018,Q3,2018-03-31,2018-03-31,30098000.0,294746000.0,36234000.0,0.45,118385000.0,0.401650913,1737234000.0,1015172000.0,746145000.0,202586000.0,722062000.0,249548000.0,808897000.0,11610173460.0,11820495460.0,16.26174571899979,3.6831024848706226,0.27259770416650836,0.4664884374273522,0.023113562491518583,16.26174571899979,0.029648177845724665,39.390436036451725,96.43641986178483,11.436656507468685,0.0,0.7067217529292962,0.0,0.16966396006525317,2.2509452775611347,0.01732524231047746,752.8318933990404,0.40165091298948924,2.0000000000000004,0.8876304149372876,1.020691114938719,0.6133750776815781,0.0818034779271335,2.13651521467278,0.04989568845618915,1.029882384290139,0.5784424898055379,0.39731755531727003,Scientific & Technical Instruments,Technology,COHR
2018Q2,2018,Q2,2017-12-31,2017-12-31,9596000.0,281470000.0,34512000.0,0.15,109433000.0,0.3887909902,1687874000.0,963901000.0,723415000.0,180183000.0,723973000.0,235468000.0,778799000.0,18147949580.0,18379122580.0,15.471429488619949,4.014890416964975,0.2877163816730396,0.5038162632884498,0.007530625841327343,15.471429488619949,0.009955379235004424,64.47560869719686,472.7998535848271,18.82760737876608,0.0,0.7306173237977135,0.0,0.166760078062699,2.500241421221758,0.005685258496783528,2560.015457751446,0.38879099015880914,-0.53125,-0.20993289692565725,1.2458352789612137,0.572313022137439,0.03263033734371314,-0.5460952651246394,0.12991094814038764,-0.5738898484272179,0.5626164589292136,0.3504950202981986,Scientific & Technical Instruments,Technology,COHR
2018Q1,2018,Q1,2017-09-30,2017-09-30,21141000.0,261503000.0,30544000.0,0.32,105975000.0,0.405253477,1583805000.0,943762000.0,693688000.0,178475000.0,640043000.0,224461000.0,769203000.0,14755506480.0,14942107480.0,15.041470100726762,3.88675164588878,0.27016330924577203,0.4533833741981559,0.017210990091619097,15.041470100726762,0.022400774771605552,56.4257636814874,174.489220945083,15.63477495385489,0.0,0.6928954250404302,0.0,0.16511060389378743,2.4323462669841716,0.013348234157614101,-589.2068234636425,0.40525347701556,-0.36,0.6634023828059703,0.9780337936832244,0.5663639875609415,-0.025768078104028386,-0.35243667105706494,-0.15437430786267994,0.684648141621295,0.3794731163449631,0.35687167969585537,Scientific & Technical Instruments,Technology,COHR
2017Q4,2017,Q4,2017-06-30,2017-06-30,32647000.0,273717000.0,36120000.0,0.5,108778000.0,0.3974104641,1477297000.0,900563000.0,702296000.0,184952000.0,576734000.0,203695000.0,748062000.0,14196644010.0,14290193010.0,14.272223014627807,3.79717980881526,0.24736867400394097,0.40578726863084535,0.027010772315303525,14.272223014627807,0.036251766950230024,51.866139151020946,108.71323559592,15.76418752491497,0.0,0.8097351432288471,0.0,0.18528230951528366,2.5156094554262727,0.022099144586362796,16469.424605568445,0.3974104640924751,0.42857142857142866,1.2570682912773752,0.9967129369135915,0.5245538609743247,0.1132739740047078,0.45550601872492197,0.15758100182674742,1.5223690085473296,0.4241441445306212,0.304398088547637,Scientific & Technical Instruments,Technology,COHR
2017Q3,2017,Q3,2017-03-31,2017-03-31,22430000.0,244987000.0,31203000.0,0.35,97710000.0,0.3988374893,1347648000.0,852896000.0,638821000.0,166042000.0,494752000.0,191802000.0,715415000.0,12915631480.0,12969840480.0,13.579632843472861,3.8473458522542487,0.22393829842807617,0.35384150001875964,0.02029382434706626,13.579632843472861,0.02629863430007879,52.71966055341712,143.95487605884975,15.143266564739427,0.0,0.7678595635082012,0.0,0.18178856793465356,2.536376338516761,0.016643812034002944,-597.033766930153,0.39883748933616886,-0.054054054054054106,0.6040547404821945,0.849115546727258,0.4699361468243352,0.03656790044874447,-0.06162406392503033,-0.05961242879961424,1.6103128753098015,0.40142268613979903,0.2728590179419944,Scientific & Technical Instruments,Technology,COHR
2017Q2,2017,Q2,2016-12-31,2016-12-31,23903000.0,231822000.0,33181000.0,0.37,94263000.0,0.4066180086,1293001000.0,819046000.0,610147000.0,160698000.0,473955000.0,183062000.0,692985000.0,8571450149.999999,8612111150.0,13.127841000160283,3.796854970192535,0.22185288333110337,0.350231855109481,0.022063243801139745,13.127841000160283,0.029183953038046703,36.97427401195745,89.64826747688575,10.465163311950732,0.0,0.7514339404136303,0.0,0.17928988453991915,2.4866893178508755,0.018486451286580597,755.1273147740286,0.4066180086445635,0.423076923076923,0.808491785762706,0.8385428673263908,0.4635570810026768,0.07603707677906897,0.46698171105928565,0.322320966006456,2.1667697393415843,0.3533887267474959,0.2305039919651514,Scientific & Technical Instruments,Technology,COHR
2017Q1,2017,Q1,2016-09-30,2016-09-30,16294000.0,221520000.0,25093000.0,0.26,87602000.0,0.3954586493,1228487000.0,800557000.0,584564000.0,154226000.0,427930000.0,182647000.0,669082000.0,6855690800.0,6883800800.0,12.908045791680102,3.7903077302141015,0.20204202405072255,0.3100416335126668,0.016348171675757972,12.908045791680102,0.020353328994687447,30.948405561574575,105.18735117221064,8.563651057950903,0.0,0.7332066773612488,0.0,0.1803193684589255,2.4383048253861217,0.01326346961750511,-654.1065547180613,0.3954586493318888,0.13043478260869565,-0.11340086579392311,0.6183912122348814,0.4803740589706069,-0.05408644761421429,0.13602454158823118,-0.1448386327233071,0.6905629349351025,0.4738328435573362,0.23078743830587994,Scientific & Technical Instruments,Technology,COHR
2016Q4,2016,Q4,2016-06-30,2016-06-30,14343000.0,241470000.0,29343000.0,0.23,92611000.0,0.3835300451,1212591000.0,782338000.0,582963000.0,171242000.0,430253000.0,175133000.0,652788000.0,5663468460.0,5680940460.0,12.6782698883433,3.4043225376951916,0.19455611991182517,0.3015538041102439,0.01461687822769943,12.6782698883433,0.018333508023386312,23.454128711641197,98.71485149550303,7.239158087680773,0.0,0.8499768747180714,0.0,0.19913557003144505,2.2381308323892504,0.011828390611508744,347.3029042742381,0.383530045140183,-0.04166666666666659,-0.3387474373494208,0.8617572203704893,0.5217108153532684,0.19238048642315467,-0.039831302717900655,0.61820989356422,0.44154625752711385,0.5693568290121158,0.23930971101949103,Scientific & Technical Instruments,Technology,COHR
2016Q3,2016,Q3,2016-03-31,2016-03-31,14938000.0,205105000.0,18133000.0,0.24,77669000.0,0.3786792131,1222395000.0,778193000.0,540386000.0,147896000.0,444202000.0,181788000.0,638445000.0,5639811100.0,5715309100.0,12.680555329237889,3.6538243089738733,0.21504587306067188,0.3377966648376431,0.014984246562816472,12.680555329237889,0.01919575221056987,27.497189732088444,94.38698453608248,7.247316668230118,0.0,0.701014368385152,0.0,0.1677894624896208,2.272008708822416,0.01222027249784235,1054.367377079828,0.37867921308598035,-0.2,-0.34351508367893946,0.603039631738084,0.6128208135491507,0.08865496748149809,-0.21341688168079617,-0.2038199780461032,-0.04699494994818391,0.4303808193751961,0.25807476594911766,Scientific & Technical Instruments,Technology,COHR
2016Q2,2016,Q2,2015-12-31,2015-12-31,18991000.0,191434000.0,22775000.0,0.3,71344000.0,0.3726819687,1043445000.0,752026000.0,495626000.0,130893000.0,291419000.0,167928000.0,623507000.0,3982453150.0,3951860150.0,12.29503801193493,3.786497368079271,0.1403916833182391,0.19479512676423422,0.02170488763589631,12.29503801193493,0.02525311624864034,20.803269795334163,52.42553248907377,5.295632265373804,0.0,0.7151279119622695,0.0,0.18346343123020378,2.332775625892905,0.018200288467528237,131.04916746191057,0.37268196872029,0.111111111111111,0.006132252758350485,0.6072158640786546,0.6542003929434562,0.002177302673165798,0.10322992912745439,-0.00043888523151195964,0.5926508651015194,0.5558361888639234,0.24950628434557673,Scientific & Technical Instruments,Technology,COHR
2016Q1,2016,Q1,2015-09-30,2015-09-30,17214000.0,189207000.0,22785000.0,0.27,71189000.0,0.3762492931,1034026000.0,734761000.0,497153000.0,124798000.0,299265000.0,167266000.0,604516000.0,3348898100.0,3347612100.0,12.001388367116933,3.98366159714098,0.15714595184260358,0.22115082319284773,0.01974768914838729,12.001388367116933,0.023428026256156764,17.699652232739805,48.63625682583944,4.5578060076678,0.0,0.705570767519998,0.0,0.18298089216325314,2.380518918572413,0.016647550448441337,262.55571148569186,0.3762492931022637,0.0,-0.05382023343831548,0.5900154567203624,0.7039920338940628,-0.0507627073443917,0.008494932333470033,-0.02252252252252252,0.38806942126863964,0.46673557767907886,0.24978093318660935,Scientific & Technical Instruments,Technology,COHR
2015Q4,2015,Q4,2015-06-30,2015-06-30,17069000.0,196683000.0,23310000.0,0.27,74996000.0,0.3813039256,1058164000.0,729081000.0,512968000.0,139156000.0,329083000.0,164388000.0,587302000.0,3886436040.0,3888759040.0,11.908612776244222,3.6862801460231682,0.16628518830729452,0.241340811240452,0.0195103257618979,11.908612776244222,0.0234116648218785,19.759898110156954,56.922433065791786,5.330595695128524,0.0,0.7402425967832202,0.0,0.1858719442354871,2.25937796429906,0.016130769899561883,123.32802462475803,0.3813039256061785,0.1739130434782609,0.07855656654718747,0.7535112356905754,0.7936935723001974,0.14105743628756182,0.17652329749103943,0.44558139534883723,0.21623464001498688,0.4787288776696538,0.2720738435956088,Scientific & Technical Instruments,Technology,COHR
2015Q3,2015,Q3,2015-03-31,2015-03-31,14508000.0,182709000.0,16125000.0,0.23,65725000.0,0.3597250272,1038268000.0,710862000.0,488847000.0,130299000.0,327406000.0,164401000.0,570233000.0,3967886719.9999995,4001185719.9999995,11.637831112275302,3.7517325535882855,0.18107270955090593,0.2644704598079515,0.017031837601364,11.637831112275302,0.02040902453640791,21.716974642737902,68.37411634960021,5.5817960729368,0.0,0.7115771801874684,0.0,0.17597479648799733,2.223232718593389,0.013973270870334056,143.21915610900558,0.35972502722909105,-0.3428571428571428,0.4125258600969892,0.8810101622544129,0.8340158479336788,0.04295598083087372,-0.3434105720492397,-0.3756292108727639,0.0668227277560618,0.41799843683724885,0.25974456156175474,Scientific & Technical Instruments,Technology,COHR
2015Q2,2015,Q2,2014-12-31,2014-12-31,22096000.0,176736000.0,25826000.0,0.35,63018000.0,0.3565657251,1046117000.0,700301000.0,489725000.0,125876000.0,345816000.0,166157000.0,555725000.0,3711752880.0,3769315880.0,11.456117391090972,3.8905351298102895,0.20314362542621905,0.30345808445225697,0.02522014062956779,11.456117391090972,0.031552146862563385,21.00167979359044,41.995755792903694,5.300225017528177,0.0,0.6844008979459186,0.0,0.16894477386372653,2.30665098986304,0.021121920397049278,96.38663377392298,0.35656572514937535,0.7499999999999998,2.5748843839602453,1.486299381113173,0.994138860691224,-0.07133910019304734,0.7961307104535847,0.4579428700462911,0.7062610801198136,0.4305789416818203,0.27718500919720107,Scientific & Technical Instruments,Technology,COHR
2015Q1,2015,Q1,2014-09-30,2014-09-30,12302000.0,185833000.0,17714000.0,0.2,67859000.0,0.3651611931,1062085000.0,681841000.0,502930000.0,135216000.0,380244000.0,163421000.0,533629000.0,3774745960.0,3866063960.0,11.085403524744748,3.7194562773636255,0.22289458941610135,0.3471967804810799,0.014369152074056505,11.085403524744748,0.018042329516705508,20.31257074900583,76.71000569013168,5.536108799558841,0.0,0.7219023258944689,0.0,0.17496998827777438,2.2760324221985564,0.011582877076693485,-182.58421011899003,0.3651611931142477,0.0,0.8742759754565664,1.724215352501713,0.9688237981626564,0.0888625022063189,-0.027894112998814696,0.13755458515283842,-0.3250439884369062,0.3689688401894528,0.2713422369349583,Scientific & Technical Instruments,Technology,COHR
2014Q4,2014,Q4,2014-06-30,2014-06-30,12655000.0,187921000.0,15572000.0,0.2,62321000.0,0.3316340377,1071926000.0,675043000.0,505731000.0,135065000.0,396883000.0,165873000.0,521327000.0,4082358150.0,4149658150.0,10.941616014263717,3.744352719061193,0.22572453695497638,0.3584364255314106,0.015179747794878526,10.941616014263717,0.0187469538977517,21.723799628567324,80.64713848281312,6.047552748491578,0.0,0.7572058140866808,0.0,0.17531154202808777,2.3054307185429237,0.011805852269652943,221.81906922408172,0.33163403770733446,0.5384615384615385,0.9816049948446336,1.7244832829286303,1.005682360805085,0.1395319071128177,0.48341343336068454,0.4919996167481077,-0.41645549539909876,0.4491710309594663,0.3132687324834439,Scientific & Technical Instruments,Technology,COHR
2014Q3,2014,Q3,2014-03-31,2014-03-31,8531000.0,173555000.0,10437000.0,0.13,54690000.0,0.3151162456,1090064000.0,665241000.0,515709000.0,135089000.0,424823000.0,174607000.0,508672000.0,4074899249.9999995,4152115249.9999995,10.668607168631224,3.8175499115397997,0.24118492125233013,0.3952056472767012,0.010629459503169071,10.668607168631224,0.012823923961391436,23.479008095416436,119.4144663579885,6.125448145859921,0.0,0.6807573579524303,0.0,0.15921542221374158,2.3089888888066388,0.007826145987758517,651.6710778826163,0.3151162455705684,0.08333333333333341,0.19914839006066523,1.5631831777567853,1.0123338047902681,0.024272390156197327,0.1270973708548025,-0.02394089591321425,-0.6310139037251314,0.3350050384852889,0.3569241445975569,Scientific & Technical Instruments,Technology,COHR
2014Q2,2014,Q2,2013-12-31,2013-12-31,7569000.0,171765000.0,10693000.0,0.12,53394000.0,0.3108549472,1116161000.0,667464000.0,533539000.0,126325000.0,448697000.0,177136000.0,500141000.0,4654061570.0,4724236570.0,10.668669980659494,4.223542450029686,0.25342042949001087,0.4237801589299198,0.008787504709792032,10.668669980659494,0.011339937434827946,27.095517538497365,153.72115107676046,6.972752942480794,0.0,0.6682492548098636,0.0,0.15388908947723492,2.579576489214328,0.006781279761611452,195.78736990450548,0.31085494716618634,-0.2,-0.14095363066755107,1.1938498417193304,1.0487850458046222,-0.052390586731977426,-0.2192077573756963,-0.20320417287630402,-0.6079592991749935,0.4098575182329523,0.43538540157905714,Scientific & Technical Instruments,Technology,COHR
2014Q1,2014,Q1,2013-09-30,2013-09-30,9694000.0,151172000.0,13420000.0,0.15,56346000.0,0.3727277538,999518000.0,654208000.0,492777000.0,106548000.0,345310000.0,167563000.0,492572000.0,3827575440.0,3843440440.0,10.487632055659757,4.624929609190224,0.2111737857647386,0.32263744864018784,0.011621582979738405,10.487632055659757,0.014817917237331247,25.319341147831608,98.7099092221993,5.850701061436118,0.0,0.5659125224542411,0.0,0.15124490004182015,2.796758268573788,0.009698674761234915,214.8633344560458,0.37272775381684436,-0.06250000000000006,-0.4680792194883923,0.6534952129917234,1.023607068078691,0.10786472670074715,-0.03311390384999002,-0.1404048168075839,-0.4770368692349941,0.24684280551321688,0.48906450908806925,Scientific & Technical Instruments,Technology,COHR
2013Q4,2013,Q4,2013-06-30,2013-06-30,10026000.0,155045000.0,15612000.0,0.16,50860000.0,0.3280337966,863802000.0,636108000.0,461144000.0,94434000.0,227694000.0,141859000.0,482878000.0,3510682800.0,3439285800.0,10.230106143454487,4.883241205498019,0.13201636486139184,0.1792714444716935,0.01405496688171491,10.230106143454487,0.01576147446660001,22.642992679544648,87.53946738479952,5.5190043200211285,0.0,0.7344264375189449,0.0,0.17949136491927548,3.098523836753712,0.011606826564421012,110.70169331189102,0.32803379663968524,-0.36,-0.34927436968991704,0.6263652547625331,1.1114936823391959,-0.0027646516734965982,-0.36820215514525173,-0.19542362399505256,-0.3762271927845458,0.3610164784088573,0.5408743216563177,Scientific & Technical Instruments,Technology,COHR
2013Q3,2013,Q3,2013-03-31,2013-03-31,15869000.0,145170000.0,19404000.0,0.25,51001000.0,0.3513191431,848789000.0,626229000.0,440908000.0,81057000.0,220863000.0,152873000.0,479458000.0,3501025500.0,3466614500.0,10.079333655239015,5.4394808591485,0.14277164289358132,0.19351227745760735,0.022043035894066497,10.079333655239015,0.025340570302557052,24.11672866294689,55.1551058667843,5.590647351048897,0.0,0.6159949762220929,0.0,0.1710319054558907,3.1981691895826394,0.0186960481344598,1241.0583126550869,0.3513191430736378,0.3157894736842105,0.18798168698609946,0.7515880311637592,1.251249840388882,0.08813740132280777,0.3007377049180328,-0.004208149440624038,0.5189739146369997,0.46933212201926094,0.5884108887627202,Scientific & Technical Instruments,Technology,COHR
2013Q2,2013,Q2,2012-12-31,2012-12-31,12200000.0,125889000.0,19486000.0,0.19,46870000.0,0.3723121162,846860000.0,615782000.0,436920000.0,82460000.0,229401000.0,151942000.0,463589000.0,3168569334.0,3130241334.0,9.839916906359859,5.298569003153044,0.14699241905391683,0.2021527098875901,0.017036253880451126,9.839916906359859,0.019812206267802567,25.16954884064533,64.92969946721311,5.145602395003427,0.0,0.5200602861618249,0.0,0.1486538506955105,3.111423720591802,0.014406159223484401,103.73786452331063,0.37231211622937666,-0.050000000000000044,-0.5667767455564202,0.6109952933942036,1.2543980997625654,-0.04023753455513464,-0.040729674477119046,0.12278882166522616,0.9280571495471251,0.7299275557510999,0.712810721039245,Scientific & Technical Instruments,Technology,COHR
2013Q1,2013,Q1,2012-09-30,2012-09-30,12718000.0,132292000.0,17355000.0,0.2,48835000.0,0.3691455266,711125000.0,602921000.0,417821000.0,70756000.0,106851000.0,135261000.0,451389000.0,2890667440.0,2755921440.0,9.602793616411303,5.905096387585505,0.025122165582703464,0.02963074764355529,0.02119779880045446,9.602793616411303,0.02109397416908683,21.850659450306896,56.82236672432773,4.794438143637391,0.0,0.6170071195688336,0.0,0.18603199156266478,3.5517270620159422,0.0178843381965196,167.51665739452943,0.36914552656245275,-0.09090909090909087,0.2276429095433835,0.6909710436754202,1.443217634616513,0.011872694873813766,-0.11961788730444414,-0.10601143563591407,0.8982151111338491,0.8998572491083329,0.705504771083229,Scientific & Technical Instruments,Technology,COHR
2012Q4,2012,Q4,2012-06-30,2012-06-30,14446000.0,136910000.0,19413000.0,0.22,48262000.0,0.3525089475,706486000.0,589957000.0,410373000.0,83728000.0,115100000.0,137607000.0,438671000.0,2717379280.0,2595204280.0,9.361573493708248,4.901263615516912,0.018073960418182385,0.021643950321803114,0.024542388192256778,9.361573493708248,0.024486530374247615,19.847924037688994,47.02650006922331,4.606063289358376,0.0,0.6442114136635491,0.0,0.1937901104905122,2.8629012994458245,0.020447680491899344,133.8742378559464,0.35250894748374845,0.0,0.18216593242344456,0.7604863686488532,1.4880528271059943,0.04915110541075194,0.03229955695297985,0.006637282862328234,1.21452715697402,0.9432222041151044,0.716048415630181,Scientific & Technical Instruments,Technology,COHR
2012Q3,2012,Q3,2012-03-31,2012-03-31,13994000.0,132590000.0,19285000.0,0.22,46001000.0,0.3469417,687520000.0,580670000.0,392261000.0,74309000.0,105745000.0,140086000.0,424225000.0,3666332150.0,3560712150.0,9.238246758412219,5.278781843383708,0.019848149872003725,0.023500439147880896,0.024070707138175208,9.238246758412219,0.024099746844162776,27.651649068557205,65.49828765899672,6.313968605231887,0.0,0.6181131590594349,0.0,0.19285257156155458,2.9813885262888746,0.020354316965324644,720.8675088478176,0.34694169997737384,0.047619047619047665,0.30964358393771096,0.8587434142735878,1.6684962172919418,0.058272752369559214,0.05320990441785203,0.22491107723577236,0.9514000382813743,0.9426060531468184,0.7425363925300628,Scientific & Technical Instruments,Technology,COHR
2012Q2,2012,Q2,2011-12-31,2011-12-31,13287000.0,126757000.0,15744000.0,0.21,43468000.0,0.3429238622,678497000.0,562587000.0,378739000.0,81809000.0,115016000.0,142578000.0,410231000.0,3278374400.0,3175429400.0,8.969818239795918,4.629551760808713,0.030785692493850377,0.037128479684031095,0.023285398599624668,8.969818239795918,0.02361768046542135,25.863458428331374,61.68387145330022,5.8273198634166805,0.0,0.5841644573496613,0.0,0.18682028070868406,2.5918297497830314,0.019582990050066543,179.4697760989763,0.34292386219301496,-0.27586206896551724,0.366750339665847,0.8752570746641047,1.7583430774851478,-0.20981639701872387,-0.2848377200064589,-0.36168660044597606,0.5042379890854536,0.6149374032694878,0.7225417513705311,Scientific & Technical Instruments,Technology,COHR
2012Q1,2012,Q1,2011-09-30,2011-09-30,18579000.0,138373000.0,24665000.0,0.29,55010000.0,0.3975486547,665928000.0,546692000.0,365795000.0,78198000.0,118576000.0,140399000.0,396944000.0,2693506080.0,2608622080.0,8.719448786245175,4.677805058952915,0.03889609687533788,0.047379511681166,0.03276120990839281,8.719448786245175,0.033984400722893326,19.465546602299582,36.24395930889714,4.926916947751201,0.0,0.5937577902976517,0.0,0.20778973102197235,2.599427095322131,0.027899412549104406,1706.9113307984792,0.3975486547231035,-0.14705882352941188,1.279424932609971,1.0937151843860995,1.7888524654753617,0.004216944449515325,-0.15699441898452743,-0.042359061966143814,0.01426396796554689,0.5058012754572164,0.6824329934490541,Scientific & Technical Instruments,Technology,COHR
2011Q4,2011,Q4,2011-06-30,2011-06-30,22039000.0,131783000.0,25756000.0,0.34,54779000.0,0.41567577,647202000.0,522374000.0,395540000.0,90967000.0,124101000.0,126430000.0,378365000.0,3465318460.0,3334587460.0,8.331589524386743,4.34817021557268,0.028938414899830348,0.0358536221174867,0.04089619764573292,8.331589524386743,0.0421900783729665,26.295641015912523,39.30893484277871,6.633788167098669,0.0,0.6090643043581428,0.0,0.20361958090364368,2.6390449283806214,0.03405273778511191,1909.2663691460054,0.4156757700158594,-0.055555555555555455,3.3615654210782315,0.866675174159129,1.8169155903046517,0.03653875264910687,-0.046714823305506296,0.0033502142578885857,0.41859729554826647,0.3709346154820844,0.7196398940437152,Scientific & Technical Instruments,Technology,COHR
2011Q3,2011,Q3,2011-03-31,2011-03-31,23119000.0,129997000.0,25670000.0,0.36,52848000.0,0.4065324584,601870000.0,490233000.0,357925000.0,90011000.0,111036000.0,111143000.0,356326000.0,1811637360.0,1686782360.0,7.862346035411855,3.976458432858206,0.006017910844534534,0.007388323511473116,0.04454504384020933,7.862346035411855,0.04715920796845582,13.935993599852305,19.59035165880877,3.695461872211785,0.0,0.6941417813087644,0.0,0.21598850250054,2.438613058403973,0.03841194942429428,145.20979159987175,0.40653245844134867,0.2,1.966256094431614,1.0932126985611517,1.5989352573753437,0.05619953633383964,0.20681735135981624,0.0595179131583292,0.724567494119146,0.5629294957026744,0.7560789098496582,Scientific & Technical Instruments,Technology,COHR
2011Q2,2011,Q2,2010-12-31,2010-12-31,19157000.0,120887000.0,24228000.0,0.3,50036000.0,0.4139072026,566835000.0,461402000.0,328964000.0,77926000.0,104844000.0,100953000.0,333207000.0,1401100460.0,1285520460.0,7.432617030187828,4.221492184893361,0.006516887630439193,0.0080060337839888,0.04144281839306134,7.432617030187828,0.041519109149938664,11.59016651914598,18.284445111447514,3.0366154893130073,0.0,0.7018216397729636,0.0,0.2132666472606667,2.6269281112850655,0.03379643106018506,111.5081941902109,0.4139072025941582,0.03448275862068969,2.4288404458782145,1.0822312575305089,1.4755413915461801,0.016248273620927775,0.043011923558556105,-0.09546387903677431,-0.31423191227587205,0.5594947969163988,0.7028678055490817,Scientific & Technical Instruments,Technology,COHR
2011Q1,2011,Q1,2010-09-30,2010-09-30,18367000.0,120134000.0,26785000.0,0.29,49236000.0,0.4098423427,537087000.0,435320000.0,314784000.0,74761000.0,101276000.0,93609000.0,314050000.0,1236469040.0,1126880040.0,7.043101216670981,4.21053757975415,0.006708410369269783,0.008276670035835708,0.045474808694295224,7.043101216670981,0.04219195074887439,10.292415469392513,16.830035389557356,2.8403680970320684,0.0,0.757384439530387,0.0,0.22367698343098977,2.624349594039673,0.034197439148592315,213.95899636615331,0.409842342717299,0.15999999999999992,1.5840189745634747,1.0971804213264953,1.4626917197891893,0.024853253403272137,0.14959003567628465,0.26756897449245187,0.8009829032455225,0.5598636982433176,0.7919607337547222,Scientific & Technical Instruments,Technology,COHR
2010Q4,2010,Q4,2010-06-30,2010-06-30,15977000.0,113237000.0,21131000.0,0.25,48042000.0,0.4242606215,508981000.0,410353000.0,288270000.0,73185000.0,98121000.0,81397000.0,295683000.0,1060007199.9999999,955365199.9999999,6.639156743463629,3.9389219102275055,0.006648578237694531,0.008246558450894717,0.039269056312568905,6.639156743463629,0.03893477079490098,9.360961523177052,16.586455529824118,2.5831593774140797,0.0,0.80095089499613,0.0,0.22247785280786514,2.550386008061761,0.031390169770580824,73.40261754726126,0.4242606215282991,0.47058823529411753,1.2211169790550553,0.8860667930610758,1.4525820900627575,0.23711180923932637,0.5492097352855619,0.454401541744098,0.33306977292980505,0.4846109788624235,0.7645081477249906,Scientific & Technical Instruments,Technology,COHR
2010Q3,2010,Q3,2010-03-31,2010-03-31,10313000.0,97531000.0,14529000.0,0.17,38834000.0,0.398170838,483440000.0,389185000.0,260487000.0,68750000.0,93984000.0,79702000.0,279706000.0,980085360.0,886106360.0,6.34554555533816,3.7889018181818184,0.006668873076286613,0.00828397805670825,0.02624002708478935,6.34554555533816,0.026498965787478963,10.048962483723123,23.75849316396781,2.518301990056143,0.0,0.73645579784698,0.0,0.20174375310276352,2.3501090909090907,0.021332533509846104,50.047763876831944,0.39817083798997244,0.7000000000000001,0.6014323177641838,0.7785940295311962,1.482113169555539,0.4105553739421016,0.7242935963885638,1.0184773548207835,-0.010880026997367854,0.401212661585287,0.8329305066087958,Scientific & Technical Instruments,Technology,COHR
2010Q2,2010,Q2,2009-12-31,2009-12-31,5981000.0,68785000.0,7198000.0,0.1,27531000.0,0.4002471469,386250000.0,339822000.0,242125000.0,32242000.0,46010000.0,72588000.0,269393000.0,879294480.0,766062480.0,5.744894509061401,7.509614788164506,0.008354692556634305,0.009496147983355992,0.017004175609859132,5.744894509061401,0.017600390792826832,12.783230064694337,36.75365657916736,2.5875148754347865,0.0,0.5683308535846145,0.0,0.178084142394822,4.827864276409652,0.015484789644012944,76.78757139114488,0.40024714690702917,-0.09090909090909087,0.011123884230457015,0.5588826348608856,1.2748519365527902,0.014070499834248039,-0.051538217570567715,-0.1527777777777778,-0.34766200516142237,0.07899446930369813,0.7666344597315375,Scientific & Technical Instruments,Technology,COHR
2010Q1,2010,Q1,2009-09-30,2009-09-30,6306000.0,65538000.0,8496000.0,0.11,27149000.0,0.4142482224,376199000.0,332727000.0,232059000.0,27922000.0,43039000.0,75216000.0,263412000.0,689036040.0,586920040.0,5.630470098487156,8.310973425972351,0.008894228852282967,0.010056292395868085,0.018959413915284825,5.630470098487156,0.01895247455120865,10.513534743202417,27.316684110371074,2.070875041700854,0.0,0.5103834290576473,0.0,0.17421098939656937,5.160840913974644,0.016762405003734725,52.566069575831555,0.4142482224053221,0.09999999999999995,0.04108624957448166,0.591729383709066,1.3534982454661317,0.0991497975708502,0.03089749877390878,0.00425531914893617,-0.17914352991846663,0.05213078878802861,0.8008650318265289,Scientific & Technical Instruments,Technology,COHR
2009Q4,2009,Q4,2009-06-30,2009-06-30,6117000.0,66067000.0,8460000.0,0.1,24700000.0,0.3738628968,368282000.0,322376000.0,230307000.0,32063000.0,45906000.0,76620000.0,257106000.0,611031960.0,518766960.0,5.455308491555826,7.182952312634501,0.009951613165997795,0.011368712311090155,0.019279182923915686,5.455308491555826,0.01897473757351664,9.2486711974208,24.97269740068661,1.8954015187234783,0.0,0.5398981989036805,0.0,0.17939242211131687,4.336431400679912,0.016609554634763577,57.26635051546392,0.3738628967563231,-0.09090909090909087,-0.001013436902877581,0.5119007099451858,1.4050976045603303,0.08872922819235686,-0.09189429928741093,0.12485041882728361,1.6954355319606784,-0.007102886792244288,0.8444431875580278,Scientific & Technical Instruments,Technology,COHR
2009Q3,2009,Q3,2009-03-31,2009-03-31,6736000.0,64111000.0,7521000.0,0.11,22687000.0,0.3538706306,365175000.0,313007000.0,225700000.0,33732000.0,52168000.0,80444000.0,250989000.0,509220000.0,431767000.0,5.301609078590786,6.690975927902288,0.016594783323064285,0.019360589379790228,0.01781442756836623,5.301609078590786,0.021520285488822934,7.9427867292664285,18.899198337292162,1.6268645749136599,0.0,0.5149420715031575,0.0,0.1755624015882796,3.6247480137554846,0.01844595057164373,25.950160525913468,0.35387063062500973,-0.21428571428571436,0.3829350443678259,0.6062268504528242,1.4570661642201341,-0.27679311444054827,-0.1941619810982175,-0.5558114812189936,-0.08726287262872634,0.09022621693629293,0.7524716786964769,Scientific & Technical Instruments,Technology,COHR
2009Q2,2009,Q2,2008-12-31,2008-12-31,8359000.0,74278000.0,16932000.0,0.14,31370000.0,0.4223323191,366845000.0,309075000.0,225924000.0,35928000.0,57770000.0,80064000.0,246179000.0,636868420.0,577862420.0,5.2073154294571555,6.288243152972612,0.025629352996497157,0.030419801019170103,0.03986578491172868,5.2073154294571555,0.02704521556256572,8.574119120062468,19.04738664912071,2.0605627113160234,0.0,0.5359212629896083,0.0,0.20247788575556433,3.1293420173680695,0.02278619035287383,88.93568216729507,0.42233231912544766,-0.5,1.347216151909429,1.0619471293523053,1.4817241845048355,-0.16035438023607504,-0.5222063446699057,-0.02801377726750861,0.5648107708828501,0.3381268568628929,0.7343722718527445,Scientific & Technical Instruments,Technology,COHR
2009Q1,2009,Q1,2008-09-30,2008-09-30,17495000.0,87766000.0,17420000.0,0.28,37361000.0,0.4256887633,365672000.0,310347000.0,224826000.0,38277000.0,55325000.0,72905000.0,237820000.0,1064402549.9999999,1001765549.9999999,5.182642530309609,5.873657810173211,0.010339867422170688,0.01218313694026364,0.05457960903209892,5.182642530309609,0.05637238317109558,12.12773226534193,15.210096456130321,3.429717541977206,0.0,0.6913791920993073,0.0,0.24001290774245773,3.06714214802623,0.047843422520728957,-259.7370790629575,0.4256887633024178,0.1200000000000001,4.311962027193408,1.4339293733023883,1.5388205196664586,-0.012893339322042854,0.17906725973850923,-0.04238359628387664,1.5405035907680722,0.5814102754267884,0.8121634850014968,Scientific & Technical Instruments,Technology,COHR
2008Q4,2008,Q4,2008-06-30,2008-06-30,14838000.0,91809000.0,18191000.0,0.25,37849000.0,0.4122580575,360926000.0,290126000.0,226269000.0,46525000.0,70800000.0,69642000.0,220325000.0,894936490.0,828892490.0,4.844961758124311,4.863385276732939,0.010503538121387764,0.013066736521373473,0.0511768541049202,4.844961758124311,0.051143296360891474,9.74780784018996,15.078455485914544,3.0846476703225494,0.0,0.7748197926538583,0.0,0.25437070202756246,2.766276195593767,0.041110920244038944,109.71392546279269,0.4122580574889172,0.13636363636363635,2.869075372575441,1.6423057269529702,1.4597423499118751,0.13670901282397813,0.13718577559779277,0.2185009042802599,1.1291191074168656,0.5783465474431064,0.7897854944776469,Scientific & Technical Instruments,Technology,COHR
2008Q3,2008,Q3,2008-03-31,2008-03-31,13048000.0,80956000.0,14929000.0,0.22,33297000.0,0.4112974949,332836000.0,271715000.0,198779000.0,39355000.0,61121000.0,66918000.0,205487000.0,846299347.54,788191347.54,4.4772168217002095,5.0509211027823655,0.012090038337199101,0.014809635095596489,0.0445855797102959,4.4772168217002095,0.04802090425629796,10.453818710657641,16.215116254215207,3.114658180593637,0.0,0.7122000059774649,0.0,0.2432309005035513,2.817888451276839,0.03920249011525195,272.38472724171226,0.41129749493552054,-0.5,3.095238108297725,1.370787003883186,1.4203631349521681,0.07413142359430949,-0.512406576980568,2.1102930239476425,1.0476190360406867,0.4919862965069177,0.7513007729885353,Scientific & Technical Instruments,Technology,COHR
2008Q2,2008,Q2,2007-12-31,2007-12-31,26760000.0,74256000.0,-13446000.0,0.44,30999000.0,0.4174612153,322708000.0,259558000.0,187796000.0,42326000.0,63150000.0,64314000.0,192440000.0,908353338.4250001,843896338.4250001,4.364764549524862,4.436894580163493,0.011096719015332747,0.013796531025820818,-0.03294768991766507,4.364764549524862,0.10309834410806062,12.23272649247199,8.486111158678998,3.499616033506962,0.0,0.672590726746898,0.0,0.2301027554321554,2.613783490053395,0.08292326189620337,77.37251604982964,0.4174612152553329,1.7500000000000002,7.999999949551571,1.2001521039193936,1.354001662878579,-0.01305358336782451,1.7808375766393016,-2.2184866334390576,3.499999974775785,0.6739676629010748,0.7283508117376775,Scientific & Technical Instruments,Technology,COHR
2008Q1,2008,Q1,2007-09-30,2007-09-30,9623000.0,72671000.0,11035000.0,0.16,31409000.0,0.4322081711,293865000.0,229225000.0,156019000.0,33982000.0,64640000.0,63205000.0,165680000.0,954135028.3199999,932661028.3199999,3.9303881407677195,4.591224766052616,0.048352134483521346,0.061987130548587635,0.03310183616206785,3.9303881407677195,0.04198058675973389,13.129515602097122,24.787878736360803,4.16243877552623,0.0,0.6528280990427973,0.0,0.2472938253960152,2.3722559001824495,0.03274632909669406,188.67609814514532,0.43220817107236725,-0.15789473684210525,3.1250000085732093,1.1766659034462115,1.1734120698599233,-0.027434587397429943,-0.14908479971703953,-0.16641486629400212,0.6097560907764198,0.7883562344659952,0.6428755381869684,Scientific & Technical Instruments,Technology,COHR
2007Q4,2007,Q4,2007-06-30,2007-06-30,11309000.0,71971000.0,13238000.0,0.19,32295000.0,0.4487224021,287924000.0,219440000.0,151912000.0,43749000.0,68484000.0,59857000.0,158287000.0,890273301.1800001,872650301.1800001,3.762610420373294,3.4723536537978013,0.05207971548047401,0.068333029529712,0.04440223655036528,3.762610420373294,0.051535727305869486,12.369889277347822,19.680637129277567,4.057023793200875,0.0,0.6628464507075196,0.0,0.24996526861255053,1.836430546983931,0.03927772606660091,71.3989334493544,0.448722402078615,0.11764705882352934,4.304600139746698,1.2604484419709252,1.1247999660412367,0.04646641392048216,0.1253856105085083,0.13836099406655775,0.871381007313863,0.6688337281689458,0.6588329189707641,Scientific & Technical Instruments,Technology,COHR
2007Q3,2007,Q3,2007-03-31,2007-03-31,10049000.0,67085000.0,11629000.0,0.17,30861000.0,0.4600283223,267520000.0,204643000.0,138890000.0,40738000.0,62877000.0,54877000.0,146978000.0,938103710.55,926370710.55,3.46196734271088,3.4093475379252784,0.05351001794258373,0.06995108554898041,0.04283033815144735,3.46196734271088,0.04910502680277361,13.983807267645524,23.338235410239825,4.584098701397067,0.0,0.6600943929150646,0.0,0.25076629784689,1.7549707889439834,0.037563546650717705,659.7072507383966,0.4600283222777074,0.13333333333333347,7.499999957707234,1.406991451945187,1.1109778132971515,0.04475439249805342,0.1030735455543359,0.03322967569968903,1.0606060546686744,0.6786964669010174,0.6044719052863544,Scientific & Technical Instruments,Technology,COHR
2007Q2,2007,Q2,2006-12-31,2006-12-31,9110000.0,63342000.0,11255000.0,0.15,29539000.0,0.466341448,255322000.0,191127000.0,131446000.0,35716000.0,64195000.0,53765000.0,136929000.0,,,,,,,,,,,,,,,,,,,,,,,,,,,,,,,Scientific & Technical Instruments,Technology,COHR
2007Q1,2007,Q1,2006-09-30,2006-09-30,7498000.0,60797000.0,9588000.0,0.13,26746000.0,0.4399230225,251671000.0,180329000.0,129256000.0,42598000.0,71342000.0,50501000.0,127819000.0,,,,,,,,,,,,,,,,,,,,,,,,,,,,,,,Scientific & Technical Instruments,Technology,COHR
