Quarters,Year,Quarter,FillingDate,Date,NetIncome,Revenue,OperatingIncome,EPSDiluted,GrossProfit,GrossProfitRatio,TotalAssets,CommonStockEquity,CurrentAssets,CurrentLiability,TotalLiability,Inventory,RetainedEarnings,MarketCap,EnterpriseValue,bookValuePerShare,currentRatio,debtToAssets,debtToEquity,roic,shareholdersEquityPerShare,roe,priceToSalesRatio,peRatio,pbRatio,payoutRatio,inventoryTurnover,dividendYield,assetTurnover,quickRatio,returnOnAssets,priceToFreeCashFlowsRatio,grossProfitMargin,epsdilutedGrowth,fiveYNetIncomeGrowthPerShare,fiveYRevenueGrowthPerShare,fiveYShareholdersEquityGrowthPerShare,grossProfitGrowth,netIncomeGrowth,operatingIncomeGrowth,threeYNetIncomeGrowthPerShare,threeYRevenueGrowthPerShare,threeYShareholdersEquityGrowthPerShare,Industry,Sector,Symbol
2023Q3,2023,Q3,2023-05-09,2023-03-31,21221000.0,885519000.0,34279000.0,0.83,111762000.0,0.1262107307,1980382000.0,878895000.0,1577541000.0,744151000.0,1101487000.0,752763000.0,917866000.0,766966240.0,1040644240.0,34.88232259088744,2.1199205537585786,0.15706666693597499,0.353912583414401,0.020436494371306332,34.88232259088744,0.024145091279390598,0.8661205914271743,9.035462984779228,0.872648314076198,0.0,1.027889255980966,0.0,0.44714555070688383,0.9700074312874672,0.010715609412729463,14.594703050370116,0.1262107306562592,-0.17821782178217827,1.0225073772641367,0.0034574311583380783,0.016193686567463995,-0.030970919243241368,-0.17537110437553433,-0.1306806654493812,11.461958861324646,0.020983541478239335,-0.015095225249328832,Electronics & Computer Distribution,Technology,SCSC
2023Q2,2023,Q2,2023-02-07,2022-12-31,25734000.0,1011241000.0,39432000.0,1.01,115334000.0,0.1140519421,2130529000.0,862386000.0,1719062000.0,836736000.0,1268143000.0,761936000.0,896645000.0,738886140.0,1055237140.0,34.103926918970224,2.0544855247055223,0.1796718092079479,0.44388011864756616,0.022517008123751445,34.103926918970224,0.02984046587027155,0.7306726487553412,7.178112030776405,0.8567928282694756,0.0,1.1758297284811323,0.0,0.4746431520059103,1.0110799583142114,0.012078690315879296,-25.13987751352455,0.11405194211864432,0.07446808510638304,2.2572306785960143,-0.01183193944441913,0.010534266892105112,0.016292902145658015,0.07037684052907411,0.13024535656959413,1.262957082361914,0.021443212268642587,-0.07076193002215074,Electronics & Computer Distribution,Technology,SCSC
2023Q1,2023,Q1,2022-11-08,2022-09-30,24042000.0,943813000.0,34888000.0,0.94,113485000.0,0.1202409799,2000312000.0,827004000.0,1587700000.0,794055000.0,1173308000.0,675798000.0,870911000.0,665558410.0,951521410.0,32.81631681282489,1.999483662970449,0.16319204204144153,0.3947199771706062,0.02252569236922078,32.81631681282489,0.02907120159031879,0.7051803800117185,6.920788723899841,0.8047825766259897,0.0,1.228663002849964,0.0,0.4718328940685253,0.9891229196969983,0.012019125016497427,-13.253647370412411,0.12024097993988216,0.205128205128205,4.8510451590146015,0.030263270038348673,-0.021484541396958247,0.024306809155895732,0.2052940291773199,0.27217036172695447,1.113135758837197,-0.05010832284514386,-0.07469501542616595,Electronics & Computer Distribution,Technology,SCSC
2022Q4,2022,Q4,2022-08-23,2022-06-30,19947000.0,962283000.0,27424000.0,0.78,110792000.0,0.115134529,1937428000.0,806528000.0,1523805000.0,814264000.0,1130900000.0,614814000.0,846869000.0,787406040.0,1020589040.0,31.896227161275014,1.8713893774009411,0.13996391091694763,0.3362189533407396,0.019052375937945246,31.896227161275014,0.024731937390890336,0.8182686797958605,9.868727628214769,0.9762910153150294,0.0,1.3849570764491375,0.0,0.49668065084225066,0.9424817995146537,0.010295608404544581,-9.578333231963216,0.11513452903148035,-0.14285714285714285,0.05378951249993178,0.051330578616907166,-0.03447754869960385,0.04022233071694145,-0.15212955878602397,-0.1668742595011696,0.7460701091006193,0.015015181929122998,-0.1058104343457052,Electronics & Computer Distribution,Technology,SCSC
2022Q3,2022,Q3,2022-05-10,2022-03-31,23526000.0,845990000.0,32917000.0,0.91,106508000.0,0.1258974692,1840800000.0,806654000.0,1407828000.0,800973000.0,1034146000.0,591396000.0,826922000.0,891841650.0,1029802650.0,31.466900721669592,1.7576472615181784,0.09859843546284225,0.22500353311332988,0.024061680103090715,31.466900721669592,0.02916492077148319,1.0541988084965543,9.477191724049987,1.105606183072296,0.0,1.2504007467077898,0.0,0.459577357670578,0.8563621994748887,0.012780312907431552,30.72561324329911,0.12589746923722503,0.02247191011235957,0.8660404728272765,0.024759127090956613,-0.017066686907544926,-0.013129488070419273,0.01615411195577056,0.028591963002312357,1.0135999442583477,-0.05047243799831579,-0.11221812745134503,Electronics & Computer Distribution,Technology,SCSC
2022Q2,2022,Q2,2022-02-08,2021-12-31,23152000.0,864351000.0,32002000.0,0.89,107925000.0,0.1248624691,1770870000.0,768525000.0,1334339000.0,746766000.0,1002345000.0,562397000.0,803396000.0,897521800.0,1060264800.0,30.03810826656244,1.786823449380395,0.11116908638127022,0.25616082755928565,0.025238308830110565,30.03810826656244,0.030125239907615238,1.0383765391605957,9.69162275397374,1.1678498422302461,0.0,1.3450036184403544,0.0,0.4880939877009605,0.8668163788924509,0.013073799883672996,-48.728041696074705,0.12486246906638622,0.03488372093023259,-0.01220929808380757,-0.061088028095595256,-0.040884136762028546,0.06539980256663376,0.048883251030670954,0.05519651806911105,0.1611335095077851,-0.17190085779556152,-0.14377484460345227,Electronics & Computer Distribution,Technology,SCSC
2022Q1,2022,Q1,2021-11-09,2021-09-30,22073000.0,857311000.0,30328000.0,0.86,101300000.0,0.11816015424974134,1697351000.0,746094000.0,1256413000.0,692415000.0,951257000.0,493541000.0,780144000.0,887562480.0,1029427480.0,29.244825964252115,1.8145375244614863,0.11627294531302011,0.26451894801459336,0.02410911270388803,29.244825964252115,0.029584744013488918,1.0352864713038792,10.052580981289358,1.1896121400252515,0.0,1.5318099205537128,0.0,0.5050876336126117,0.931555497786732,0.01300438153334225,-15.5824800294949,0.11816015424974134,-0.06521739130434788,0.49045067545819304,-0.08030032568194868,-0.034592157279522986,0.05766520145755244,-0.06904259805989034,0.30263723047848123,0.546451086441755,-0.1158037130072567,-0.14723674889094068,Electronics & Computer Distribution,Technology,SCSC
2021Q4,2021,Q4,2021-10-26,2021-06-30,23710000.0,852695000.0,23282000.0,0.92,95777000.0,0.11232269451562399,1671684000.0,731191000.0,1219643000.0,732939000.0,940493000.0,470081000.0,758071000.0,716808660.0,818098660.0,28.694411741621536,1.664044347483215,0.09810945130778305,0.22430254201706532,0.02278142349804682,28.694411741621536,0.032426547919763786,0.8406389858038338,7.558083719949388,0.9803302557061014,0.0,1.6101863295900067,0.0,0.5100814508005101,0.9745531347083455,0.01418330258589542,8.384119257041265,0.11232269451562399,0.803921568627451,0.8473154714436422,-0.021410583343029914,-0.04928198505641053,0.08694221253801807,0.8102000305390136,0.19788022226795637,1.2909504975115582,-0.13883158576122442,-0.15288861981927712,Electronics & Computer Distribution,Technology,SCSC
2021Q3,2021,Q3,2021-05-10,2021-03-31,13098000.0,729873000.0,19436000.0,0.51,88116000.0,0.12072785265381786,1582622000.0,690575000.0,1117801000.0,622697000.0,892047000.0,459652000.0,734361000.0,762377250.0,911907250.0,27.1292476920055,1.7950961703685742,0.12564655363062058,0.2879498968251095,0.015933556313192876,27.1292476920055,0.018966803026463454,1.0445341175793597,14.551405748969309,1.1039745863953951,0.0,1.3961801536814809,0.0,0.461179612061503,0.8972662466657139,0.008276139217071416,-9.20267554289439,0.12072785265381786,1.9107142857142856,-0.052276137325879116,-0.07118249331104409,-0.07358354913379879,0.02409260486036052,1.922784275045794,0.1346176298890835,0.23562803515597314,-0.18133378901890107,-0.20966930587520946,Electronics & Computer Distribution,Technology,SCSC
2021Q2,2021,Q2,2021-02-02,2020-12-31,-14194000.0,810897000.0,17130000.0,-0.56,86043000.0,0.10610842067488226,1597119000.0,682139000.0,1119131000.0,689586000.0,914980000.0,421003000.0,721263000.0,669920100.0,754657100.0,26.86115377042725,1.6229027271435326,0.0951237822604327,0.22271707086092424,0.0144290526592964,26.86115377042725,-0.02080807577341275,0.8261469705770277,-11.799353600112724,0.9820873751537442,0.0,1.7217311990650899,0.0,0.5077248470527244,0.872654027198928,-0.008887252609229493,10.230443015744545,0.10610842067488226,-0.19148936170212785,-1.7210659343793318,-0.14354488411368893,-0.05166704335971754,0.06516545141682863,-0.20094762670276672,9.483476132190942,-2.788937270730934,-0.2109747014634184,-0.20407651594585255,Electronics & Computer Distribution,Technology,SCSC
2021Q1,2021,Q1,2020-11-09,2020-09-30,-11819000.0,757342000.0,1634000.0,-0.47,80779000.0,0.10666119137721135,1733344000.0,671227000.0,1251875000.0,838165000.0,1062117000.0,423088000.0,735457000.0,502908629.99999994,601818630.0,26.466897992981348,1.493590164227807,0.08584504864585449,0.22168208370640632,0.0014145140173664474,26.466897992981348,-0.01760805211947672,0.6640442891058465,-10.637715331246298,0.7492377839389655,0.0,1.5991070415610937,0.0,0.43692538815145754,0.667730100875126,-0.0068186118854653205,7.1394305873000095,0.10666119137721135,0.9451575262543757,-1.8070753591950686,-0.050043082068765954,-0.04120214491100436,1.3227707967909825,0.945600243024551,1.0150797825705768,-3.85821563248348,-0.17850352436421094,-0.21081122616171197,Electronics & Computer Distribution,Technology,SCSC
2020Q4,2020,Q4,2020-08-31,2020-06-30,-217262000.0,196922000.0,-108357000.0,-8.57,34777000.0,0.17660291892221286,1692094000.0,678246000.0,1203467000.0,719007000.0,1013848000.0,454885000.0,747276000.0,610753770.0,825232770.0,26.752100343154655,1.6737903803440022,0.1441787512986867,0.3596983985161726,-0.11126634776185551,26.752100343154655,-0.3203292020889176,3.101500949614568,-0.702784851929928,0.9004900434355676,0.0,0.3564527298108313,0.0,0.1163776953289829,0.7429607778505634,-0.12839830411312847,7.992276296160591,0.17660291892221286,-123.42857142857143,-15.829205362603858,-0.7419559354139675,-0.058831093448550156,-0.6331888322838549,-127.83129013426736,-18.229607250755286,-12.447504810359225,-0.7854238256828419,-0.19019408251153372,Electronics & Computer Distribution,Technology,SCSC
2020Q3,2020,Q3,2020-05-11,2020-03-31,1713000.0,872483000.0,6289000.0,0.07,94809000.0,0.10866572758437701,2073801000.0,897678000.0,1436033000.0,770196000.0,1176123000.0,666458000.0,964538000.0,542150940.0,828150940.0,35.41694942002683,1.8645033212325175,0.15459342530937153,0.3571391969057947,0.002421381461691621,35.41694942002683,0.0019082566354528016,0.6213885428140147,79.12302101576182,0.6039481194815958,0.0,1.1668762322606976,0.0,0.4207168383080151,0.8482957584822565,0.0008260194685989639,19.25525429748544,0.10866572758437701,-0.8444444444444444,-0.8504188152023282,0.2920266206932851,0.2696985963174923,-0.16749499490709846,-0.8492873482315678,-0.6599989187435801,-0.8625786468781402,0.06890086979922783,0.10632120210940728,Electronics & Computer Distribution,Technology,SCSC
2020Q2,2020,Q2,2020-02-04,2019-12-31,11366000.0,989503000.0,18497000.0,0.45,113884000.0,0.11509212200468316,2210130000.0,927580000.0,1539329000.0,832287000.0,1282550000.0,742979000.0,962825000.0,933874300.0000001,1249614300.0,36.70095750573712,1.8495170536125158,0.1618660440788551,0.3856756290562539,0.010405032756489891,36.70095750573712,0.012253390543133746,0.9437811709514777,20.540962079887386,1.0067857219862437,0.0,1.1785245612594704,0.0,0.44771257799314973,0.825766832835308,0.005142683914520866,13.485549458483757,0.11509212200468316,0.0,-0.23593749465609606,0.38645699402370226,0.281073864676874,0.015923424829837912,-0.01422376409366869,-0.005804891158290782,-0.5090971969612766,0.08808617762936376,0.1718604323348592,Electronics & Computer Distribution,Technology,SCSC
2020Q1,2020,Q1,2019-11-12,2019-09-30,11530000.0,1006927000.0,18605000.0,0.45,112099000.0,0.11132783210699485,2218525000.0,905751000.0,1549137000.0,805385000.0,1312774000.0,715224000.0,951460000.0,780216450.0,1124669450.0,35.46540584987666,1.9234738665358804,0.16692622350435538,0.4088651295996361,0.010789104802087158,35.46540584987666,0.012729767894266747,0.7748490704887246,16.917095620121422,0.8614028027570492,0.0,1.2511157343713297,0.0,0.4538722800058598,0.9092607883186302,0.005197146752910154,16.939132653061225,0.11132783210699485,0.0,-0.329099516547354,0.42146874483493535,0.24937464234402243,0.020343333576057672,-0.004145793746761098,-0.07077215063430227,-0.22227480171138747,0.0790616079391278,0.1707568714748959,Electronics & Computer Distribution,Technology,SCSC
2019Q4,2019,Q4,2019-08-22,2019-06-30,11578000.0,960833000.0,20022000.0,0.45,109864000.0,0.1143424507692804,2067261000.0,914129000.0,1477315000.0,700886000.0,1153132000.0,697343000.0,939930000.0,839284250.0,1175972250.0,35.670542786904434,2.1077821500215443,0.17438823641523735,0.3943710351602454,0.01120011870715083,35.670542786904434,0.01266560846445086,0.8734964869025106,18.12239268440145,0.9181245207186295,0.0,1.2203019174208387,0.0,0.46478553022574315,1.0738836272945957,0.005600647426715833,710.0543570219966,0.1143424507692804,0.0,-0.524542154774489,0.41072147651631796,0.2676896615262938,-0.0013725401081670682,-0.01169440887750747,0.06477345245692406,-0.10302817559967382,0.09645408839567929,0.1818547784039617,Electronics & Computer Distribution,Technology,SCSC
2019Q3,2019,Q3,2019-05-09,2019-03-31,11715000.0,893357000.0,18804000.0,0.45,110015000.0,0.12314785690379099,2062155000.0,911063000.0,1466194000.0,713475000.0,1151092000.0,760711000.0,928352000.0,933569280.0,1260841280.0,35.444405539993774,2.055004029573566,0.16859644401124066,0.38161137045407395,0.011079970318412088,35.444405539993774,0.012858605826380832,1.0450125537718964,19.922519846350834,1.0247033190898984,0.0,1.0297497998582905,0.0,0.4332152529756493,0.9151532989943586,0.005680950268044837,42.384876055570686,0.12314785690379099,-0.4230769230769231,-0.23356939880993013,0.45037476861626974,0.30726546120258713,-0.08684573117083617,-0.4137223501151036,-0.36699656635023226,-0.16055642097317496,0.125849988941056,0.2103645761286485,Electronics & Computer Distribution,Technology,SCSC
2019Q2,2019,Q2,2019-02-05,2018-12-31,19982000.0,1046021000.0,29706000.0,0.78,120478000.0,0.1151774199561959,2095733000.0,899503000.0,1495509000.0,736559000.0,1196230000.0,704444000.0,916636000.0,881503200.0000001,1231164200.0,35.082020280811236,2.0303994656232565,0.17769916301360908,0.4140175185630287,0.017511708195305915,35.082020280811236,0.022214489557010927,0.8427203660347165,11.028715844259835,0.9799891717982041,0.0,1.3138631317748466,0.0,0.4991194011832614,0.9928328891507673,0.009534611517783993,-14.155236535311689,0.1151774199561959,0.3928571428571428,0.20502570206644744,0.5585011222065424,0.3208874620464975,0.07363543198324644,0.39519620164781455,0.3860582306830907,0.005401036335798877,0.09423225903895291,0.23857062515475452,Electronics & Computer Distribution,Technology,SCSC
2019Q1,2019,Q1,2018-11-06,2018-09-30,14322000.0,972900000.0,21432000.0,0.56,112215000.0,0.11534073388837496,2021399000.0,877897000.0,1433696000.0,776159000.0,1143502000.0,672696000.0,896655000.0,988377390.0,1251378390.0,34.294191179342945,1.8471679127601432,0.13943758753219923,0.3210615823952013,0.013767528499763343,34.294191179342945,0.01631398672053783,1.015908510638298,17.252782258064517,1.1258466426015807,0.0,1.2794560990402797,0.0,0.4813003271496622,0.8971834379295994,0.00708519198832096,209.22468035563082,0.11534073388837496,0.4000000000000001,-0.1930688081976887,0.45571431046235034,0.328367547159647,-0.010004499378027155,0.37870619946091644,0.08467027683587226,-0.031096781578495637,0.20899204887207895,0.242351746452705,Electronics & Computer Distribution,Technology,SCSC
2018Q4,2018,Q4,2018-08-28,2018-06-30,10388000.0,993852000.0,19759000.0,0.4,113349000.0,0.11405018050977409,1945295000.0,866376000.0,1362162000.0,710311000.0,1078919000.0,595948000.0,882333000.0,1030753099.9999999,1254652100.0,33.87324549399852,1.9176980224155336,0.1282216836006878,0.28789924928668387,0.010195861338348811,33.87324549399852,0.011990175166440437,1.0371293713752148,24.80634145167501,1.1897295169764628,0.0,1.4774829347526965,0.0,0.5109004032807364,0.9917768414117196,0.005340064103387918,36.57357626938225,0.11405018050977409,-0.04761904761904753,1.8517020439014813,0.5223877570994184,0.3590065473728607,0.09106922839981518,-0.02450934360033806,0.10133214425059918,-0.29717726711601555,0.2909252784447545,0.19169878304874852,Electronics & Computer Distribution,Technology,SCSC
2018Q3,2018,Q3,2018-05-08,2018-03-31,10649000.0,895637000.0,17941000.0,0.42,103888000.0,0.11599342144194578,1927975000.0,877796000.0,1340913000.0,641467000.0,1050179000.0,569538000.0,871945000.0,909084599.9999999,1155881600.0,34.32645080556859,2.0903850081142132,0.1463494080576771,0.3214391498708128,0.010429838196567271,34.32645080556859,0.012131520307679689,1.0150145650525826,21.342018029861958,1.0356445005445456,0.0,1.3901600946732264,0.0,0.4645480361519211,1.0903943616741,0.0055234118699671935,11.50623481166464,0.11599342144194578,0.3548387096774193,-0.17038325370495172,0.4280627720187991,0.34648896705883064,-0.08040116490072674,0.33630317480235916,-0.19694731659281142,-0.07833484696686976,0.31459280076968404,0.23060419144249591,Electronics & Computer Distribution,Technology,SCSC
2018Q2,2018,Q2,2018-02-06,2017-12-31,7969000.0,1032212000.0,22341000.0,0.31,112971000.0,0.10944554025723398,2005282000.0,860787000.0,1411240000.0,656718000.0,1144495000.0,581802000.0,861296000.0,913114799.9999999,1238611800.0,33.7484121383204,2.1489284593996207,0.17999064470732795,0.41930465957315805,0.0071750541654832245,33.7484121383204,0.009257807099781943,0.8846194386424493,28.645840130505707,1.060790648557657,0.0,1.579989412205527,0.0,0.5147465543499617,1.1462621703684077,0.003974004653709553,-18.71788942869442,0.10944554025723398,0.9375,-0.47065189882450176,0.4999383738165292,0.341927435705454,0.06659931833416732,0.9216300940438872,1.9403790471176625,-0.46916849666279853,0.43314395817617224,0.178013101101998,Electronics & Computer Distribution,Technology,SCSC
2018Q1,2018,Q1,2017-11-07,2017-09-30,4147000.0,924559000.0,7598000.0,0.16,105917000.0,0.11455948187189785,1950133000.0,852976000.0,1354506000.0,697965000.0,1097157000.0,597344000.0,853327000.0,1110194100.0,1372341100.0,33.53684044979162,1.9406503191420774,0.1465351337575437,0.33501880474948886,0.00408112066806931,33.53684044979162,0.0048618015043799595,1.200782318921778,66.92754400771642,1.3015537365646863,0.0,1.3704699469652328,0.0,0.47410048442849795,0.9814374646293152,0.0021265216269864672,-28.690151436841017,0.11455948187189785,-0.7837837837837838,-0.7447511606625966,0.36851608464244556,0.36987301303634906,0.05018045530260966,-0.7813916710595677,-0.6563701325132287,-0.7577007588087543,0.3105789261071163,0.18143517713199006,Electronics & Computer Distribution,Technology,SCSC
2017Q4,2017,Q4,2017-08-29,2017-06-30,18970000.0,917291000.0,22111000.0,0.74,100856000.0,0.10994984143526973,1718303000.0,837145000.0,1281023000.0,656275000.0,881158000.0,531314000.0,849180000.0,1021242299.9999999,1062448299.9999999,33.035199873722426,1.9519606872119157,0.056625635874464515,0.11622837142908338,0.01916615871290438,33.035199873722426,0.02266035155200115,1.113324234076209,13.4586491829204,1.219910887600117,0.0,1.536633704363145,0.0,0.5338354178512171,1.056549464782294,0.0110399621021438,122.3337685673215,0.10994984143526973,0.5102040816326531,0.04496020751550814,0.32505592641534065,0.3986674302786032,0.08832320790754389,0.5268834513844173,0.10676744418860747,-0.2121930216251729,0.36199188462804227,0.17403263517894288,Electronics & Computer Distribution,Technology,SCSC
2017Q3,2017,Q3,2017-05-09,2017-03-31,12424000.0,813538000.0,19978000.0,0.49,92671000.0,0.11391108958647292,1631816000.0,808719000.0,1201406000.0,585274000.0,823097000.0,514238000.0,830210000.0,991533500.0,1043280500.0,32.013261024463624,2.052724023277986,0.06982037190467552,0.1408820616308013,0.013745547292501254,32.013261024463624,0.015362567220505515,1.2187918695869153,19.951978026400514,1.2260544144505074,0.0,1.4018158906965257,0.0,0.49854763037009076,1.0720260937612127,0.0076136034945116365,23.82005237111421,0.11391108958647292,-0.46153846153846156,-0.0838132500427775,0.2505687474655846,0.3697759083220182,-0.05950230377331683,-0.46067025525264804,-0.14165413533834587,-0.17296294570934248,0.34389709896258097,0.1807175152231823,Electronics & Computer Distribution,Technology,SCSC
2017Q2,2017,Q2,2017-02-07,2016-12-31,23036000.0,904792000.0,23275000.0,0.91,98534000.0,0.10890237756302001,1680657000.0,787536000.0,1250664000.0,629296000.0,893121000.0,512875000.0,817786000.0,1014641100.0,1111236100.0,31.318539727988547,1.9874017950217386,0.08429203579314518,0.1798851100140184,0.01612627827232041,31.318539727988547,0.029250726316003332,1.1214081247402718,11.011472260809168,1.288374245748766,0.0,1.5720360711674384,0.0,0.5383561309654499,1.0577836185197427,0.013706544523957,36.00571682044003,0.10890237756302001,0.5689655172413794,0.168060883219552,0.2524611301658601,0.38490203155855435,0.07647431555487579,0.5548056155507559,0.017486338797814208,0.41649007200941374,0.3745627716368006,0.17918711993141226,Electronics & Computer Distribution,Technology,SCSC
2017Q1,2017,Q1,2016-11-07,2016-09-30,14816000.0,932566000.0,22875000.0,0.58,91534000.0,0.09815283851223398,1744121000.0,773161000.0,1306470000.0,682506000.0,970960000.0,567287000.0,794750000.0,931589500.0,1052605500.0,30.29271637346707,1.9142249298907263,0.0952577258114546,0.21488538609681554,0.015878228387719892,30.29271637346707,0.019162891040805215,0.9989528891252737,15.719315267278619,1.2049101028117042,0.0,1.4825511601711303,0.0,0.5346911137472686,1.000619774771211,0.008494823466949828,217.1537296037296,0.09815283851223398,0.15999999999999992,-0.14289983256476904,0.2873271059065884,0.3755086302586921,0.10576353906183936,0.1463056092843327,0.20788890062308585,-0.1627501407500101,0.39951902145383694,0.17337251476173454,Electronics & Computer Distribution,Technology,SCSC
2016Q4,2016,Q4,2016-08-29,2016-06-30,12925000.0,877472000.0,18938000.0,0.5,82779000.0,0.09433805295211699,1491185000.0,774496000.0,1228905000.0,585112000.0,716689000.0,558581000.0,779934000.0,952279710.0,967735710.0,30.181832352597326,2.1002902008504356,0.05154021801453207,0.09923356608684873,0.01545512483431074,30.181832352597326,0.01668827211502706,1.0852536719120383,18.41933675048356,1.229547615481552,0.0,1.4226996621797017,0.0,0.5884393955143057,1.0612617755233187,0.008667603281953614,38.1858894057262,0.09433805295211699,-0.07407407407407414,-0.30686957578117957,0.258928145072282,0.39020769046308473,-0.02008854585917894,-0.07954707306651475,-0.125144361805331,2.0562393112438335,0.33971635940693523,0.21090575115269147,Electronics & Computer Distribution,Technology,SCSC
2016Q3,2016,Q3,2016-05-10,2016-03-31,14042000.0,798404000.0,21647000.0,0.54,84476000.0,0.10580608313585603,1439461000.0,757374000.0,1203849000.0,547249000.0,682087000.0,568247000.0,767009000.0,1044347940.0000001,1083342940.0,29.284073773344158,2.199819460611166,0.05546798419686257,0.10542215602859353,0.017003143839428272,29.284073773344158,0.018540377673381975,1.3080444737250816,18.5932904856858,1.3789065111820582,0.0,1.2563691493311888,0.0,0.5546548326074829,1.0297725532618607,0.009755040254650873,17.665481579214454,0.10580608313585603,-0.2987012987012987,-0.11541924993099335,0.35555971845969697,0.4034756744800399,-0.160553695109954,-0.3201975213013168,-0.3203880447067688,0.08164176352445228,0.25870446044823286,0.1486967432108695,Electronics & Computer Distribution,Technology,SCSC
2016Q2,2016,Q2,2016-02-09,2015-12-31,20656000.0,993522000.0,31852000.0,0.77,100633000.0,0.1012891511209616,1549130000.0,754794000.0,1313689000.0,626314000.0,794336000.0,604093000.0,752967000.0,858598560.0,934283560.0,28.32460222155509,2.0974926314915523,0.07431461530020075,0.1525224100880505,0.02390993866577457,28.32460222155509,0.027366407258139307,0.8641968270456014,10.391636328427575,1.137527007368898,0.0,1.4780654634302997,0.0,0.6413419144939417,1.002501939921509,0.013333935822042049,60.32873524451939,0.1012891511209616,0.3508771929824563,-0.0396850433016446,0.4607998869360853,0.4164178316520234,0.14940835160818713,0.2913228307076769,0.3032199991817029,0.3132925884213588,0.38184628853821023,0.1262621977817324,Electronics & Computer Distribution,Technology,SCSC
2016Q1,2016,Q1,2015-11-04,2015-09-30,15996000.0,870829000.0,24441000.0,0.57,87552000.0,0.10053868210636072,1543267000.0,764693000.0,1306831000.0,632239000.0,778574000.0,588195000.0,732311000.0,982312920.0,1035542920.0,27.604252400548695,2.0669889076757366,0.06121364611567538,0.12353846576338479,0.018632626537283193,27.604252400548695,0.02091819854503703,1.1280204494797486,15.352477494373593,1.2845846895420778,0.0,1.3316621188551416,0.0,0.5642763047483035,0.995267612406068,0.010365024328259465,-16.89041782729805,0.10053868210636072,0.0,-0.01802135783330586,0.3234034502479438,0.4356042768285109,-0.04123000098557771,-0.02742141423967897,-0.021459742963526443,-0.09604944017241612,0.18345486954603094,0.1275457050036588,Electronics & Computer Distribution,Technology,SCSC
2015Q4,2015,Q4,2015-08-27,2015-06-30,16447000.0,856685000.0,24977000.0,0.57,91317000.0,0.10659343866181852,1476941000.0,808985000.0,1264714000.0,598760000.0,667956000.0,553063000.0,716315000.0,1083225660.0,970405660.0,28.424335054987527,2.112221925312312,0.0059758649803885195,0.010909967428320674,0.02016428637880825,28.424335054987527,0.020330414037343092,1.2644386910007763,16.465398856934396,1.3389935042058878,0.0,1.3838712768708086,0.0,0.5800400963884136,1.075853430422874,0.011135854445099702,22.81579838658719,0.10659343866181852,0.26666666666666655,0.09886591552489338,0.3807516088232247,0.5596132334613297,0.14123425314937013,0.2707254886811404,0.16193710457759583,-0.1933359401486289,0.10184836803981921,0.20344940610942552,Electronics & Computer Distribution,Technology,SCSC
2015Q3,2015,Q3,2015-05-05,2015-03-31,12943000.0,763203000.0,21496000.0,0.45,80016000.0,0.10484235517942146,1346919000.0,799051000.0,1134353000.0,480982000.0,547868000.0,485603000.0,699868000.0,1164459900.0,1082748900.0,27.893981707742793,2.358410501848302,0.008810477838682208,0.014851367434619317,0.01730972237733596,27.893981707742793,0.016197964835786453,1.5257538295840032,22.492078729815344,1.4573036013971572,0.0,1.4068838124970398,0.0,0.5666287282308736,1.207375743790828,0.009609338052251101,37.89449380064434,0.10484235517942146,-0.22413793103448268,0.0006808017656237702,0.4289509952072568,0.5521318517798002,0.024388370395974957,-0.2305451518934665,-0.17291265871489034,-0.1582923810789324,0.0346025387560666,0.19352115053956204,Electronics & Computer Distribution,Technology,SCSC
2015Q2,2015,Q2,2015-02-03,2014-12-31,16821000.0,807019000.0,25990000.0,0.58,78111000.0,0.0967895427493033,1350492000.0,818748000.0,1188763000.0,495608000.0,531744000.0,518419000.0,686925000.0,1147732640.0,1031648640.0,28.6485881241471,2.398595260770609,0.004020016408834706,0.006630855892167065,0.020450367354329944,28.6485881241471,0.020544783010156973,1.4221878790957834,17.058032221627727,1.40181428229443,0.0,1.4060209984587757,0.0,0.5975740693021506,1.2353029006795693,0.012455460676553435,-68.2159072808321,0.0967895427493033,-0.13432835820895533,0.3238669175436178,0.36911741306315177,0.6206505057755874,0.006001674286818211,-0.12427113702623907,-0.10308175449494426,-0.2495321290052361,-0.0170732668768043,0.26683709518418774,Electronics & Computer Distribution,Technology,SCSC
2015Q1,2015,Q1,2014-11-04,2014-09-30,19208000.0,791720000.0,28977000.0,0.67,77645000.0,0.09807128782903046,1360991000.0,810265000.0,1197754000.0,514430000.0,550726000.0,495090000.0,670104000.0,987336960.0000001,852902960.0000001,28.386526065022423,2.3283128899947516,0.003989005070569901,0.006700277069847519,0.023339435450873657,28.386526065022423,0.023705824637618556,1.2470784620825546,12.850595585172846,1.2185358617242508,0.0,1.4423135187541658,0.0,0.5817231708365448,1.2438329801916685,0.01411324542190213,-149.12202990484823,0.09807128782903046,-0.2872340425531914,0.634899431208876,0.5087010487233973,0.6445720746183773,0.04935602016406957,-0.2913484596937834,-0.2834392541853162,-0.006427310588131939,-0.02276763953435103,0.28895379021543854,Electronics & Computer Distribution,Technology,SCSC
2014Q4,2014,Q4,2014-08-28,2014-06-30,27105000.0,758114000.0,40439000.0,0.94,73993000.0,0.0976014161458567,1335124000.0,802643000.0,1215681000.0,499831000.0,532481000.0,504758000.0,650896000.0,1086232000.0,896810000.0,28.138229623137597,2.432184078218438,0.004066288973908041,0.006763903752976105,0.03318176607134044,28.138229623137597,0.03376968340843937,1.4328082583885802,10.018741929533295,1.3533189724447856,0.0,1.355344541344565,0.0,0.5678229138267307,1.3189578077390158,0.02030148510550331,102.38778395701763,0.0976014161458567,0.5932203389830508,1.0189116275079442,0.6002227507369565,0.6782019512980172,0.008752436912925522,0.599209392884536,0.5756477693356712,0.3076205754140929,-0.021524138790605756,0.2960771487002094,Electronics & Computer Distribution,Technology,SCSC
2014Q3,2014,Q3,2014-05-07,2014-03-31,16949000.0,682998000.0,25665000.0,0.59,73351000.0,0.10739562926977825,1252374000.0,772786000.0,1141145000.0,446655000.0,479588000.0,479871000.0,623791000.0,1162026540.0,983893540.0,27.11339555118939,2.5548689704581835,0.004334967030615455,0.007025230788342439,0.021515260265991255,27.11339555118939,0.021932333142681157,1.7013615559635606,17.14004572541153,1.503684771722055,0.0,1.2704393472412379,0.0,0.5453626472603232,1.3510449899810817,0.013533497182151657,46.55928119240324,0.10739562926977825,-0.07812500000000007,0.7051130362285826,0.6267642748004789,0.678940144402825,-0.050546235891063475,-0.0737239042518308,-0.06540184261316048,-0.031150857464247665,0.052250030171733505,0.2994432196550262,Electronics & Computer Distribution,Technology,SCSC
2014Q2,2014,Q2,2014-02-06,2013-12-31,18298000.0,740618000.0,27461000.0,0.64,77256000.0,0.10431288464498567,1238302000.0,751446000.0,1120236000.0,451067000.0,486856000.0,467202000.0,606842000.0,1200471990.0,1048770990.0,26.559431661541723,2.483524620510922,0.004384229372156388,0.0072247373730115,0.02387318913887611,26.559431661541723,0.024350385789531116,1.6209057705861862,16.401683107443436,1.597549245055533,0.0,1.4198612163475328,0.0,0.5980915802445607,1.3201763817792036,0.014776686139568538,-26.941178886420253,0.10431288464498567,-0.07246376811594193,0.2629093981104645,0.44909568763265845,0.6807543557381913,0.009895554190250852,-0.05859957812419612,-0.02693030013110804,-0.1987709050374639,0.025635681303078618,0.3281476050287719,Electronics & Computer Distribution,Technology,SCSC
2014Q1,2014,Q1,2013-11-01,2013-09-30,19437000.0,731904000.0,28221000.0,0.69,76499000.0,0.10452053821266177,1251857000.0,723748000.0,1128679000.0,491253000.0,528109000.0,433109000.0,588544000.0,969696060.0000001,781356060.0000001,25.81679389312977,2.297551363554014,0.004336757313335309,0.00750122970978849,0.026451746419089137,25.81679389312977,0.026856032762784837,1.3248951501836308,12.472295878993673,1.3398255470136016,0.0,1.5132564781613866,0.0,0.584654637071167,1.2967350835516527,0.015526533781414331,21.3185608758739,0.10452053821266177,2.4375,0.47056538804649994,0.27505042749972863,0.6735405300636416,0.011209369340788622,2.459782200525723,2.3839250686543743,0.17908723380912628,0.09910594221710166,0.3426445747989385,Electronics & Computer Distribution,Technology,SCSC
2013Q4,2013,Q4,2013-08-26,2013-06-30,-13315000.0,712678000.0,-20392000.0,-0.48,75651000.0,0.10615032314734003,1164183000.0,695956000.0,1042060000.0,427682000.0,468227000.0,402307000.0,569107000.0,911374080.0,768639080.0,24.925005372108014,2.43652994514616,0.004663356190564542,0.0078007805091126455,-0.01968368479070389,24.925005372108014,-0.019131956617947112,1.278802039630801,-17.1117927149831,1.3095283035134406,0.0,1.5834350384159361,0.0,0.6121700797898613,1.3636112812790813,-0.011437205319095022,17.17305596382137,0.10615032314734003,-1.96,-1.8690153935668892,0.21457643545849062,0.6604367917116376,0.09906729428172943,-1.9525683216483045,-1.980620341428228,-1.9067818392033844,0.17082336400237005,0.3676087108892072,Electronics & Computer Distribution,Technology,SCSC
2013Q3,2013,Q3,2013-05-02,2013-03-31,13978000.0,682965000.0,20795000.0,0.5,68832000.0,0.10078408117546288,1158439000.0,709912000.0,988990000.0,401050000.0,448527000.0,407093000.0,582421000.0,776652830.0,688176830.0,25.493302689697273,2.466001745418277,0.004686478960048824,0.007647426723312185,0.01918513623855025,25.493302689697273,0.01968976436516075,1.1371780837963879,13.890628666475891,1.0940128213074298,0.0,1.5085815771826094,0.0,0.5895562908362029,1.3094851016082782,0.01206623741086065,9.165667433764089,0.10078408117546288,-0.1525423728813559,0.18516136786041046,0.24139448219619739,0.7515525178028567,-0.07422899490255679,-0.14544231827352205,-0.14861821903787104,0.11170926625512113,0.31541044816719477,0.41854854306293826,Electronics & Computer Distribution,Technology,SCSC
2013Q2,2013,Q2,2013-02-01,2012-12-31,16357000.0,747716000.0,24425000.0,0.59,74351000.0,0.09943748696028974,1203523000.0,696960000.0,1028272000.0,430571000.0,506563000.0,474713000.0,568443000.0,880442010.0,876768010.0,25.14920795294627,2.388158979587571,0.02308306530078777,0.03986025022956841,0.022251498427612364,25.14920795294627,0.023469065656565657,1.1775085861476817,13.456654796111756,1.2632604597107437,0.0,1.4184675793584756,0.0,0.6212727135252089,1.1513571513176688,0.013590932620315523,-64.80986455649614,0.09943748696028974,-0.06349206349206354,-0.010593808450627323,0.2628184624844931,0.8085926893544534,0.004200432198811453,-0.07283754676340551,-0.06828151821476254,0.32757681476045974,0.308148643182359,0.4226905846869273,Electronics & Computer Distribution,Technology,SCSC
2013Q1,2013,Q1,2012-11-02,2012-09-30,17642000.0,733605000.0,26215000.0,0.63,74040000.0,0.10092624777639193,1208090000.0,676136000.0,1032331000.0,466195000.0,531954000.0,471014000.0,552086000.0,886261620.0000001,874990620.0000001,24.481714823665726,2.214375958558114,0.02273009461215638,0.040613131086053696,0.02399134528334204,24.481714823665726,0.02609238378077783,1.2080910299139185,12.558973188980843,1.3107741933575494,0.0,1.4003086957075586,0.0,0.6072436656209388,1.0884908675554221,0.014603216647766308,2255.1186259541987,0.10092624777639193,-0.120579226686884,0.1250746564427885,0.24088594731688454,0.8529398176711631,0.0028851233288634238,-0.10831437958049027,-0.07419833309789518,0.5519557018720652,0.4448290542154608,0.41834701595915835,Electronics & Computer Distribution,Technology,SCSC
2012Q4,2012,Q4,2012-08-24,2012-06-30,19785000.0,754469000.0,28316000.0,0.7163806213339127,73827000.0,0.0978529270254974,1201806000.0,652311000.0,1031930000.0,498401000.0,549495000.0,475479000.0,534445000.0,846215520.0,826739520.0,23.619052791657616,2.0704813995156512,0.008068689954951132,0.01486560858240931,0.029557534393817857,23.619052791657616,0.030330624502729525,1.1216040950655362,10.692639878695982,1.2972577804145569,0.0,1.431486984703846,0.0,0.6277793587317754,1.0031701381016491,0.016462723600980524,26.209171493170626,0.0978529270254974,0.3516615496866276,0.6393790278176578,0.3477551976578404,0.881267766329835,0.06581682739504534,0.3408105177554893,0.31794275075634165,0.5220796518696463,0.6448289892163638,0.4086721522159092,Electronics & Computer Distribution,Technology,SCSC
2012Q3,2012,Q3,2012-05-09,2012-03-31,14756000.0,707883000.0,21485000.0,0.53,69268000.0,0.09785232870403725,1207541000.0,642450000.0,1033672000.0,465886000.0,565091000.0,501980000.0,514659000.0,1025889480.0,1058253480.0,23.371166648477573,2.2187230352489666,0.055202266424080014,0.10375749085531948,0.01994853224961283,23.371166648477573,0.022968324383220485,1.449235933056734,17.38088709677419,1.596839411627364,0.0,1.2721921192079366,0.0,0.5862186045856828,1.0292238873887603,0.0122198749359235,23.799227021760313,0.09785232870403725,-0.3116883116883117,0.37357231191011353,0.3469571819082388,0.9296510417000956,-0.13240396297548818,-0.3094023494173258,-0.3304141864306417,0.5391967443110579,0.7481676189581048,0.44721046958414346,Electronics & Computer Distribution,Technology,SCSC
2012Q2,2012,Q2,2012-02-07,2011-12-31,21367000.0,782684000.0,32087000.0,0.77,79839000.0,0.1020066846901176,1270954000.0,616103000.0,1107704000.0,507944000.0,654851000.0,516659000.0,499903000.0,980784000.0,1039268000.0,22.614263691087945,2.180760083788764,0.07952844870860787,0.16405860708355582,0.02842917733702999,22.614263691087945,0.03468088939674048,1.2531034236039065,11.475452801048345,1.5919156374826937,0.0,1.3603653473567672,0.0,0.615824018807919,1.0516513631423936,0.01681178075681732,127.73951549882781,0.1020066846901176,0.14925373134328354,1.2971786198498783,0.5614978702516092,0.9379848360596396,0.009470223795675812,0.16251360174102286,0.014544534732981314,0.5315114562693654,0.5903671074371019,0.431093205794967,Electronics & Computer Distribution,Technology,SCSC
2012Q1,2012,Q1,2011-11-04,2011-09-30,18380000.0,770259000.0,31627000.0,0.67,79090000.0,0.10267974798087397,1216637000.0,597658000.0,1054972000.0,491737000.0,618979000.0,481253000.0,478536000.0,802199280.0,890239280.0,22.02291989092785,2.14539886158658,0.10298223710112384,0.20963828811795374,0.02783613572991915,22.02291989092785,0.03075337400319246,1.0414669351477879,10.911306855277475,1.342238002335784,0.0,1.4361863718252146,0.0,0.6331050263965341,1.0491929629049674,0.01510721768284213,-22.34351669776899,0.10267974798087397,-0.05633802816901398,0.3984201716799853,0.47163068234465766,0.9608394788203793,0.06346645152615302,-0.06515436651238493,0.08152378346954826,0.4365073196102019,0.3861724175706134,0.4276075170441865,Electronics & Computer Distribution,Technology,SCSC
2011Q4,2011,Q4,2011-08-29,2011-06-30,19661000.0,734890000.0,29243000.0,0.71,74370000.0,0.10119881887085141,1182188000.0,587394000.0,1009514000.0,477347000.0,594794000.0,467350000.0,460157000.0,1014058879.9999999,1069211879.9999999,21.71030455351863,2.114843080610122,0.07097009951039936,0.14283428158952935,0.028744668979729243,21.71030455351863,0.033471571040902696,1.379878458000517,12.894294288184732,1.7263691491571242,0.0,1.4133304803680324,0.0,0.6216354759141524,1.0282855029988667,0.016631026537234347,134.08156551632948,0.10119881887085141,0.18333333333333332,0.5472275978509197,0.5154621436329077,1.0341304481966191,0.12974524905436813,0.18912543849038346,0.1476844583987441,0.32426479734440794,0.29251850211075836,0.44628207303283907,Electronics & Computer Distribution,Technology,SCSC
2011Q3,2011,Q3,2011-05-06,2011-03-31,16534000.0,613466000.0,25480000.0,0.6,65829000.0,0.10730668040282591,965455000.0,562072000.0,857001000.0,349824000.0,403383000.0,401237000.0,440496000.0,1023374620.0,1026736620.0,20.865394609844827,2.4498061882546653,0.035778985038142634,0.06145653937573834,0.02817298129700816,20.865394609844827,0.029416160207233238,1.6681847404746146,15.473790673763157,1.8207180218904342,0.0,1.3648716344704004,0.0,0.6354164616683325,1.1857819932308817,0.01712560398982863,37.83550059154096,0.10730668040282591,-0.25000000000000006,0.661320704349922,0.43481087437932503,1.0496199930806316,-0.06792116217823464,-0.23528051431478655,-0.24026477428588466,0.4491837312688335,0.15269637378401876,0.4335857110657422,Electronics & Computer Distribution,Technology,SCSC
2011Q2,2011,Q2,2011-02-04,2010-12-31,21621000.0,683644000.0,33538000.0,0.8,70626000.0,0.10330815453657166,953479000.0,535649000.0,851950000.0,356640000.0,417830000.0,389442000.0,423962000.0,854473400.0,886619400.0,19.99734936160681,2.3888234634365184,0.04738751456508219,0.08435187968240396,0.03711352762635086,19.99734936160681,0.04036411904064042,1.249880639631153,9.880132741316313,1.5952114164312825,0.0,1.5740931897432737,0.0,0.7169995353856771,1.2024057873485867,0.022675905814391297,-48.26170008472183,0.10330815453657166,0.37931034482758635,1.2166345146012134,0.5872013157992744,1.0477071640694167,0.11255336242340228,0.3764323911382735,0.3497263361236317,0.3530767267932313,0.19456540289154342,0.43809936000914856,Electronics & Computer Distribution,Technology,SCSC
2011Q1,2011,Q1,2010-11-03,2010-09-30,15708000.0,634530000.0,24848000.0,0.58,63481000.0,0.10004412714922856,903905000.0,513646000.0,805444000.0,343003000.0,390259000.0,345267000.0,402341000.0,741018620.0,757072620.0,19.22831580129525,2.348212697848124,0.03366393592246973,0.059241189457330534,0.029390269799217873,19.22831580129525,0.030581373163618523,1.1678228294958473,11.793650050929463,1.44266405267441,0.0,1.6539344912777647,0.0,0.7019874876231462,1.2475109547146819,0.017377932415464016,-35.14101674017167,0.10004412714922856,0.10290005694760818,0.5958788211439341,0.5413228467985158,1.0613885975395432,0.11719052479673366,0.11816628701594534,0.1841967306867464,0.03567615614866308,0.10966350936161787,0.45532746507340993,Electronics & Computer Distribution,Technology,SCSC
2010Q4,2010,Q4,2010-08-26,2010-06-30,14048000.0,582342000.0,20983000.0,0.5258862726013551,56822000.0,0.09757496453973782,859750000.0,486851000.0,767792000.0,330839000.0,372899000.0,346610000.0,386634000.0,665955090.0,661779090.0,18.225246134840713,2.320742113233325,0.03539284675777842,0.06250166888842788,0.02714191667893767,18.225246134840713,0.028854824165915238,1.143580730910702,11.85142173263098,1.3678827608446937,0.0,1.5161709125530134,0.0,0.6773387612678105,1.1859363617953143,0.016339633614422797,139.9947635064116,0.09757496453973782,0.16863616133634468,0.4181127376556875,0.44869757572041985,1.04388044840421,0.044694894375907776,0.16930248043948726,0.10570690836275491,0.2034481400607495,0.07551702678957395,0.45164873415302487,Electronics & Computer Distribution,Technology,SCSC
2010Q3,2010,Q3,2010-05-06,2010-03-31,12014000.0,496102000.0,18977000.0,0.45,54391000.0,0.10963672793094968,786797000.0,478183000.0,695642000.0,265229000.0,308614000.0,312532000.0,372586000.0,765778240.0,766530240.0,17.971399579073964,2.622797657873008,0.03867452468679977,0.06363463360261658,0.0236948171435859,17.971399579073964,0.02512427250655084,1.543590310057206,15.935122357249876,1.6014334261151064,0.0,1.4133304749593643,0.0,0.6305336700572066,1.3651372964494832,0.015269504077926072,-74.05979110251451,0.10963672793094968,0.02272727272727275,0.3690642434939603,-0.8673000719453027,1.09949438033291,-0.033838993889441525,0.016842996191282267,0.046775883942853994,0.15535970914385197,-0.024763393096026733,0.48381680898363444,Electronics & Computer Distribution,Technology,SCSC
2010Q2,2010,Q2,2010-02-02,2009-12-31,11815000.0,548112000.0,18129000.0,0.44,56296000.0,0.10270893540006422,824878000.0,469772000.0,734995000.0,312605000.0,355106000.0,308996000.0,360572000.0,709552500.0,701981500.0,17.677215428033865,2.351193998816398,0.036889091477770045,0.06477397546043613,0.02332204820635581,17.677215428033865,0.02515049853971714,1.2945392547508539,15.013806601777402,1.5104188840543924,0.0,1.5916581444419993,0.0,0.6644764437892634,1.2988723788806962,0.014323330237926092,-18.702949549264588,0.10270893540006422,0.07317073170731714,0.2353006723491792,0.40647203180677977,1.1506040440923473,0.09486950095297367,0.08047553726566073,0.024990105727370385,0.302214539307444,0.1210419104606379,0.5148923666610443,Electronics & Computer Distribution,Technology,SCSC
2010Q1,2010,Q1,2009-11-09,2009-09-30,10935000.0,488423000.0,17687000.0,0.41,51418000.0,0.10527350268107767,781187000.0,458566000.0,694903000.0,280676000.0,322621000.0,269695000.0,348757000.0,752377440.0,694981440.0,17.26073700455452,2.4758190939018654,0.03895226111033594,0.0663568602992808,0.022642551357765925,17.26073700455452,0.023846076682527705,1.5404218065078836,17.201130315500688,1.6407178901183255,0.0,1.6203674521218414,0.0,0.6252318586970853,1.4635914720175576,0.013997928792977865,-18.693071629108797,0.10527350268107767,-0.12888115802943065,0.16175427333430287,0.2752810191866365,1.1979297269775782,-0.038610399566217306,-0.1254798464491363,-0.11467614375813395,-0.15014216508931286,-0.04677926308977668,0.5368322965207124,Electronics & Computer Distribution,Technology,SCSC
2009Q4,2009,Q4,2009-08-27,2009-06-30,12504000.0,441236000.0,19978000.0,0.4706590883426808,53483000.0,0.12121177782411227,748631000.0,445446000.0,662297000.0,262650000.0,303185000.0,216829000.0,337822000.0,651422840.0,554187840.0,16.76689125606956,2.5215952788882543,0.040646192850683445,0.06831131046187416,0.0262771230256008,16.76689125606956,0.02807074258159238,1.4763592272616015,13.024289027511196,1.4624058583981,0.0,1.7882893893344525,0.0,0.5893905007941161,1.6233656957928804,0.016702487607379336,54.52606009876956,0.12121177782411227,0.34474025240765943,0.3137100801754879,0.25457237223218687,1.2602118685985626,0.12512885242452929,0.3548596814389425,0.3215585102864325,0.0021174846051666297,-0.07335205336972946,0.5709611047370184,Electronics & Computer Distribution,Technology,SCSC
2009Q3,2009,Q3,2009-05-08,2009-03-31,9229000.0,389815000.0,15117000.0,0.35,47535000.0,0.12194245988481715,694552000.0,427354000.0,608686000.0,227437000.0,267198000.0,218407000.0,325318000.0,491682539.99999994,407720539.99999994,16.149113857083474,2.676283981937855,0.04381097455626073,0.07120326474070676,0.020594799828518397,16.149113857083474,0.021595679460119713,1.2613227813193437,13.318954924693898,1.1505275251898894,0.0,1.5671658875402346,0.0,0.5612466741151131,1.6406609302795938,0.013287702000714129,9.529285423571137,0.12194245988481715,-0.3137254901960785,0.06928839367070334,0.264753271818165,1.3007441874806898,-0.09159532181623604,-0.317634011090573,-0.17815592040882897,-0.05603376099545597,-0.07191237892069569,0.586336958918407,Electronics & Computer Distribution,Technology,SCSC
2009Q2,2009,Q2,2009-02-04,2008-12-31,13525000.0,477093000.0,18394000.0,0.51,52328000.0,0.1096809217490091,753870000.0,417349000.0,666061000.0,276721000.0,336521000.0,266213000.0,316089000.0,508939970.0,478056970.0,15.802090038241642,2.406976702165719,0.0724183214612599,0.13081138327874273,0.025399320290015365,15.802090038241642,0.032406930410759344,1.066752121703735,9.407393160813308,1.219458942036521,0.0,1.5955832359802113,0.0,0.6328584503959569,1.3774596073301268,0.017940759016806612,10.762333100721097,0.1096809217490091,0.08510638297872349,0.9214975792802876,0.5638292116111925,1.351047248701397,-0.05718712839176967,0.08809332260659694,-0.1082993988753151,0.4063020424536459,0.12338358107625333,0.6181171010945107,Electronics & Computer Distribution,Technology,SCSC
2009Q1,2009,Q1,2008-11-06,2008-09-30,12430000.0,539825000.0,20628000.0,0.47,55502000.0,0.10281480109294679,762557000.0,406703000.0,671870000.0,317143000.0,355854000.0,283960000.0,302564000.0,759019560.0,775223560.0,15.426452738582917,2.1185080547261013,0.04250436360822863,0.07969451909624468,0.02901731681835203,15.426452738582917,0.030562843155816408,1.4060474413004214,15.265880128720838,1.866274800038357,0.0,1.7056029018171572,0.0,0.7079142936200179,1.1657233487732663,0.016300420821000923,26.38966553090884,0.10281480109294679,-0.14349346789244485,0.9021895637192661,0.8167072224631401,1.380960949824069,-0.052834567732687125,-0.14080320729937099,-0.1470040937848902,0.2795625138551616,0.32863537257359865,0.6538065062180534,Electronics & Computer Distribution,Technology,SCSC
2008Q4,2008,Q4,2008-08-28,2008-06-30,14467000.0,554030000.0,24183000.0,0.5487407070247307,58598000.0,0.1057668357309171,772206000.0,395753000.0,680491000.0,311855000.0,376453000.0,280077000.0,290134000.0,705500640.0,754548640.0,15.011113639811864,2.1820750028057914,0.08323167652154995,0.1624043279520307,0.03208107726805148,15.011113639811864,0.0365556293951025,1.2733979026406512,12.191550425105413,1.7826791963674313,0.0,1.768913548774087,0.0,0.7174639927687689,1.2295137163104648,0.018734638166499614,13.655291590051291,0.1057668357309171,0.30652549291602543,1.1668721093555448,1.0373293550786735,1.4403866309528652,0.13300721204973026,0.31184258251722885,0.27305748578648137,0.47974234515121117,0.39651068430845454,0.683429757282308,Electronics & Computer Distribution,Technology,SCSC
2008Q3,2008,Q3,2008-05-09,2008-03-31,11028000.0,514420000.0,18996000.0,0.42,51719000.0,0.10053847051047782,751656000.0,378975000.0,668294000.0,266192000.0,372681000.0,296883000.0,275667000.0,942315220.0,1035995220.0,14.554689300253475,2.510571316944161,0.13257793458709835,0.2629540207137674,0.024296888375007063,14.554689300253475,0.02909954482485652,1.8318012907740757,21.36187930721799,2.4864838577742594,0.0,1.5585297911972056,0.0,0.6843822173973201,1.3298897036725372,0.014671605095948146,-16.959706634030454,0.10053847051047782,-0.288135593220339,1.2663629197707238,1.1143492232238033,1.4646278048470962,-0.12602869358027613,-0.2862135922330097,-0.2531257372021703,0.28421449337188986,-0.859388071771213,0.7003399350685564,Electronics & Computer Distribution,Technology,SCSC
2008Q2,2008,Q2,2008-02-06,2007-12-31,15450000.0,553344000.0,25434000.0,0.59,59177000.0,0.10694432396483923,805759000.0,360136000.0,723247000.0,389276000.0,445623000.0,336107000.0,264639000.0,837832650.0,885320650.0,13.905401752963435,1.857928564822902,0.06346562681893718,0.14199635693182575,0.03850327011911958,13.905401752963435,0.042900459826287846,1.5141262035912562,13.557162621359224,2.3264340415842906,0.0,1.4702669090497966,0.0,0.6867363566525475,0.9336743082029203,0.019174467799925286,9.685702642713464,0.10694432396483923,0.053571428571428416,1.4482859843371425,1.041069805162297,1.400465776229894,0.018116440712958502,0.05202233419583276,0.003194888178913738,0.6575159382221651,0.4569588066222683,0.6917264693864821,Electronics & Computer Distribution,Technology,SCSC
2008Q1,2008,Q1,2007-11-06,2007-09-30,14686000.0,553691000.0,25353000.0,0.56,58124000.0,0.10497551883631845,791831000.0,341751000.0,703422000.0,310439000.0,450080000.0,293173000.0,249188000.0,780635880.0,917760880.0,13.212363720714452,2.265894426924452,0.1880161297044445,0.4356300347328903,0.032043786957484284,13.212363720714452,0.04297280768746836,1.4098764112113074,13.288776385673431,2.284224128093261,0.0,1.6903568882536932,0.0,0.6992540074839202,1.2632175725343788,0.01854688689884584,-29.23948910030714,0.10497551883631845,0.281514642130408,1.2172595990302366,0.9217655013361898,1.4811691745381492,0.056415848782261,0.2993010705122534,0.22507852138197632,0.6025524691632705,0.4848770532009437,0.6824221919223812,Electronics & Computer Distribution,Technology,SCSC
2007Q4,2007,Q4,2007-08-29,2007-06-30,11303000.0,524285000.0,20695000.0,0.43698291193071986,55020000.0,0.10494292226556166,738448000.0,324744000.0,653138000.0,300183000.0,413188000.0,272012000.0,234502000.0,827453340.0,936809340.0,12.554859661331477,2.1757994290149676,0.15061317790826165,0.3424851575394772,0.028932094123550987,12.554859661331477,0.0348058778607149,1.578251027589956,18.301630982924888,2.548017330574237,0.0,1.7251628604620384,0.0,0.7099822871752649,1.1945379984875892,0.015306426451151604,38.98117209214679,0.10494292226556166,0.14995503139663122,0.9184935649335939,1.0291475420287972,1.488233671073124,0.07804142092991359,0.12233144672822957,0.20026679039554576,0.21971267630096641,0.5311066954173428,0.6924212355023465,Electronics & Computer Distribution,Technology,SCSC
2007Q3,2007,Q3,2007-06-18,2007-03-31,10071000.0,492678000.0,17242000.0,0.38,51037000.0,0.10359098640491356,737183000.0,312116000.0,655827000.0,290486000.0,424555000.0,291332000.0,223200000.0,691666800.0,821521800.0,12.111602638727202,2.2576888387047913,0.18026867141537448,0.42577439157236413,0.025352525111433665,12.111602638727202,0.03226684950467134,1.403892197337815,17.169764670837058,2.2160568506580884,0.0,1.5159371438770888,0.0,0.6683252326762825,1.1872482666978788,0.013661465334930404,-12.718671619285793,0.10359098640491356,0.11764705882352934,0.7378720336706367,1.0904231000095583,1.5604408310059865,-0.032968906910207096,0.14560345808212946,0.08590502582189193,0.1982224743441475,0.6414781000176278,0.7255249804251447,Electronics & Computer Distribution,Technology,SCSC
2007Q2,2007,Q2,2007-06-18,2006-12-31,8791000.0,473734000.0,15878000.0,0.34,52777000.0,0.11140640106051075,705878000.0,300464000.0,623669000.0,325747000.0,404913000.0,274723000.0,213129000.0,,,,,,,,,,,,,,,,,,,,,,,,,,,,,,,Electronics & Computer Distribution,Technology,SCSC
2007Q1,2007,Q1,2007-06-18,2006-09-30,12461000.0,496230000.0,21518000.0,0.48,51838000.0,0.10446365596598352,704786000.0,288972000.0,623045000.0,309071000.0,415326000.0,246905000.0,204338000.0,,,,,,,,,,,,,,,,,,,,,,,,,,,,,,,Electronics & Computer Distribution,Technology,SCSC
