Quarters,Year,Quarter,FillingDate,Date,NetIncome,Revenue,OperatingIncome,EPSDiluted,GrossProfit,GrossProfitRatio,TotalAssets,CommonStockEquity,CurrentAssets,CurrentLiability,TotalLiability,Inventory,RetainedEarnings,MarketCap,EnterpriseValue,bookValuePerShare,currentRatio,debtToAssets,debtToEquity,roic,shareholdersEquityPerShare,roe,priceToSalesRatio,peRatio,pbRatio,payoutRatio,inventoryTurnover,dividendYield,assetTurnover,quickRatio,returnOnAssets,priceToFreeCashFlowsRatio,grossProfitMargin,epsdilutedGrowth,fiveYNetIncomeGrowthPerShare,fiveYRevenueGrowthPerShare,fiveYShareholdersEquityGrowthPerShare,grossProfitGrowth,netIncomeGrowth,operatingIncomeGrowth,threeYNetIncomeGrowthPerShare,threeYRevenueGrowthPerShare,threeYShareholdersEquityGrowthPerShare,Industry,Sector,Symbol
2023Q1,2023,Q1,2023-04-26,2023-03-31,-98257000.0,612603000.0,-117427000.0,-1.91,-54404000.0,-0.0888079229,4127458000.0,233320000.0,1625773000.0,1285857000.0,3894138000.0,38905000.0,42499000.0,471804120.0,2314211120.0,4.529869726444949,1.2643497682868312,0.5122431288216621,9.061640665180867,-0.03218161045628837,4.529869726444949,-0.4211254928853077,0.7701629277035862,-1.2004338622184678,2.0221332076118634,0.0,17.14450584757743,0.0,0.14842137703157732,1.1558042612825532,-0.02380569348010325,39.06956939383902,-0.08880792291255511,-0.9489795918367346,-4.412330778613712,-0.08744191786485409,-0.7240889571354726,-1.8753097145799145,-0.958871610845295,-4.788288066249322,0.39262007634274454,-0.022233044668046126,-0.7747380131728179,Airlines,Industrials,HA
2022Q4,2022,Q4,2023-02-15,2022-12-31,-50160000.0,731035000.0,-20287000.0,-0.98,62154000.0,0.085021921,4139623000.0,333265000.0,1678307000.0,1120324000.0,3806358000.0,36875000.0,140756000.0,527497380.0,2456694380.0,6.482115418279424,1.4980550269386357,0.5213805701630317,6.476284638350862,-0.005358652551274164,6.482115418279424,-0.15051085472521866,0.721576094167858,-2.6290738636363638,1.5828166174065683,0.0,18.139145762711863,0.0,0.17659458361304883,1.3927944059040063,-0.012117045441094515,-10.239287613797387,0.08502192097505591,-4.444444444444445,-1.2943890124501785,0.07569034117236481,-0.6514546497512118,-0.20904544355505783,-4.411587010464991,-3.5289204687110445,-1.9105763506201876,-0.06828167521134756,-0.7219594825281275,Airlines,Industrials,HA
2022Q3,2022,Q3,2022-10-31,2022-09-30,-9269000.0,741154000.0,8022000.0,-0.18,78581000.0,0.1060251985,4211118000.0,347483000.0,1725548000.0,1168332000.0,3863635000.0,37163000.0,190916000.0,675752200.0,2569409200.0,6.7619483147816615,1.476932926599631,0.515014065148495,6.241413248993476,0.002250504839706794,6.7619483147816615,-0.026674686243643574,0.9117568008807886,-18.22613550544827,1.9447057841678586,0.0,17.82883513171703,0.0,0.17599934269236817,1.3570534745260765,-0.00220107819348686,-9.806158668427392,0.10602519854173356,0.7500000000000001,-1.128652871427963,0.06603016865192401,-0.5722668045665775,1.1372117058311575,0.747946919018872,1.3074859136034345,-1.1061365241103773,-0.100069430605004,-0.7013477634148129,Airlines,Industrials,HA
2022Q2,2022,Q2,2022-07-27,2022-06-30,-36774000.0,691865000.0,-26089000.0,-0.72,36768000.0,0.0531433155,4365014000.0,375553000.0,1833029000.0,1249492000.0,3989461000.0,39065000.0,221254000.0,734904360.0,2529985360.0,7.312738531038243,1.467019396682812,0.5085969941906258,5.911370698676352,-0.00658834213070177,7.312738531038243,-0.0979196012280557,1.062207742840005,-4.996086637298091,1.9568592449001871,0.0,16.769409957762704,0.0,0.1585023553189062,1.3618374507399806,-0.008424715247190502,357.44375486381324,0.05314331553120912,0.698744769874477,-1.4774092375109293,0.06975990579752904,-0.5018224454975617,1.4011302516882862,0.7005594052553151,0.8234904096613782,-1.5925052536815183,-0.09478205538963871,-0.6523817762525663,Airlines,Industrials,HA
2022Q1,2022,Q1,2022-04-27,2022-03-31,-122809000.0,477214000.0,-147805000.0,-2.39,-91661000.0,-0.1920752535,4488162000.0,422093000.0,1921515000.0,1209540000.0,4066069000.0,35923000.0,258028000.0,1010373600.0,2861042600.0,8.22985883637498,1.5886328686938835,0.519562573721715,5.524566860857679,-0.03495223823492151,8.22985883637498,-0.2909524678210726,2.1172337777181727,-2.0567987688198746,2.3937227103979457,0.0,15.835954680845141,0.0,0.10632726715301274,1.4948112505580633,-0.027362871482802982,77.19847188264059,-0.19207525345023407,-0.32044198895027626,-4.4745905899655565,-0.1885626545762854,-0.3753725678938652,-4.20328110808356,-0.3266035819992655,-0.5746550897565653,-4.1870436918970295,-0.3144008966259995,-0.5915540286650482,Airlines,Industrials,HA
2021Q4,2021,Q4,2022-02-10,2021-12-31,-92574000.0,494738000.0,-93865000.0,-1.81,-17616000.0,-0.0356067252,4631120000.0,299511000.0,1825201000.0,866802000.0,3054381000.0,0.0,380837000.0,940782810.0,2275764810.0,5.84833928885244,2.1056723450107406,0.3941903902295773,6.095078310980231,-0.03425413436618306,5.84833928885244,-0.30908380660476575,1.9015778250306223,-2.540623744247845,3.1410626320903074,0.0,0.0,0.0,0.10682901760265336,2.1056723450107406,-0.01998954896439738,-14.455345717709966,-0.03560672517574959,-7.464285714285713,-50.735804259921046,-0.18450852536571632,-0.5407554772757965,-2.080206033848418,-7.310859635967005,-3.159454298663354,-3.796690784538397,-0.3220622166185399,-0.6980436428583182,Airlines,Industrials,HA
2021Q3,2021,Q3,2021-10-27,2021-09-30,14669000.0,508848000.0,43467000.0,0.28,16308000.0,0.03204886331478162,4969274000.0,627644000.0,2288561000.0,1228054000.0,4341630000.0,35116000.0,473411000.0,1109208600.0,3020307600.0,12.25627807068932,1.8635670744120372,0.5283862391166194,4.183416076629427,0.008512843012208756,12.25627807068932,0.02337152908336573,2.179842703518536,18.903957324971024,1.7672575536450599,0.0,14.02608497550974,0.0,0.10239886148358895,1.745960682510704,0.0029519402633060685,-9.074394404221376,0.03204886331478162,3.3333333333333335,-0.8506251085760247,-0.20981247928178084,-0.016325811522106128,1.7904226444358278,3.3747774000323782,1.3527469553450608,-0.8450690806587403,-0.337721344213814,-0.3693109214611708,Airlines,Industrials,HA
2021Q2,2021,Q2,2021-07-29,2021-06-30,-6177000.0,410781000.0,18475000.0,-0.12,-20632000.0,-0.050226276288338555,5216136000.0,610474000.0,2482068000.0,1436588000.0,4605662000.0,35439000.0,458742000.0,1246671720.0,2708600720.0,11.933575729142232,1.7277521460571854,0.5196200789243225,4.439843465896992,0.0034379345304670406,11.933575729142232,-0.010118367039382513,3.0348816522672664,-50.456197183098595,2.0421372900401984,0.0,12.173396540534439,0.0,0.07875197272463755,1.6288010201950733,-0.0011842099209069701,4.331744446645055,-0.050226276288338555,0.9024390243902438,-1.0813901506310706,-0.27567019522580316,0.13059853996526222,0.4681514706261439,0.8982221416684517,1.252514898037286,-1.0771403579046113,-0.43010507769342166,-0.3414040356384772,Airlines,Industrials,HA
2021Q1,2021,Q1,2021-04-28,2021-03-31,-60691000.0,182217000.0,-73164000.0,-1.23,-38793000.0,-0.2128945158794185,4972899000.0,612002000.0,2172609000.0,1198336000.0,4360897000.0,36014000.0,464919000.0,1319418240.0,3041163240.0,12.370674320827943,1.8130215565584278,0.5448753332814521,4.42745285146127,-0.014359534970020044,12.370674320827943,-0.09916797657523994,7.240917367753832,-5.434983111169696,2.1559051114212044,0.0,6.1367801410562555,0.0,0.03664200700637596,1.6943812086092715,-0.012204350017967387,11.823591655315793,-0.2128945158794185,0.6485714285714286,-2.278976907423628,-0.6414462515373931,0.3651115133482456,0.7687051710876992,0.6266547736220472,0.6507318190931745,-3.1944147016826747,-0.7173967993610515,-0.24651129968018828,Airlines,Industrials,HA
2020Q4,2020,Q4,2021-02-12,2020-12-31,-162560000.0,149683000.0,-209478000.0,-3.5,-167721000.0,-1.1205080069212936,3978030000.0,600157000.0,1118478000.0,1004548000.0,3377873000.0,35442000.0,525610000.0,822306600.0,2190229600.0,12.918270265616256,1.1134141922536305,0.4719828658909058,3.1284513885533287,-0.04643911820193985,12.918270265616256,-0.2708624576569131,5.493653921955065,-1.2646201402559054,1.3701524767685789,0.0,8.955589413689973,0.0,0.03762741859664206,1.0223005769759135,-0.04086444798053308,-5.841739365178597,-1.1205080069212936,-0.6587677725118485,-5.924093268456737,-0.7007074725080561,0.5446192336864448,-1.0489261892545627,-0.6741676021380241,-0.7301793133068479,-2.055820757371127,-0.7562559550198475,-0.30538061361257435,Airlines,Industrials,HA
2020Q3,2020,Q3,2020-10-28,2020-09-30,-97099000.0,75982000.0,-121073000.0,-2.11,-81858000.0,-1.0773341054460266,4097136000.0,717215000.0,1168511000.0,962627000.0,3379921000.0,36621000.0,688170000.0,592952890.0,1960561890.0,15.591291493663181,1.2138772338610906,0.4648639927988722,2.6555649282293317,-0.024254807385770884,15.591291493663181,-0.1353833927065106,7.803859993156274,-1.5266709492373762,0.8267435706169001,0.0,4.310095300510636,0.0,0.018545149587419114,1.118784326639498,-0.023699237711415976,-3.209331561655995,-1.0773341054460266,0.09442060085836917,-2.6195504575126365,-0.8595145424211358,1.221226788402536,0.10185317255680758,0.09171780288857292,0.1872331570043769,-2.505552143475716,-0.8779139051820297,-0.013758665244423025,Airlines,Industrials,HA
2020Q2,2020,Q2,2020-07-28,2020-06-30,-106904000.0,60004000.0,-148964000.0,-2.33,-91141000.0,-1.5189154056396241,3996495000.0,825933000.0,962853000.0,1037477000.0,3170562000.0,35660000.0,785269000.0,645432840.0,1614111840.0,17.966391855735136,0.9280716584560429,0.39064205009639696,1.8902247518866542,-0.0337300350678206,17.966391855735136,-0.12943422771580745,10.756496900206653,-1.5093748596871959,0.7814590771890698,0.0,4.238502523836231,0.0,0.015014156154330232,0.8499099257140158,-0.026749439196095577,-7.128703777335984,-1.5189154056396241,0.25796178343949044,-3.600946685525047,-0.8752100608883754,1.9854708536462404,-4.2250884642604385,0.2595240074252625,0.11381591471540073,-2.5504263504858242,-0.8963540355438808,0.2239536693310285,Airlines,Industrials,HA
2020Q1,2020,Q1,2020-05-07,2020-03-31,-144372000.0,559144000.0,-168096000.0,-3.14,28260000.0,0.050541542071452075,4136730000.0,924366000.0,1029447000.0,1075963000.0,3212364000.0,38481000.0,892173000.0,479895480.0,696301480.0,20.109339308634453,0.9567680301274301,0.19750261680119321,0.8838652654900765,-0.05595481373967009,20.109339308634453,-0.15618488780418147,0.8582681384401871,-0.8310051117945307,0.5191617606013202,-0.038193001413016375,13.796003222369482,0.011490001947924162,0.13516569851065938,0.8781277794868411,-0.03490002973363018,11426.082857142857,0.050541542071452075,-3.934579439252336,-7.627140617107717,0.22959645668145198,2.6166189950925416,-0.7983171687327382,-3.9038759378079932,-3.426187864442007,-5.557493102348004,0.06080385112115445,0.5262527855503281,Airlines,Industrials,HA
2019Q4,2019,Q4,2020-02-12,2019-12-31,49717000.0,708137000.0,69284000.0,1.07,140121000.0,0.19787272801731867,4126624000.0,1081796000.0,874706000.0,1075216000.0,3044828000.0,37630000.0,1049567000.0,1359114580.0,1586585580.0,23.3135640705142,0.8135165399324414,0.14552501027474274,0.5551203738967421,0.020754783905306436,23.3135640705142,0.0459578330849809,1.919281975098039,6.834254782066496,1.2563501621377784,0.11199388539131484,15.094764815306936,0.004096784834726738,0.17160201656366075,0.7256467537685451,0.01204786285350931,-15.290191926919269,0.19787272801731867,-0.3705882352941176,4.240107593748028,0.4410870069096136,2.4460598172703754,-0.27013850184651766,-0.3791273290374145,-0.40598100072018933,28.480072538955785,0.28826426518078846,0.8307122886955972,Airlines,Industrials,HA
2019Q3,2019,Q3,2019-10-22,2019-09-30,80076000.0,755151000.0,116636000.0,1.7,191983000.0,0.25423127295070785,4064691000.0,1066847000.0,981703000.0,1122145000.0,2997844000.0,37536000.0,1023490000.0,1237344940.0,1506723940.0,22.64154587321463,0.874845051218871,0.19227562439555676,0.7325708372428287,0.03599885459247349,22.64154587321463,0.07505856041213033,1.6385397622462263,3.8630330560967083,1.1598148000603647,0.07058294620110894,15.003410059676044,0.004567845082875596,0.18578312594979546,0.7931880461081233,0.019700390509389275,72.90507541833608,0.25423127295070785,0.4049586776859504,1.5737885421813764,0.35031303863742425,1.6475472178667325,0.20548418289819037,0.3846074040772569,0.3122714640924382,-0.11378687880583681,0.27448464529291633,0.8171833352885725,Airlines,Industrials,HA
2019Q2,2019,Q2,2019-07-30,2019-06-30,57833000.0,712189000.0,88881000.0,1.21,159258000.0,0.22361760712395165,3768183000.0,1006690000.0,738352000.0,1151797000.0,2761493000.0,35897000.0,969059000.0,1323163100.0,1547142100.0,21.036694947130858,0.6410435172170096,0.15001474185303634,0.5615263884611946,0.030300460243144225,21.036694947130858,0.05744866840834815,1.857881966725125,5.7197581830442825,1.3143699649345875,0.09930316601248422,15.403264896788032,0.004340356831293134,0.18900064036168096,0.5636201518149465,0.01534771533123524,15.900344885598923,0.22361760712395165,0.6133333333333333,1.3659806229970646,0.38296555641923324,1.7057409927648148,0.30978444128266075,0.5906540513779636,0.687314906219151,-0.18539268505946713,0.3424545869365026,0.9930368845642144,Airlines,Industrials,HA
2019Q1,2019,Q1,2019-04-24,2019-03-31,36358000.0,656751000.0,52676000.0,0.75,121591000.0,0.1851401825044804,3754114000.0,975060000.0,739589000.0,1150787000.0,2779054000.0,36461000.0,936566000.0,1302228720.0,1549716720.0,20.149198214580924,0.6426810521842878,0.16317778309342765,0.6282567226632207,0.018117817014513145,20.149198214580924,0.0372879617664554,1.9828347729961584,8.954210352604655,1.3355370131068856,0.15982727322735024,14.677600724061326,0.004462349747592727,0.17494167731720453,0.5583787442854324,0.009684841749611227,17.040640678365328,0.1851401825044804,0.17187499999999997,8.799838217773242,0.362324533077103,1.72877464355994,-0.10864879922587456,0.1492603363257049,-0.24042163549582546,-0.216706916957414,0.32114965016128455,1.2234764050937703,Airlines,Industrials,HA
2018Q4,2018,Q4,2019-02-13,2018-12-31,31636000.0,697465000.0,69349000.0,0.64,136412000.0,0.19558257403597312,3196646000.0,947994000.0,705167000.0,1006133000.0,2248652000.0,33942000.0,912201000.0,1292663860.0,1733867860.0,19.368160830302784,0.7008685730415363,0.2220392874281356,0.748718873748146,0.031874934356719446,19.368160830302784,0.033371519229024656,1.8533745205852623,10.215133550385636,1.3635781028149967,0.18472626122139335,16.529756643686287,0.0045208968710550934,0.21818649922449967,0.608917508917807,0.009896622897874834,-35.658709001131,0.19558257403597312,-0.6521739130434784,0.9833885220047479,0.40408481786979195,1.5577173564630167,-0.2683918371725081,-0.6617989779991875,-0.40126569164090964,-0.09042722974982821,0.323698624604449,1.3158234906452442,Airlines,Industrials,HA
2018Q3,2018,Q3,2018-10-24,2018-09-30,93542000.0,759087000.0,115826000.0,1.84,186455000.0,0.2456306062414453,3270955000.0,983201000.0,845820000.0,1036593000.0,2287754000.0,32646000.0,922491000.0,1924089820.0,2296082820.0,19.433154128948097,0.8159615200951579,0.21951815295532956,0.7303023491635993,0.05454632215427985,19.433154128948097,0.0951402612487172,2.534742157354822,5.142315270146031,1.9569648728998446,0.06509375467704347,17.540648165165717,0.0031646131779856303,0.23206892176749605,0.692539887882708,0.028597764261507726,-33.36552655764996,0.2456306062414453,0.1794871794871795,1.381581321826949,0.30941197673191284,2.231897144003931,0.12438792001350797,0.1769250125817816,0.24640581955922866,0.41858261586717,0.2760875150801937,1.768561061918362,Airlines,Industrials,HA
2018Q2,2018,Q2,2018-07-25,2018-06-30,79480000.0,715447000.0,92928000.0,1.56,165828000.0,0.23178236822573858,3232861000.0,920047000.0,841299000.0,1122860000.0,2312814000.0,36387000.0,866180000.0,1825397200.0000002,2183585200.0,18.119721915865764,0.749246566802629,0.21404539199179923,0.7521126638095662,0.043311188906309125,18.119721915865764,0.08638689110447619,2.5514080008721822,5.741687216909915,1.984026033452639,0.07666079516859588,15.104817654656882,0.003337903662830205,0.2213045967642902,0.6275020928699927,0.024585034741673086,1823.5736263736267,0.23178236822573858,1.7857142857142856,6.194101938758819,0.37248130704282056,2.4305067560250406,0.16356645172154902,1.7846682082545022,1.5624707017785744,0.750736631532351,0.34710765194755633,2.0109496714958963,Airlines,Industrials,HA
2018Q1,2018,Q1,2018-04-25,2018-03-31,28542000.0,665412000.0,36265000.0,0.56,142517000.0,0.2141785840952673,2974444000.0,838214000.0,746076000.0,1022367000.0,2136230000.0,30815000.0,795293000.0,1975828500.0000002,2254393500.0,16.417863088825776,0.7297536012019167,0.18751403623668828,0.6654028684798869,0.019988605172406776,16.417863088825776,0.034050970277280025,2.969331031000343,17.30632488963633,2.3571886177038324,0.21529675565832807,16.96884634106766,0.0031100877429392276,0.22370970843626573,0.6170553235775411,0.00959574293548643,17.233868013397533,0.2141785840952673,-0.8297872340425532,2.684632075970427,0.37209737584442143,2.3237548941002957,-0.19230943610087844,-0.8341834659850114,-0.637994370021362,0.17960198563166546,0.31746001407758356,1.9527153823686751,Airlines,Industrials,HA
2017Q4,2017,Q4,2018-02-13,2017-12-31,172130000.0,686549000.0,100178000.0,3.29,176450000.0,0.257010060461817,2859831000.0,965942000.0,702086000.0,891920000.0,1893889000.0,35361000.0,913951000.0,2069769150.0,2449487150.0,18.5976241360057,0.7871625257870661,0.1995471061052209,0.5907922007739596,0.10194544776593213,18.5976241360057,0.1781991051222537,3.0147435215840384,3.0061133300412477,2.142746821237714,0.0,14.42546873674387,0.0,0.24006628363704008,0.6732991748138847,0.060188871300436986,-22.178791174642637,0.257010060461817,1.366906474820144,51.095313993293146,0.38126520928033053,2.566826037655466,-0.2746623038155764,1.3084247512271008,-0.4234392895580457,15.208206990672686,0.2482097501118781,1.748980166136108,Airlines,Industrials,HA
2017Q3,2017,Q3,2017-10-20,2017-09-30,74566000.0,719559000.0,173751000.0,1.39,243266000.0,0.33807651631068475,2822693000.0,840791000.0,821711000.0,908528000.0,1981902000.0,26560000.0,848057000.0,1997096749.9999998,2155165750.0,15.808799473535771,0.9044421305672472,0.1793032398493212,0.6019545880010609,0.08040087222139625,15.808799473535771,0.0886855354065398,2.7754454464470597,6.695735154091677,2.3752594283240422,0.0,17.932718373493977,0.0,0.25491932703981623,0.8116073472694292,0.026416617039118316,-12.78387370375112,0.33807651631068475,-0.0671140939597316,0.5857594568757558,0.2670244130395717,1.8360477195873015,0.14388759839372536,-0.07294269764897493,0.2188861373983683,1.1233336390412785,0.13991894174923938,0.8485726768986831,Airlines,Industrials,HA
2017Q2,2017,Q2,2017-07-26,2017-06-30,80433000.0,675335000.0,142549000.0,1.49,212666000.0,0.31490445482612334,2909463000.0,787175000.0,1000861000.0,956370000.0,2122288000.0,23024000.0,773491000.0,2517740700.0,2466557700.0,14.678980345354866,1.0465206980561916,0.1813087157320784,0.6701318004255724,0.06741912502319511,14.678980345354866,0.10217931209705593,3.728135962152117,7.8255837156391035,3.1984510432877062,0.0,20.09507470465601,0.0,0.2321167170711571,0.972662254148499,0.02764530774235658,30.20938411144307,0.31490445482612334,1.191176470588235,18.7025517799584,0.3328392792923925,2.1598302056827654,0.40693058826642675,1.1790474642392719,1.1183017802478676,1.936382120595939,0.1702487928966038,0.8880113512238126,Airlines,Industrials,HA
2017Q1,2017,Q1,2017-04-21,2017-03-31,36912000.0,614185000.0,67294000.0,0.68,151156000.0,0.2461082572840431,2842159000.0,705713000.0,914039000.0,965915000.0,2136446000.0,18622000.0,693058000.0,2487954900.0,2556693900.0,13.17562824390426,0.9462934109108979,0.18842295592892586,0.758846726643834,0.03887159831244207,13.17562824390426,0.05230454873298352,4.050823286143426,16.85058314369311,3.5254485888739477,0.0,24.864622489528514,0.0,0.21609804377587602,0.8747912601005264,0.012987309999194275,15.966954607589575,0.2461082572840431,17.8768280123584,3.842912027358368,0.3429906728088667,1.8907941608824226,-0.18301119903143512,18.007209062821833,5.191369951237465,8.154346547061248,0.15105434036234452,0.7843548850951589,Airlines,Industrials,HA
2016Q4,2016,Q4,2017-02-16,2016-12-31,1942000.0,632973000.0,10869000.0,0.036023001298460394,185016000.0,0.29229682782677935,2708601000.0,680453000.0,798236000.0,830116000.0,2028148000.0,20363000.0,656146000.0,3045681000.0,3276497000.0,12.734695787247581,0.9615957287897113,0.20556996028577115,0.8182886988520882,0.004790776030754481,12.734695787247581,0.002853981097886261,4.8117076083814005,392.0804582904222,4.4759608672457905,0.0,21.998575848352402,0.0,0.23369001192866723,0.850643765449648,0.0007169752946262664,-40.87778329552928,0.29229682782677935,-0.9811397898960941,-0.9116375521606885,0.38842180497880213,1.9062688065227344,-0.21236270753512132,-0.9810451519706405,-0.937482384745909,-0.8884722086193381,0.16724966319616047,0.6817163348498692,Airlines,Industrials,HA
2016Q3,2016,Q3,2016-10-20,2016-09-30,102454000.0,671837000.0,173855000.0,1.91,234900000.0,0.34963837954742,2634136000.0,665684000.0,860252000.0,832041000.0,1968452000.0,18238000.0,654204000.0,2596552200.0,2755516200.0,12.459692664757519,1.0339057810853072,0.21436896196703586,0.8482658438538405,0.08818989993269127,12.459692664757519,0.15390786018591404,3.8648544215337948,6.335897573545201,3.9005777516058675,0.0,23.957506305515956,0.0,0.2550502327898028,0.9363673184374328,0.03889472677189029,26.52737173331154,0.34963837954742,0.2905405405405405,2.8071425587912993,0.40291666246442914,1.3614808545350934,0.2834242129533509,0.287595827573206,0.46256414570539245,1.4701646987600674,0.09745545339937842,1.0721517912736411,Airlines,Industrials,HA
2016Q2,2016,Q2,2016-07-22,2016-06-30,79570000.0,594590000.0,118870000.0,1.48,183026000.0,0.3078188331455288,2561337000.0,566112000.0,792182000.0,852374000.0,1995225000.0,18150000.0,551750000.0,2035946640.0,2266456640.0,10.555095648282805,0.9293831111695101,0.22877778285325204,1.0350902294952236,0.06382040550509571,10.555095648282805,0.14055522582103894,3.4241185354614103,6.396715596330275,3.596367220620655,0.0,22.67570247933884,0.0,0.23214047975725177,0.8391199168440144,0.031065806647075336,43.608427185297835,0.3078188331455288,0.5578947368421053,2.503081298050392,0.4228914999393159,1.21255214381432,0.1817125295386165,0.5460692496016788,0.2939217137632255,5.818461374689478,0.07985357317753022,0.9983378939286871,Airlines,Industrials,HA
2016Q1,2016,Q1,2016-04-22,2016-03-31,51466000.0,551180000.0,91868000.0,0.95,154882000.0,0.281000762001524,2570015000.0,486232000.0,811136000.0,855729000.0,2083783000.0,19803000.0,472180000.0,2532026640.0,2825892640.0,9.062024750260921,0.947888876034352,0.2656712120357274,1.4042247322265915,0.048668073100453714,9.062024750260921,0.10584659175044012,4.593828948800755,12.299511522169976,5.207445499267839,0.0,20.012018381053377,0.0,0.21446567432485802,0.8750725989185829,0.020025564053128095,15.027934571008025,0.281000762001524,0.4393939393939393,55.67714245481504,0.41948307103758437,0.5746532267379731,0.4251720711104568,0.35794195250659633,-0.15598184591073627,3.890420751913739,0.08145323166904438,0.8345840107923544,Airlines,Industrials,HA
2015Q4,2015,Q4,2016-02-08,2015-12-31,37900000.0,574154000.0,108846000.0,0.66,108676000.0,0.1892802279527792,2509710000.0,446062000.0,740984000.0,769800000.0,2063648000.0,19164000.0,420714000.0,1884325550.0,2374967550.0,8.36340114371426,0.9625669004936347,0.3076626383127931,1.7310239383762795,0.05511087836954448,8.36340114371426,0.0849657670906735,3.281916611222773,12.429588060686015,4.224357936789056,0.0,24.28918806094761,0.0,0.22877304549131175,0.8336840737853988,0.015101346370696217,25.792539387053946,0.1892802279527792,-0.42608695652173906,-0.49134496466890765,0.5819114200892391,0.520599236264528,-0.5346937377439437,-0.4587956418055377,-0.29630132469597936,11.74140343765666,0.12490335833528923,0.6040111760837227,Airlines,Industrials,HA
2015Q3,2015,Q3,2015-10-21,2015-09-30,70029000.0,631738000.0,154677000.0,1.15,233558000.0,0.36970706210485993,2625791000.0,377150000.0,791767000.0,819325000.0,2248641000.0,20359000.0,382814000.0,1326081080.0,1895320080.0,7.019225400606726,0.9663649955756263,0.3482428723382783,2.4245340050377835,0.07422988907614261,7.019225400606726,0.18567943788943392,2.0990997533787743,4.734042610918334,3.516057483759777,0.0,19.557935065572966,0.0,0.24058959757269333,0.8437347816800415,0.026669677822797017,22.277716589668206,0.36970706210485993,0.4556962025316454,1.179638872462401,0.7017465220407247,0.7250965792247365,0.38381779615826705,0.43402137854773315,0.6920123391966395,0.47413965292745625,0.10108238456066757,0.25922643423900876,Airlines,Industrials,HA
2015Q2,2015,Q2,2015-07-30,2015-06-30,48834000.0,571295000.0,91416000.0,0.79,168778000.0,0.29543055689267367,2615916000.0,328694000.0,786041000.0,869588000.0,2287222000.0,20399000.0,312785000.0,1297201250.0,1899030250.0,6.017942474230579,0.9039234672051593,0.3618659773478965,2.8799156662427667,0.04416425446328331,6.017942474230579,0.14856979439843745,2.270632947951584,6.640871370356719,3.946531576481469,0.0,19.73219275454679,0.0,0.21839195142351667,0.7934033128332038,0.018668030624836577,11.524224212218936,0.29543055689267367,0.975,4.163976623263581,0.719857569789381,0.693528541999927,0.13276106230326784,0.886721013792837,0.2845820920690237,10.74470650300637,0.10700761255832984,0.29543578360008715,Airlines,Industrials,HA
2015Q1,2015,Q1,2015-04-24,2015-03-31,25883000.0,540280000.0,71164000.0,0.4,148997000.0,0.2757773746946028,2556094000.0,303668000.0,678610000.0,854210000.0,2252426000.0,19108000.0,263951000.0,1202873350.0,1939167350.0,5.560259274178782,0.7944299411151825,0.37651588713091144,3.1692835596770155,0.034639813974945755,5.560259274178782,0.0852345324499124,2.2263888169097505,11.618372580458216,3.961146218896953,0.0,20.477444002512037,0.0,0.21136937843443943,0.68458575760059,0.010125996931255267,10.734669135692293,0.2757773746946028,1.352941176470588,112.79053413925884,0.7194924707682292,0.6365286453211583,0.0011557198051402654,1.33201189296333,-0.07975999586199763,2.330476812727815,0.15863189910323236,0.2199467642254432,Airlines,Industrials,HA
2014Q4,2014,Q4,2015-02-09,2014-12-31,11099000.0,574839000.0,77332000.0,0.17,148825000.0,0.2588985785585181,2602528000.0,367233000.0,704847000.0,819864000.0,2235295000.0,18011000.0,238068000.0,1414046100.0,2199596100.0,6.765281308721123,0.8597120985919616,0.4033143927750249,2.8582316948640236,0.03292984510401717,6.765281308721123,0.030223318710464474,2.4598993805221983,31.85075457248401,3.8505420264518713,0.0,23.652989839542503,0.0,0.22087716251275682,0.7378601816886703,0.0042646995536647445,-43.28005937806073,0.2588985785585181,-0.6964285714285714,-0.6972222708690237,0.8488733589241718,0.9925209367586554,-0.1950532214097183,-0.688011243851019,-0.27161412465032164,-0.502885899684476,0.24118404216809838,0.5439494090291964,Airlines,Industrials,HA
2014Q3,2014,Q3,2014-10-23,2014-09-30,35575000.0,639462000.0,106169000.0,0.56,184888000.0,0.28913055036890384,2615236000.0,460759000.0,756312000.0,851646000.0,2154477000.0,20287000.0,226969000.0,724659100.0,1452944100.0,8.551895022086937,0.8880591231568046,0.403994132843078,2.2930425667214314,0.04265072472679824,8.551895022086937,0.0772095607465074,1.133232467292818,5.092474349964863,1.5727508306945714,0.0,22.407157292847636,0.0,0.24451407062307187,0.7802032769484034,0.013602978851621804,38.814092126405995,0.28913055036890384,0.302325581395349,0.10737648679231143,0.9975018407453542,2.1883263697194675,0.4407455894270931,0.30182603286127274,1.0577780362057603,0.3108845713479002,0.32413425167006693,0.6208374402182972,Airlines,Industrials,HA
2014Q2,2014,Q2,2014-07-24,2014-06-30,27327000.0,575720000.0,51594000.0,0.43,128328000.0,0.22290002084346558,2585098000.0,415946000.0,746115000.0,875649000.0,2169152000.0,17071000.0,191394000.0,733471290.0,1444325290.0,7.7748369128394925,0.8520708640105796,0.4143498621715695,2.5751780279170853,0.02107884137275428,7.7748369128394925,0.06569843200800105,1.2740069651914125,6.710133659018553,1.7633810398465186,0.0,26.207720695917054,0.0,0.22270722425223338,0.7519531227695115,0.010570972551137326,-15.601788692248787,0.22290002084346558,5.3,-0.0443851177615254,0.8955515337730022,2.7217539168526397,0.45757706549147,6.384630541871921,4.140380591810302,1.5175110093636974,0.38121098673801346,0.6297561530963804,Airlines,Industrials,HA
2014Q1,2014,Q1,2014-04-24,2014-03-31,-5075000.0,524858000.0,10037000.0,-0.1,88042000.0,0.16774441849033453,2372576000.0,389032000.0,664063000.0,838095000.0,1983544000.0,17400000.0,164067000.0,735496560.0,1340352560.0,7.383972971947006,0.7923481228261713,0.39612935476039546,2.415860391947192,0.004622694986801034,7.383972971947006,-0.013045199366633078,1.4013248535794443,-36.23135763546798,1.8905811347138541,0.0,25.104367816091955,0.0,0.22121862481960536,0.6877597408408355,-0.002139025261993715,-9.104370365785728,0.16774441849033453,-1.3225806451612905,-1.211274091667146,0.7816210108014902,3.7665880901673368,-0.16189587716208625,-1.2971485449967797,-0.7034684471756086,-6.691760830412465,0.37658062904827094,0.28306831937173377,Airlines,Industrials,HA
2013Q4,2013,Q4,2014-02-10,2013-12-31,17079000.0,531885000.0,33848000.0,0.31,105049000.0,0.19750321968094606,2164261000.0,396864000.0,605807000.0,658631000.0,1767397000.0,19767000.0,169142000.0,504698670.00000006,887787670.0,7.57243984811769,0.9197972764719548,0.37263204391706917,2.032114275923238,0.01706228625258159,7.57243984811769,0.04303489356555394,0.9488868270396797,7.387708150360092,1.2717169357764877,0.0,21.59336267516568,0.0,0.2457582518929094,0.755550528292777,0.00789137724146949,-6.846528162135765,0.19750321968094606,-0.5921052631578947,2.4158092414754493,0.7430768740154564,6.331686456964322,-0.3059934199225718,-0.5793764161166387,-0.5452615740118762,-0.7667331617306328,0.4913443578109978,0.3767899030361567,Airlines,Industrials,HA
2013Q3,2013,Q3,2013-10-24,2013-09-30,40604000.0,599298000.0,74434000.0,0.76,151366000.0,0.25257217611271854,2099252000.0,314494000.0,616277000.0,742135000.0,1784758000.0,20857000.0,152063000.0,389134320.0,710474320.0,6.01292468883238,0.8304109090664098,0.3633379889598771,2.4252863329666066,0.04161549516667037,6.01292468883238,0.12910898141141008,0.6493169007739055,2.3959112402718943,1.23733463913461,0.0,21.476338879033417,0.0,0.2854816858576293,0.7015650791298079,0.019342127576870236,-21.173920992491023,0.25257217611271854,2.6190476190476195,5.150398616215497,0.6122199326666302,0.4941558964716018,0.3593225209691614,2.5881937080240367,0.9906929475007354,0.2982961299728203,0.6584371681304059,0.47778069798757206,Airlines,Industrials,HA
2013Q2,2013,Q2,2013-07-25,2013-06-30,11316000.0,533928000.0,37391000.0,0.21,111354000.0,0.20855620982604395,2135391000.0,274703000.0,665691000.0,808472000.0,1860688000.0,18520000.0,111459000.0,326090160.0,615436160.0,5.281937394247039,0.8233940074609881,0.3591538973424539,2.791866124505375,0.022300492035937973,5.281937394247039,0.04119357997546441,0.6107380770440959,7.204183457051961,1.1870644295839505,0.0,22.817170626349892,0.0,0.25003758093950945,0.7114222879703935,0.005299263694564602,-6.083204178714672,0.20855620982604395,1.6363636363636365,-0.8098715656518246,0.5273705932120967,0.5034533699643563,0.7149061340150616,1.6600174978127733,4.135250712728492,0.25669098320895745,0.6880618195923595,0.4864069858623489,Airlines,Industrials,HA
2013Q1,2013,Q1,2013-04-25,2013-03-31,-17145000.0,490754000.0,-11926000.0,-0.33,64933000.0,0.13231272694669835,1945655000.0,255202000.0,625183000.0,749965000.0,1690453000.0,25067000.0,100143000.0,288032375.0,497975375.0,4.939552888802865,0.8336162354243198,0.33313408595048966,2.53980768175798,-0.00826705775536642,4.939552888802865,-0.06718207537558483,0.586918038365454,-4.199947142023913,1.1286446618756907,0.0,16.987313998484062,0.0,0.2522307397765791,0.717594821091651,-0.008811942507793005,6.162306647268993,0.13231272694669835,-3.714285714285714,0.21179307032143935,0.7885226134994722,1.097685781264561,1.2433396666928995,-4.03080985915493,-1.9745852741685053,-80.67765895674054,0.6510217238411756,0.45383864294685883,Airlines,Industrials,HA
2012Q4,2012,Q4,2013-02-08,2012-12-31,-3408000.0,492986000.0,12237000.0,-0.07,-266841000.0,-0.5412750057810972,1865824000.0,268602000.0,571858000.0,653790000.0,1597222000.0,27552000.0,117288000.0,338453550.0,593814550.0,5.214054158982821,0.8746814726441212,0.35439623458589875,2.461787328463675,0.007251456000920091,5.214054158982821,-0.012687917439185114,0.6865378530019108,-24.827871919014086,1.2600559563964528,0.0,27.57792537746806,0.0,0.26421891882621296,0.7443215711466985,-0.0018265388375323717,-25.784972573518207,-0.5412750057810972,-1.0813953488372092,-1.9462615440393158,0.8057267740956412,0.8496853120857766,-2.016905165679008,-1.0749290943869139,-0.8366941134079778,-1.0979629373433555,0.6707738223086457,0.5356511581823228,Airlines,Industrials,HA
2012Q3,2012,Q3,2012-10-25,2012-09-30,45483000.0,549322000.0,74933000.0,0.86,262405000.0,0.47768886008570566,1853000000.0,286761000.0,626204000.0,594421000.0,1566239000.0,21840000.0,120696000.0,286028640.0,526782640.0,5.574236062514579,1.0534688377429464,0.3638634646519158,2.351222795289457,0.04805347722174521,5.574236062514579,0.1586094343373053,0.5206939463556893,1.5721733394894795,0.9974460962264742,0.0,13.137225274725274,0.0,0.2964500809498111,0.9104473092303267,0.024545601726929305,336.5042823529412,0.47768886008570566,11.285714285714285,1.1317576654095087,0.849627192404531,1.8197340684021228,0.22652974418180713,10.650358606557377,1.5549986361156574,0.48277832132373116,0.797116267856385,1.078192468833579,Airlines,Industrials,HA
2012Q2,2012,Q2,2012-07-26,2012-06-30,3904000.0,484551000.0,29328000.0,0.07,213941000.0,0.4415242152012894,1859679000.0,238235000.0,621706000.0,632075000.0,1621444000.0,21293000.0,75213000.0,333852330.0,574139330.0,4.645496558313671,0.9835953011905233,0.3693347077640819,2.883052448212899,0.019617917640445168,4.645496558313671,0.016387180724914477,0.6889931709974801,21.378863345286884,1.4013571893298633,0.0,12.708871460104259,0.0,0.2605562572895645,0.8594961041015702,0.002099287027492379,20.89580834950241,0.4415242152012894,-0.5,1.910834097044465,0.8245601969538053,2.190670461803047,0.14316476799110864,-0.4621107743179939,1.2734883720930232,-0.857579338670497,0.6643168675587389,1.223763045508694,Airlines,Industrials,HA
2012Q1,2012,Q1,2012-04-25,2012-03-31,7258000.0,435494000.0,12900000.0,0.14,187148000.0,0.4297372638888251,1669083000.0,232470000.0,578171000.0,587430000.0,1436613000.0,27262000.0,71309000.0,266756150.00000003,430415150.0,4.557788452112538,0.984238121989003,0.32333862366341276,2.3214995483288168,0.010224862859601051,4.557788452112538,0.031221232847249106,0.6125369121044149,9.188349063102784,1.1474863423237407,0.0,9.109603110556819,0.0,0.2609181209083071,0.8323817305891765,0.0043484955511499425,16.053207558524406,0.4297372638888251,-0.65,1.5642332045495364,0.8709175513942418,1.9416416715594587,-0.6572437450664733,-0.6530758567946083,-0.6256746561429981,-0.687888596847622,0.5269969024242529,1.9421965973980764,Airlines,Industrials,HA
2011Q4,2011,Q4,2012-02-09,2011-12-31,20921000.0,433975000.0,34462000.0,0.4,546009000.0,1.2581577279797223,1487529000.0,222876000.0,499531000.0,488820000.0,1264653000.0,23595000.0,64051000.0,295011200.0,452867200.0,4.381802453601762,1.0219119512294914,0.3105626848283294,2.0727714065220124,0.03221518291392534,4.381802453601762,0.09386833934564512,0.6797884670775967,3.5252999378614787,1.3236562034494517,0.0,-4.748209366391184,0.0,0.29174221141234896,0.8147764003109529,0.014064263621078984,-7.321648921648921,1.2581577279797223,-0.19999999999999996,3.0139791526002844,0.7779253473124126,1.470379510201034,1.5254810360777058,-0.18331576687356052,-0.43455789456412947,2.7869817052288397,0.4654090614419738,3.2424901815695186,Airlines,Industrials,HA
2011Q3,2011,Q3,2011-10-19,2011-09-30,25617000.0,455859000.0,60947000.0,0.5,216200000.0,0.474269456125688,1371518000.0,268338000.0,480690000.0,489865000.0,1103180000.0,25549000.0,53861000.0,214112180.0,329358180.0,5.276220063706791,0.9812703499943862,0.29317296601284126,1.498453443045711,0.04920705372892584,5.276220063706791,0.0954654204771594,0.46968948731954396,2.0895516649100205,0.7979197131975345,0.0,9.380367137657052,0.0,0.3323755138467012,0.7434395190511671,0.01867784454888671,-24.226315908576602,0.474269456125688,1.505050505050505,2.061839015179925,0.8401571142780876,6.008464086086761,0.45388520897078105,1.511909995603693,1.868425927245266,2.9905249962327756,0.26118650132508037,0.31109164462196665,Airlines,Industrials,HA
2011Q2,2011,Q2,2011-07-27,2011-06-30,-50042000.0,395015000.0,-70181000.0,-0.99,148705000.0,0.3764540587066314,1381277000.0,241867000.0,488184000.0,513348000.0,1139410000.0,22639000.0,28244000.0,288990000.0,394532000.0,4.770552268244576,0.950980621332897,0.29613104395425394,1.6911732481074309,-0.0653428198505351,4.770552268244576,-0.20689883282961297,0.7315924711719808,-1.4437372607010113,1.1948302166066473,0.0,10.879897521975352,0.0,0.2859781202466993,0.7456462282895814,-0.03622879407968134,-3.766618007403159,0.3764540587066314,-50.5,-0.7646604166890937,0.6534239756412855,7.119492009574775,-0.3925647854645273,-59.528654970760236,-13.192315470171891,-1.8624838772957417,0.15914431473988577,0.3578924453166209,Airlines,Industrials,HA
2011Q1,2011,Q1,2011-04-27,2011-03-31,855000.0,365609000.0,-4945000.0,0.02,244808000.0,0.669589643580984,1206763000.0,290745000.0,514459000.0,464866000.0,916018000.0,20076000.0,78286000.0,303631210.0,176139210.0,5.754933591971655,1.106682355775643,0.1625828766708956,0.6748147001668129,-0.005842982455868804,5.754933591971655,0.0029407212505804057,0.8304806774450301,88.78105555555555,1.0443213468847272,0.0,6.017184698147041,0.0,0.30296669685762656,0.9019566928964475,0.0007085069727858742,13.366402975876035,0.669589643580984,-0.9856838436362091,1.0639717482588344,0.6033178014614091,3.83661748756233,-0.043898019121414736,-0.9878859150738888,-1.2205226542989653,1.0401969747885829,0.36261122076527846,1.4439544711356398,Airlines,Industrials,HA
2010Q4,2010,Q4,2011-02-11,2010-12-31,70579000.0,343800000.0,22424000.0,1.397023020130243,256048000.0,0.7447585805700989,1117499000.0,277869000.0,446520000.0,400555000.0,839630000.0,18354000.0,0.0,396084640.0,299819640.0,5.500069278121969,1.1147532798242439,0.16892364109498084,0.6793560994569383,0.14402345388764767,5.500069278121969,0.2540009860761726,1.1520786503781268,1.402983323651511,1.4254365906236393,0.0,4.781083142639207,0.0,0.30765128201457004,0.8611152026563144,0.06315799835167638,-99.61887323943662,0.7447585805700989,1.367835627339395,4.32827142528491,0.503419851207052,4.316645909639861,-0.03777165641359043,1.3165720287524207,-0.4290951677784001,18.982456274025022,0.28405932634429465,0.9511491536139115,Airlines,Industrials,HA
2010Q3,2010,Q3,2010-10-20,2010-09-30,30467000.0,352029000.0,39278000.0,0.59,266099000.0,0.7559007922642736,1056109000.0,207318000.0,455386000.0,466307000.0,848791000.0,19149000.0,6852000.0,305202480.0,203311480.0,4.06888836552049,0.9765798068654341,0.20227457582503322,1.030417040488525,0.06743047143013488,4.06888836552049,0.14695781360036272,0.8669810725820885,2.5043693176223454,1.472146557462449,0.0,4.487440597420231,0.0,0.33332638960561833,0.7653048313664603,0.02884834803983301,-36.55119520958084,0.7559007922642736,2.470588235294117,2.4274199930376574,0.3842976361285221,1.3108881250175695,0.13660205537378586,2.3878572222839987,0.636719726643887,0.4417564967824394,0.19676573049126278,1.0582521113408885,Airlines,Industrials,HA
2010Q2,2010,Q2,2010-07-28,2010-06-30,8993000.0,315889000.0,23998000.0,0.17,234118000.0,0.741140084016854,1057238000.0,184572000.0,455743000.0,486610000.0,872666000.0,17129000.0,-23615000.0,268534970.0,216282970.0,3.553493386727248,0.9365672715316167,0.21185674370387747,1.213526428710747,0.033199507164551834,3.553493386727248,0.0487235333636738,0.8500928174137118,7.465110919604136,1.4549063238194309,0.0,4.773833849027964,0.0,0.2987870280863911,0.7356918271305563,0.008506126340521244,36.40658486984815,0.741140084016854,40.89791666666667,3.3819327006521767,2.0796366913371522,0.7706456745736113,0.08766126671900915,40.63425925925926,3.3022588741484404,3.071558398333213,0.1744007545032576,1.4406489689358066,Airlines,Industrials,HA
2010Q1,2010,Q1,2010-04-27,2010-03-31,216000.0,298376000.0,5578000.0,0.0040574809805579036,215249000.0,0.7214018553771081,1057974000.0,176206000.0,458002000.0,479755000.0,881768000.0,18417000.0,-32608000.0,382222940.0,393152940.0,3.3975936138212948,0.9546581067419829,0.22984118702349962,1.3800097613021123,0.007785857738969977,3.3975936138212948,0.0012258379396842332,1.2810110062471511,442.3876620370371,2.169182320692826,0.0,4.5136015637726015,0.0,0.28202583428326217,0.7477024731373305,0.00020416380742815986,25.848579157367958,0.7214018553771081,-0.9939916889297407,1.061133562734737,0.0,2.6482780573085747,-0.41909845820862895,-0.9938326242754761,-0.6537339375504376,1.0165142524282695,0.26066545360852883,1.1928404669173613,Airlines,Industrials,HA
2009Q4,2009,Q4,2010-02-18,2009-12-31,35023000.0,297052000.0,16109000.0,0.6753114033396321,370543000.0,1.2474011284219597,1028886000.0,176089000.0,441660000.0,384244000.0,852797000.0,18282000.0,-32824000.0,363034000.0,315069000.0,3.395337626778759,1.1494258856351693,0.24567639174796818,1.4354843289472936,0.09898727712021833,3.395337626778759,0.19889374123312642,1.2221227259873693,2.591397081917597,2.06165064257279,0.0,-4.01985559566787,0.0,0.2887122577234018,0.9159128054048989,0.034039728405284936,59.358077174623936,1.2474011284219597,0.1643300057579865,13.547734721508776,0.0,2.7034854036591014,1.1641338628664875,0.14193022497554614,-0.32104020905335917,4.3066415993430605,0.19355528522213164,0.9142288115965281,Airlines,Industrials,HA
2009Q3,2009,Q3,2009-10-22,2009-09-30,30670000.0,305627000.0,23726000.0,0.58,171220000.0,0.5602253727582969,1004412000.0,137967000.0,426554000.0,372908000.0,866445000.0,16265000.0,-67847000.0,424869620.0,396357620.0,2.682252075354317,1.143858538835316,0.258507465064137,1.881957279639334,0.10784343190172405,2.682252075354317,0.22229953539614544,1.390157348663567,3.4632345940658626,3.079501764914798,0.0,8.263572087304027,0.0,0.3042844968001179,0.9544901155244725,0.030535278351911367,15.772714853175929,0.5602253727582969,0.0943396226415093,11.18876952468072,0.0,2.273092832425088,-0.04987569919204475,0.1155566871567308,-0.2516165662555594,2.6245283991687156,0.21983119803321888,2.5628664295601062,Airlines,Industrials,HA
2009Q2,2009,Q2,2009-07-29,2009-06-30,27493000.0,292004000.0,31703000.0,0.53,180208000.0,0.6171422309283434,981630000.0,107449000.0,396824000.0,370097000.0,874181000.0,15555000.0,-98517000.0,309638700.0,338166700.0,2.0890249829882377,1.0722162027792714,0.2707333720444567,2.4733594542527153,0.06262096746667886,2.0890249829882377,0.25587022680527505,1.0603919809317681,2.8156139744662276,2.8817271449711024,0.0,7.187142397942783,0.0,0.29746849627660116,0.8683588356565981,0.028007497733361857,22.288993665418946,0.6171422309283434,0.15217391304347827,7.110503929567752,0.0,1.9735089478253778,-0.017238464516903074,0.16822469618424407,-0.11803816836365659,1.9556477304808633,0.20478252382099155,2.555525797313302,Airlines,Industrials,HA
2009Q1,2009,Q1,2009-04-30,2009-03-31,23534000.0,288624000.0,35946000.0,0.46,183369000.0,0.6353213869948445,973710000.0,79962000.0,363960000.0,371880000.0,893748000.0,16323000.0,-125097000.0,192535140.0,199044140.0,1.549110775310938,0.978702807357212,0.2597724168386891,3.1632900627798204,0.08573006435059816,1.549110775310938,0.2943147995297766,0.6670794528521536,2.045287031528852,2.407832970661064,0.0,6.44826318691417,0.0,0.2964167976091444,0.7891685489942992,0.02416941389119964,3.902844806616395,0.6353213869948445,2.998508543051932,11.37331438421485,0.0,1.7108450128440846,6.79829038019903,2.9808096961535226,-0.05717882809631223,2.7234100410488793,0.23881353796290297,0.301918805195663,Airlines,Industrials,HA
2008Q4,2008,Q4,2009-02-26,2008-12-31,-11881000.0,300536000.0,38126000.0,-0.23017164555000194,23514000.0,0.07824021082332898,929134000.0,53313000.0,311035000.0,347850000.0,875821000.0,16002000.0,-148631000.0,329322840.0,384726840.0,1.032837382308497,0.894164151214604,0.27905124556845406,4.8632791251664695,-0.34634496019051936,1.032837382308497,-0.22285371297807288,1.0957849974711849,-6.92961114384311,6.177158291598672,0.0,17.311711036120485,0.0,0.32345818794705605,0.6863993100474343,-0.012787176015515524,-28.13042111557188,0.07824021082332898,-2.918097046250016,-10.982268852400102,0.0,1.4657013857936791,-0.8855136887923774,-2.9680304787145935,0.39609652495514297,0.4516384485035487,0.2862982384440752,-0.0016070041487504941,Airlines,Industrials,HA
2008Q3,2008,Q3,2008-11-05,2008-09-30,6037000.0,339918000.0,27309000.0,0.12,205387000.0,0.604225136650604,943194000.0,192474000.0,344319000.0,383142000.0,750720000.0,20084000.0,-136750000.0,443843839.99999994,465322839.99999994,4.024295391820691,0.8986720328233396,0.24687391989346835,1.2097737876284589,0.026558465849764658,4.024295391820691,0.03136527530991199,1.305737972099153,18.380149080669206,2.3059937446096614,0.0,6.698416650069707,0.0,0.36039033327184017,0.7051798027885223,0.006400592030907745,18.919981243872286,0.604225136650604,-0.8899082568807339,7.764228756307717,0.0,2.812554007971788,0.11740575712568074,-0.8889134234980219,-0.4365909512904623,-0.27650118465161466,0.42398106176082945,1.2855619513492722,Airlines,Industrials,HA
2008Q2,2008,Q2,2008-08-06,2008-06-30,54345000.0,319192000.0,48471000.0,1.09,183807000.0,0.5758508985187599,953106000.0,166835000.0,357949000.0,422075000.0,786271000.0,19537000.0,-142787000.0,330041600.0,376085600.0,3.5132033355795147,0.8480696558668483,0.23998380033280664,1.3709952947523,0.1225361192218725,3.5132033355795147,0.3257410015883957,1.0339908268377653,1.518270310056123,1.9782515659184225,0.0,6.929671904591288,0.0,0.33489664318554285,0.5856234081620565,0.057018841555923475,3.380603925103454,0.5758508985187599,3.5952380952380953,73.2059562906031,0.0,2.5957686457229387,4.835513365927995,3.7288476023098167,3.2024263904034895,27.963239153664826,2.4036383442011746,0.7505698232832879,Airlines,Industrials,HA
2008Q1,2008,Q1,2008-05-06,2008-03-31,-19915000.0,251219000.0,-22008000.0,-0.42,31498000.0,0.12538064397995374,839279000.0,111385000.0,239546000.0,363741000.0,727894000.0,15145000.0,-197132000.0,283812000.0,429774000.0,2.3547630121347933,0.6585619987848497,0.2886966074452,2.1753108587332224,-0.06222538890868068,2.3547630121347933,-0.1787942721192261,1.1297393907307967,-3.5627918654280695,2.5480271131660457,0.0,14.507824364476726,0.0,0.2993271605747314,0.427213319367352,-0.023728700467901615,-78.99025883662678,0.12538064397995374,-7.007511339582703,0.2276070488330445,-0.04069731284645515,1.418446884441895,-0.24672964247279686,-7.022074387662534,-10.064856711915535,-5.179822809189598,0.0,2.1423685832450983,Airlines,Industrials,HA
2007Q4,2007,Q4,2008-03-03,2007-12-31,3307000.0,250685000.0,-1989000.0,0.06991247727368821,41815000.0,0.16680295988990168,823399000.0,133339000.0,267383000.0,319116000.0,690060000.0,19035000.0,-177217000.0,241240199.99999997,386975200.0,2.8188871506490214,0.8378865365572393,0.2912694817457879,1.7986560571175725,-0.016009395605322364,2.8188871506490214,0.024801445938547613,0.9623240321519037,18.23708799516178,1.8092246079541616,0.0,10.972944575781455,0.0,0.30445142634372885,0.580058662053924,0.004016278863588613,-14.069765542983784,0.16680295988990168,-0.829481762747102,1.1317447346565617,-0.09781074518329971,1.5607729364274086,-0.42719962740236433,-0.8310772845686264,-1.0778412648716342,2.2990202952526806,0.0,2.4142726419370892,Airlines,Industrials,HA
2007Q3,2007,Q3,2007-11-07,2007-09-30,19577000.0,272507000.0,25552000.0,0.41,73001000.0,0.2678866964885306,877818000.0,93314000.0,314896000.0,350247000.0,784504000.0,13346000.0,-180524000.0,201556809.99999997,336441810.0,1.9768658771688241,0.8990683717490799,0.27944289135105455,2.6287588143258245,0.06770354096236929,1.9768658771688241,0.20979702938465825,0.7396390184472325,2.5738980691627926,2.1599846753970464,0.0,14.948748688745692,0.0,0.3104367875801134,0.6001279097322747,0.022301889457723583,10.02919888540578,0.2678866964885306,6.125,0.794356333645478,-0.10192782724730934,1.641381924497062,0.3455165422541701,5.967520933773154,43.657762938230384,8.08696247106413,0.0,1.9382912970835942,Airlines,Industrials,HA
2007Q2,2007,Q2,2007-08-09,2007-06-30,-3941000.0,244184000.0,-599000.0,-0.08,54255000.0,0.22218900501261343,870998000.0,68653000.0,311926000.0,369480000.0,802345000.0,14406000.0,-200101000.0,170693860.0,316853860.0,1.455962505036795,0.8442297282667532,0.2878054829058161,3.651377215853641,-0.0014210908016750528,1.455962505036795,-0.05740462907666089,0.6990378566982276,-10.828080436437453,2.4863277642637613,0.0,13.184020546994308,0.0,0.28034966785227977,0.5494397531666125,-0.004524694660607717,6.114771986387247,0.22218900501261343,0.6799999999999999,0.909134570233503,0.18249308604938147,1.7121246524020333,0.5793840242198416,0.6686007399932727,0.9628642281463112,0.04454388177885525,0.0,1.6784947704761617,Airlines,Industrials,HA
2007Q1,2007,Q1,2007-05-09,2007-03-31,-11892000.0,215191000.0,-16130000.0,-0.25,34352000.0,0.15963492897007775,839902000.0,73059000.0,277444000.0,328672000.0,766843000.0,13252000.0,-196160000.0,148531950.0,287528950.0,1.5494030072317775,0.8441364034660696,0.3047998456962836,3.504044676220589,-0.029455544856372584,1.5494030072317775,-0.16277255368948385,0.690233095250266,-3.122518289606458,2.03304110376545,0.0,13.646166616359794,0.0,0.25620965303094884,0.5505488754746374,-0.014158794716526452,6.716344110332353,0.15963492897007775,-0.2241173416407061,0.534271046795265,0.13352693111597166,2.5187283333656016,-0.452706039797983,-0.23489096573208723,-0.15643819902494982,-4.738105594800732,0.0,1.7109791101641947,Airlines,Industrials,HA
