Quarters,Year,Quarter,FillingDate,Date,NetIncome,Revenue,OperatingIncome,EPSDiluted,GrossProfit,GrossProfitRatio,TotalAssets,CommonStockEquity,CurrentAssets,CurrentLiability,TotalLiability,Inventory,RetainedEarnings,MarketCap,EnterpriseValue,bookValuePerShare,currentRatio,debtToAssets,debtToEquity,roic,shareholdersEquityPerShare,roe,priceToSalesRatio,peRatio,pbRatio,payoutRatio,inventoryTurnover,dividendYield,assetTurnover,quickRatio,returnOnAssets,priceToFreeCashFlowsRatio,grossProfitMargin,epsdilutedGrowth,fiveYNetIncomeGrowthPerShare,fiveYRevenueGrowthPerShare,fiveYShareholdersEquityGrowthPerShare,grossProfitGrowth,netIncomeGrowth,operatingIncomeGrowth,threeYNetIncomeGrowthPerShare,threeYRevenueGrowthPerShare,threeYShareholdersEquityGrowthPerShare,Industry,Sector,Symbol
2023Q1,2023,Q1,2023-05-05,2023-03-31,252000000.0,4251000000.0,400000000.0,3.72,4001000000.0,0.9411903082,89120000000.0,7626000000.0,59379000000.0,0.0,4455000000.0,0.0,8336000000.0,8894920000.0,10055920000.0,113.82089552238806,0.0,0.049988779174147215,0.5841856805664831,0.023865498577856824,113.82089552238806,0.03304484657749803,2.0924300164667136,8.824325396825396,1.1663939155520586,0.21031746031746032,0.0,0.005958457186798757,0.047699730700179535,0.0,0.002827648114901257,5.669165073295092,0.9411903081627853,0.22368421052631585,1.4200279655300272,0.2892639803872836,-0.1851579841837613,0.18865121806298277,0.22330097087378642,0.23839009287925697,3.6558303934871104,0.23049843479233043,-0.23958683948283524,Insurance—Reinsurance,Financial Services,RGA
2022Q4,2022,Q4,2023-02-24,2022-12-31,206000000.0,4375000000.0,323000000.0,3.04,3366000000.0,0.7693714286,84706000000.0,4145000000.0,55828000000.0,400000000.0,80471000000.0,0.0,8967000000.0,9632707370.0,11066707370.0,61.142005811809476,139.57,0.05148395627228296,1.0521109770808204,0.028865233397219935,61.142005811809476,0.04969843184559711,2.2017616845714287,11.69017884708738,2.323934226779252,0.25728155339805825,0.0,0.005502087623367718,0.05164923382050858,153.6425,0.0024319410667485186,37.0488745,0.7693714285714286,-0.27446300715990457,-0.8391533471048584,0.2860048249608507,-0.5884438311410225,-0.11769331585845347,-0.2746478873239437,-0.2141119221411192,-0.1902288853895468,0.0679010011646506,-0.6698985216782121,Insurance—Reinsurance,Financial Services,RGA
2022Q3,2022,Q3,2022-11-04,2022-09-30,284000000.0,4066000000.0,411000000.0,4.19,3815000000.0,0.9382685686,82705000000.0,3653000000.0,54007000000.0,686000000.0,78962000000.0,0.0,8820000000.0,8429270000.0,9124270000.0,54.52238805970149,78.72740524781341,0.05086754126110876,1.1516561730084862,0.04071768239269178,54.52238805970149,0.0777443197372023,2.0731111657648795,7.420132042253521,2.3074924719408707,0.19014084507042253,0.0,0.006406248702438052,0.04916268665739677,86.74635568513119,0.003433891542228402,10.180277777777778,0.9382685686178062,0.43493150684931525,0.20106735065527664,0.24425107327531537,-0.5657665157906765,0.06952621250350434,0.43434343434343436,0.39322033898305087,0.010899529714281339,0.04835734657006765,-0.7035075635944692,Insurance—Reinsurance,Financial Services,RGA
2022Q2,2022,Q2,2022-08-05,2022-06-30,198000000.0,3810000000.0,295000000.0,2.92,3567000000.0,0.9362204724,84609000000.0,5839000000.0,55850000000.0,1060000000.0,78680000000.0,0.0,8592000000.0,7858430000.0,9121430000.0,87.14925373134328,52.68867924528302,0.04513704215863561,0.654050351087515,0.023930632350807047,87.14925373134328,0.03390991608152081,2.062580052493438,9.922260101010101,1.345852029457099,0.2474747474747475,0.0,0.006235342173945686,0.04503067049604652,58.07924528301887,0.002340176576959898,107.64972602739726,0.9362204724409449,4.139784946236559,-0.17971823127353878,0.1711768701903543,-0.29537410152840554,-0.09236641221374046,4.142857142857143,17.38888888888889,-0.08618968915302715,0.027922461724775187,-0.48993040296875834,Insurance—Reinsurance,Financial Services,RGA
2022Q1,2022,Q1,2022-05-06,2022-03-31,-63000000.0,3930000000.0,-18000000.0,-0.93,3930000000.0,1.0,89761000000.0,9182000000.0,66424000000.0,0.0,80489000000.0,0.0,8446000000.0,7333820000.0,8457820000.0,137.044776119403,0.0,0.042702287184857565,0.41744717926377695,-0.0014521705724164426,137.044776119403,-0.006861250272271836,1.8661119592875317,-29.102460317460313,0.7987170551078195,-0.7777777777777778,0.0,0.006681374781491774,0.04378293468210025,0.0,-0.0007018638384153474,46.71222929936306,1.0,-1.4043478260869566,-1.415849069841293,0.2545901844764888,0.18857234776839732,-0.056422569027611044,-1.4038461538461537,-1.0260492040520983,-1.3481346123248203,0.07635814089264803,-0.11059358802388837,Insurance—Reinsurance,Financial Services,RGA
2021Q4,2021,Q4,2022-02-25,2021-12-31,156000000.0,4165000000.0,691000000.0,2.3,4165000000.0,1.0,92175000000.0,13014000000.0,69252000000.0,0.0,79161000000.0,0.0,8563000000.0,7377436200.0,8276436200.0,193.1433659839715,0.0,0.041735828586927044,0.29560473336406945,0.11216166862800796,193.1433659839715,0.0119870908252651,1.7712932052821129,11.822814423076922,0.5668846011987091,0.3141025641025641,0.0,0.00664187377181249,0.04518578790344453,0.0,0.0016924328722538648,20.665087394957983,1.0,8.187499999999998,-0.21768899916968606,0.29397186675559867,0.7495433448867718,0.030175612169181302,8.090909090909092,0.0,0.3216313163865961,0.18432198357063379,0.4356812547395621,Insurance—Reinsurance,Financial Services,RGA
2021Q3,2021,Q3,2021-11-05,2021-09-30,-22000000.0,4043000000.0,0.0,-0.32,4043000000.0,1.0,91449000000.0,12885000000.0,0.0,0.0,78564000000.0,0.0,8458000000.0,7556334160.0,8016334160.0,189.71965368985218,0.0,0.03813054270686393,0.27062475746992626,0.0,189.71965368985218,-0.0017074117190531625,1.8689918773188225,-85.86743363636363,0.5864442499029879,-2.272727272727273,0.0,0.006616965176669741,0.044210434231101485,0.0,-0.00024057124736191757,5.0850162584118435,1.0,-1.063745019920319,-1.1045636580227922,0.3164877510663654,0.522460037514222,-0.01510353227771011,-1.063953488372093,0.0,-1.0680544710642215,0.1671342848503712,0.3993260267552762,Insurance—Reinsurance,Financial Services,RGA
2021Q2,2021,Q2,2021-08-05,2021-06-30,344000000.0,4105000000.0,0.0,5.02,4105000000.0,1.0,88944000000.0,13444000000.0,0.0,0.0,75500000000.0,0.0,8531000000.0,7750860000.0,7992860000.0,197.73496102367994,0.0,0.039305630509084366,0.2600416542695626,0.0,197.73496102367994,0.025587622731329963,1.888151035322777,5.632892441860466,0.5765293067539423,0.13662790697674418,0.0,0.006063843238040682,0.04615263536607304,0.0,0.003867602086706242,-184.5442857142857,1.0,1.46078431372549,0.3741876674903709,0.27397777992849104,0.6726743486774742,0.024201596806387227,1.474820143884892,0.0,0.5861682730699026,0.21041794531129665,0.4728569633949417,Insurance—Reinsurance,Financial Services,RGA
2021Q1,2021,Q1,2021-05-07,2021-03-31,139000000.0,4008000000.0,0.0,2.04,4008000000.0,1.0,84810000000.0,12090000000.0,3122000000.0,2417000000.0,72720000000.0,0.0,8235000000.0,8625223350.0,9422223350.0,176.68464202726994,1.2916839056681837,0.04620917344652753,0.32415219189412736,0.0,176.68464202726994,0.011497105045492142,2.1520018338323355,15.512991636690648,0.7134179776674937,0.34532374100719426,0.0,0.005565073280102363,0.04725857799787761,26.355399255275135,0.0016389576700860746,3.6516610287891615,1.0,0.051546391752577365,0.7151503095138388,0.505219108318295,0.6979307032800857,-0.03258508327299059,0.05303030303030303,0.0,0.3070191383994403,0.19021593413523394,0.2648825965787003,Insurance—Reinsurance,Financial Services,RGA
2020Q4,2020,Q4,2021-02-26,2020-12-31,132000000.0,4143000000.0,0.0,1.94,4143000000.0,1.0,84656000000.0,14352000000.0,3408000000.0,3263000000.0,70304000000.0,0.0,8148000000.0,7874709600.0,8427709600.0,211.23277993641824,1.0444376340790684,0.04678935928935929,0.27598940914158304,0.0,211.23277993641824,0.00919732441471572,1.9007264301230993,14.914222727272728,0.5486837792642141,0.36363636363636365,0.0,0.006095462872688028,0.048939236439236436,19.673613239350292,0.0015592515592515593,14.802085714285715,1.0,-0.37820512820512825,-0.2195047316352956,0.41275538307952253,1.256280454813347,0.1372495196266813,-0.38028169014084506,0.0,-0.8971622702388914,0.21510334320155927,0.42184006713225286,Insurance—Reinsurance,Financial Services,RGA
2020Q3,2020,Q3,2020-11-06,2020-09-30,213000000.0,3643000000.0,0.0,3.12,3643000000.0,1.0,82127000000.0,13214000000.0,0.0,0.0,68913000000.0,0.0,8066000000.0,6466827840.0,7191827840.0,194.50659444182762,0.0,0.04847370535877361,0.3012713788406236,0.0,194.50659444182762,0.016119267443620404,1.775138029096898,7.5901735211267605,0.48939214772211287,0.22065727699530516,0.0,0.0072678600950663325,0.044358128264760675,0.0,0.0025935441450436517,33.33416412371134,1.0,0.2580645161290323,1.4848898543780904,0.4558055278613811,1.0633188440918904,0.010260676650027731,0.34810126582278483,0.0,-0.11161042200854256,0.09944789265548835,0.5491118274878272,Insurance—Reinsurance,Financial Services,RGA
2020Q2,2020,Q2,2020-08-06,2020-06-30,158000000.0,3606000000.0,0.0,2.48,3606000000.0,1.0,80729000000.0,12553000000.0,0.0,64170000000.0,68176000000.0,0.0,7901000000.0,4976939560.0,4669939560.0,197.84393765071158,0.0,0.04962281212451535,0.31912690193579224,0.0,197.84393765071158,0.012586632677447623,1.3801829062673323,7.874904367088608,0.3964741145542898,0.2721518987341772,0.0,0.008639847738074602,0.044667963185472385,0.9434315100514259,0.0019571653309219737,13.561143215258856,1.0,2.7588652482269502,0.2671620617441577,0.4336281630644808,1.0247834848851436,0.1254681647940075,2.7954545454545454,0.0,-0.30879801468336554,0.17050494971173433,0.5996231333665837,Insurance—Reinsurance,Financial Services,RGA
2020Q1,2020,Q1,2020-05-07,2020-03-31,-88000000.0,3204000000.0,0.0,-1.41,3204000000.0,1.0,75654000000.0,9301000000.0,0.0,62803000000.0,66353000000.0,0.0,7802000000.0,5228291320.0,54630291320.0,149.6829637259004,0.0,0.04692415470431174,0.3816793893129771,0.0,149.6829637259004,-0.009461348242124502,1.6318012858926343,-14.853100340909092,0.5621214192022363,-0.5,0.0,0.008415751400784606,0.0423507018796098,0.8792095918984761,-0.0011631903137970232,2.3754163198546117,1.0,-1.3831521739130435,-1.7713082827044246,0.3939190955516734,0.4265050585482679,-0.1534997659178504,-1.3744202867719015,0.0,-1.6263187150219827,0.10285743257496598,0.2981817815632644,Insurance—Reinsurance,Financial Services,RGA
2019Q4,2019,Q4,2020-02-27,2019-12-31,235030000.0,3784996000.0,0.0,3.68,3784996000.0,1.0,76731000000.0,11601000000.0,76257000000.0,61551000000.0,65130000000.0,0.0,7952000000.0,10212936980.0,63527936980.0,185.22184790765252,1.2389238192718233,0.0466434687414474,0.30850788725109907,0.0,185.22184790765252,0.020259460391345574,2.6982688964532593,10.863439752372038,0.880349709507801,0.1862187805812024,0.0,0.004285446986083331,0.04932812031643013,0.917580542964371,0.0030630384069020343,19.135491243486715,1.0,-0.10679611650485435,0.34943001081443803,0.5395197889290744,0.8122249492867702,0.04339853317583558,-0.10555058702643046,0.0,0.267961106345647,0.2650364692727847,0.677788153290006,Insurance—Reinsurance,Financial Services,RGA
2019Q3,2019,Q3,2019-11-01,2019-09-30,262765000.0,3627565000.0,0.0,4.12,3627565000.0,1.0,75773985000.0,11523734000.0,67645891000.0,60258599000.0,64250251000.0,0.0,7765678000.0,10019040080.0,60963866080.0,183.89132863115566,1.122593158861858,0.052678396154036244,0.34638529490527986,0.0,183.89132863115566,0.022802070925968962,2.7619188298486725,9.532319829505452,0.8694265313656145,0.16701615511959356,0.0,0.004380259950013095,0.047873488506642484,0.9277530996032616,0.003467746879090495,12.740078863811785,1.0,0.29559748427672955,0.8217371157307332,0.46270149924237103,0.8896491393004036,0.046189257220379025,0.2963374083612073,0.0,0.35352327968042824,0.280172252349847,0.4756889633796775,Insurance—Reinsurance,Financial Services,RGA
2019Q2,2019,Q2,2019-08-02,2019-06-30,202698000.0,3467408000.0,0.0,3.18,3467408000.0,1.0,72043816000.0,10709011000.0,48476831000.0,57318094000.0,61334805000.0,0.0,7549737000.0,9849220920.0,57926498920.0,170.8575736303009,0.8457509246556594,0.05575372353957486,0.37507767990900376,0.0,170.8575736303009,0.018927798281279197,2.840513986239866,12.14765429357961,0.91971340023836,0.1856949747900818,0.0,0.0038216220659207227,0.048129155179675656,0.9147516140365728,0.002813537805937431,15.817391706534465,1.0,0.2000000000000001,0.1265424481131395,0.34886149437611064,0.7644236952396726,0.013852798410306807,0.19580902263623332,0.0,-0.12165126773928088,0.1673028606660293,0.44531386462534656,Insurance—Reinsurance,Financial Services,RGA
2019Q1,2019,Q1,2019-05-03,2019-03-31,169507000.0,3420031000.0,0.0,2.65,3420031000.0,1.0,66692481000.0,9670108000.0,58577477000.0,53578482000.0,57022373000.0,0.0,7412081000.0,9084220500.0,52365373500.0,154.08566238567195,1.0933022887807833,0.05163836984861907,0.35613780114968724,0.0,154.08566238567195,0.01752896658444766,2.6561807480692425,13.398001999917408,0.9394125174196606,0.2224509902245925,0.0,0.004150823947965596,0.05128060837922644,0.8874930984420201,0.002541620846284006,27.51285052743798,1.0,0.5406976744186046,0.39479103736332055,0.4473909407744618,0.7397586606364327,0.043163709944554214,0.5404265760321341,0.0,1.2805176011226678,0.40042694348392455,0.4807556225486859,Insurance—Reinsurance,Financial Services,RGA
2018Q4,2018,Q4,2019-02-27,2018-12-31,110039000.0,3278518000.0,0.0,1.72,3278518000.0,1.0,64535245000.0,8450553000.0,56522813000.0,52614858000.0,56084692000.0,0.0,7284949000.0,8808547450.0,10388648450.0,134.53081270397197,1.0742747419369638,0.0537664961216154,0.41060437109855413,0.0,134.53081270397197,0.013021514686671985,2.686746709946384,20.012330741827896,1.0423634346769968,0.34232408509710194,0.0,0.004276414495559084,0.050801976501367585,0.8704787723650228,0.0017050992833450931,18.640653165307008,1.0,-0.6324786324786326,-0.14621159458770547,0.347361909290418,0.6013071657387153,0.015797524485434842,-0.63466346169808,0.0,-0.29623003994836933,0.2092535105826075,0.4369892938278491,Insurance—Reinsurance,Financial Services,RGA
2018Q3,2018,Q3,2018-11-02,2018-09-30,301199000.0,3227531000.0,0.0,4.68,3227531000.0,1.0,62972642000.0,8579323000.0,55304398000.0,50894000000.0,54393319000.0,0.0,7215526000.0,9083067660.0,50086485660.0,135.57930751118064,1.086658505914253,0.05556011132580399,0.4078138799529986,0.0,135.57930751118064,0.03510754869585864,2.8142464503052023,7.539091813053828,1.0587161317973457,0.12639816201249007,0.0,0.004191425344947833,0.05125290757214855,0.8746514127402051,0.0047830135505510475,17.786569917950928,1.0,0.49520766773162933,1.4450529250015463,0.5124405882051896,0.6296468797808242,0.009894840527324316,0.47376378600017616,0.0,2.772432087454143,0.38469773011446906,0.4382203382847922,Insurance—Reinsurance,Financial Services,RGA
2018Q2,2018,Q2,2018-08-03,2018-06-30,204374000.0,3195908000.0,0.0,3.13,3195908000.0,1.0,59766497000.0,8601702000.0,52298466000.0,47652000000.0,51164795000.0,0.0,6952170000.0,8552197079.999999,47575609080.0,134.25265720840943,1.0975083102493075,0.05878057400620284,0.4084202173011806,0.0,134.25265720840943,0.023759716391011917,2.6759835014024183,10.46145434350749,0.994244752957031,0.1572068854159531,0.0,0.0037568123956282827,0.053473236017161925,0.8753561655334509,0.0034195412188872303,24.395954677970547,1.0,1.0592105263157894,5.651745466657978,0.39304100339974746,0.6496793008445124,0.006995289735315831,1.0390501845754765,0.0,0.6231699698355434,0.2582540870908317,0.37397469108933373,Insurance—Reinsurance,Financial Services,RGA
2018Q1,2018,Q1,2018-05-04,2018-03-31,100230000.0,3173707000.0,0.0,1.52,3173707000.0,1.0,60954823000.0,9008261000.0,53401381000.0,48405000000.0,51946562000.0,0.0,6797545000.0,9931460000.0,50038376000.0,139.68461777019692,1.103220349137486,0.05810258853511887,0.39315390617567586,0.0,139.68461777019692,0.011126453818334082,3.129293283847564,24.771675147161528,1.1024835981106675,0.3216701586351392,0.0,0.0032463504862326386,0.05206654443078278,0.8886926143993389,0.0016443325575730078,45.46185290469062,1.0,-0.9177934018388318,-0.38147190714996465,0.3970018927408349,0.49152589336763325,-0.018170776715939,-0.917634161894932,0.0,-0.15353706273964043,0.3303832972889224,0.331219057203155,Insurance—Reinsurance,Financial Services,RGA
2017Q4,2017,Q4,2018-02-27,2017-12-31,1216888000.0,3232443000.0,0.0,18.49,3232443000.0,1.0,60514818000.0,9569535000.0,53387398000.0,47373000000.0,50945283000.0,0.0,6736265000.0,10044075020.0,50556978020.0,148.56296767783402,1.12695835180377,0.05903187216063345,0.3732995385878206,0.0,148.56296767783402,0.1271627095778426,3.107270575227467,2.0634756485395536,1.0495886184647425,0.026465048550071986,0.0,0.0032063679269492356,0.05341572703730184,0.9006851159943428,0.020108926048492785,11.586999930783074,1.0,4.328530259365993,5.259127327395218,0.36148726708439693,0.5883552864833291,0.027702515809252506,4.346819513952661,0.0,5.793610089346219,0.27842033871078153,0.4535516171941373,Insurance—Reinsurance,Financial Services,RGA
2017Q3,2017,Q3,2017-11-02,2017-09-30,227591000.0,3145310000.0,0.0,3.47,3145310000.0,1.0,58694031000.0,8097118000.0,51302359000.0,47012000000.0,50596913000.0,0.0,5712590000.0,8998010640.0,47841049640.0,125.56007319191167,1.0912609333787118,0.06108466123241731,0.44278779190324263,0.0,125.56007319191167,0.028107655094071742,2.8607706839707374,9.883970192142923,1.1112609004833571,0.14179383191778233,0.0,0.0035864594176563454,0.05358824307023656,0.8690931889730281,0.0038775833951496703,21.667177900371552,1.0,-0.01977401129943498,0.80218170933567,0.4692527199914735,0.37559723996184685,0.005123868907696221,-0.01980705456738016,0.0,0.5332971898291263,0.23241514153027298,0.2902429168560218,Insurance—Reinsurance,Financial Services,RGA
2017Q2,2017,Q2,2017-08-02,2017-06-30,232190000.0,3129276000.0,0.0,3.54,3129276000.0,1.0,58138072000.0,7971155000.0,50958579000.0,46555000000.0,50166917000.0,0.0,5523622000.0,8274607109.999999,47231593110.0,123.68159319772224,1.0945887444957576,0.06212111746670925,0.45308390063924237,0.0,123.68159319772224,0.029128777448186618,2.644256086711431,8.909306074766354,1.038068775478585,0.11384641888108876,0.0,0.003194592764175362,0.0538249015206421,0.8720025775963913,0.003993768489605228,32.3856842999272,1.0,0.5945945945945945,0.8820883347390847,0.5066068716292457,0.4593659770356741,0.04006195284404768,0.5956759579965913,0.0,0.2549908384418409,0.18387330139084396,0.2772435489178304,Insurance—Reinsurance,Financial Services,RGA
2017Q1,2017,Q1,2017-05-04,2017-03-31,145512000.0,3008740000.0,0.0,2.22,3008740000.0,1.0,53805820000.0,7420030000.0,46934294000.0,42772000000.0,46385790000.0,0.0,5329464000.0,8171543940.0,43356655940.0,115.30200612248069,1.097313522865426,0.0671701499949262,0.487079567063745,0.0,115.30200612248069,0.01961070238260492,2.7159355544181287,14.039295625103085,1.1012817926612157,0.18129776238385836,0.0,0.0032283984756985838,0.05591848614146202,0.8579519077901431,0.002704391458024429,20.404782206995744,1.0,-0.23972602739726018,0.349067905529448,0.5001918898889036,0.4307365810381597,-0.01973024450542111,-0.23474748749664737,0.0,0.16767133145670043,0.24176885921273203,0.30185807449268465,Insurance—Reinsurance,Financial Services,RGA
2016Q4,2016,Q4,2017-02-28,2016-12-31,190149000.0,3069298000.0,0.0,2.92,3069298000.0,1.0,53097879000.0,7093082000.0,46389209000.0,42076000000.0,46004797000.0,0.0,5199130000.0,8084703330.0,10813320330.0,110.39644519151453,1.1025099581709288,0.07400173178292112,0.5539672317336808,0.0,110.39644519151453,0.026807669783036486,2.6340561685440775,10.62943182714608,1.1398011936137211,0.13850717069245697,0.0,0.0032576334498596875,0.05780453113767501,0.8552566783914821,0.0035811034937949216,20.151103503454603,1.0,-0.04885993485342017,0.3735049408655808,0.4967554151176834,0.323493480226537,0.058168081729945455,-0.04312622346126943,0.0,0.4423847970475059,0.23318780724290425,0.31403813895219435,Insurance—Reinsurance,Financial Services,RGA
2016Q3,2016,Q3,2016-11-02,2016-09-30,198719000.0,2900577000.0,0.0,3.07,2900577000.0,1.0,54832498000.0,7993482000.0,48157035000.0,43203000000.0,46839016000.0,0.0,5039470000.0,6923919240.0,9480325240.0,124.61388083434665,1.114668773001875,0.07178405404765618,0.49241356895530636,0.0,124.61388083434665,0.02486012979074701,2.387083411335055,8.710691026021667,0.8661956378959758,0.13228730015750884,0.0,0.003796693619436266,0.05289886665385918,0.8696637270559915,0.003624109921090956,16.275261126494385,1.0,-0.15659340659340668,0.5523952675634356,0.6740867056083842,0.6252283346162196,-0.045570220870345776,-0.15833767465894122,0.0,0.5913443225057937,0.3408565805976514,0.49784377724694906,Insurance—Reinsurance,Financial Services,RGA
2016Q2,2016,Q2,2016-08-03,2016-06-30,236103000.0,3039068000.0,0.0,3.64,3039068000.0,1.0,53876703000.0,7580646000.0,47164091000.0,42637000000.0,46296057000.0,0.0,4870711000.0,6219580740.0,9144013740.0,118.2148582478246,1.1061775218706758,0.07347817849952697,0.5222196103076175,0.0,118.2148582478246,0.031145498681774613,2.0465421438414673,6.5856646675391675,0.8204552408858031,0.10049427580335701,0.0,0.0038148873681154273,0.05640783178584629,0.8675693177287332,0.004382283748877507,27.535620478673952,1.0,2.1111111111111116,1.049477143962741,0.590598977008697,0.642300727191596,0.20954656749588468,2.0874437702688566,0.0,6.369318360340571,0.32354100333222013,0.45260889995619996,Insurance—Reinsurance,Financial Services,RGA
2016Q1,2016,Q1,2016-05-05,2016-03-31,76472000.0,2512568000.0,0.0,1.17,2512568000.0,1.0,52186624000.0,6718869000.0,45356843000.0,42571000000.0,45467755000.0,0.0,4668588000.0,6214670000.0,7909779000.0,104.05880621979928,1.0654399238918513,0.06126456848406212,0.47585255792306713,0.0,104.05880621979928,0.011381677481730927,2.473433554833143,20.316815304948214,0.9249577570272616,0.3140888168218433,0.0,0.0038648874356965054,0.04814582372678486,0.8375916703859435,0.001465356333454335,16.86148161010603,1.0,-0.524390243902439,-0.46080722810630226,0.24821752166581432,0.516755655691686,-0.11172452998683798,-0.5312118778620338,0.0,-0.5286546896161818,0.10464576457238246,0.11112022488470706,Insurance—Reinsurance,Financial Services,RGA
2015Q4,2015,Q4,2016-02-29,2015-12-31,163127000.0,2828591000.0,0.0,2.46,2828591000.0,1.0,50383152000.0,6135381000.0,43842986000.0,41051000000.0,44247771000.0,0.0,4620303000.0,5606519250.0,37479142250.0,93.6199130235752,1.0680126184502206,0.06344797562486762,0.5210286044175577,0.0,93.6199130235752,0.026587916871014205,1.9820890506969724,8.592261320933996,0.9138013189400951,0.14877978507543202,0.0,0.004328889087467237,0.05614160463799486,0.8321801417748654,0.003237729151999065,4.630287875484376,1.0,0.968,-0.07357579256055691,0.38953649627638554,0.3598062861172188,0.15990796486885692,0.9528216055737784,0.0,-0.17530000408116858,0.17100791104717625,0.0009337191861428504,Insurance—Reinsurance,Financial Services,RGA
2015Q3,2015,Q3,2015-11-04,2015-09-30,83534000.0,2438634000.0,0.0,1.25,2438634000.0,1.0,47606120000.0,6241066000.0,41036457000.0,38137000000.0,41365054000.0,0.0,4482709000.0,5997510950.0,34947311950.0,94.26880145004154,1.076027401211422,0.06779601026086562,0.5171400206310909,0.0,94.26880145004154,0.013384572443233255,2.4593731367642704,17.949310909330332,0.9609754086881953,0.29439509660736946,0.0,0.004100367670024846,0.0512252206228947,0.8241853842724913,0.0017546903633398395,22.092069891482918,1.0,-0.35567010309278346,-0.2677392807441203,0.40177728647170496,0.4037119473577503,-0.07288259312484317,-0.3593576243759155,0.0,-0.35568997338059405,0.10960342975616302,0.032779766630001844,Insurance—Reinsurance,Financial Services,RGA
2015Q2,2015,Q2,2015-08-05,2015-06-30,130391000.0,2630340000.0,0.0,1.94,2630340000.0,1.0,47460271000.0,6483233000.0,41259475000.0,37737000000.0,40977038000.0,0.0,4425302000.0,6294719370.0,36339031370.0,97.71115732995735,1.0933427405464133,0.06826509692706981,0.4997321552379808,0.0,97.71115732995735,0.020112033610391607,2.3931200415155454,12.06892992997983,0.9709228975728622,0.1675729153085719,0.0,0.0034711634809543542,0.05542193385284294,0.8401681373718102,0.0027473715858048935,21.853553383025332,1.0,0.07182320441988944,0.1560433759702497,0.5333017106224807,0.64339032060788,0.04353187101708989,0.042177534088910916,0.0,0.02662732162477612,0.23008939552509786,0.15293096488625904,Insurance—Reinsurance,Financial Services,RGA
2015Q1,2015,Q1,2015-05-05,2015-03-31,125114000.0,2520613000.0,0.0,1.81,2520613000.0,1.0,44691268000.0,7150025000.0,38539361000.0,34453000000.0,37541243000.0,0.0,4339028000.0,6350059790.0,34245474790.0,104.92985133766749,1.1186068266914346,0.06910153007965672,0.4319194688130461,0.0,104.92985133766749,0.017498400355243512,2.519252177942429,12.688547624566397,0.8881171450449473,0.18118675767699857,0.0,0.0035698876466799382,0.056400570241148675,0.8460553507677125,0.002799517793945788,21.547027352590877,1.0,-0.3418181818181818,0.11837735505009302,0.31356282546742587,0.8786658132287215,-0.06554428261449026,-0.34526482147249216,0.0,0.09547180552240464,0.186939601683166,0.30203265147202113,Insurance—Reinsurance,Financial Services,RGA
2014Q4,2014,Q4,2015-03-02,2014-12-31,191091000.0,2697413000.0,0.0,2.75,2697413000.0,1.0,44679611000.0,7023452000.0,38602833000.0,34559000000.0,37656159000.0,0.0,4239647000.0,6021071160.0,33051062160.0,102.20687447248174,1.1170124424896555,0.06931559901002719,0.4409504044449937,0.0,102.20687447248174,0.027207561182165125,2.232165100412877,7.877230167825801,0.8572808869484692,0.11862934413446996,0.0,0.003764944707944624,0.06037234746739402,0.8487013513122487,0.004276917272175893,5.554698660467176,1.0,0.2061403508771931,0.8449277795552382,0.5060114368796269,0.970663945935056,-0.007058486601575212,0.20946732828679207,0.0,0.2905825648119644,0.2298966205705762,0.22531238903568443,Insurance—Reinsurance,Financial Services,RGA
2014Q3,2014,Q3,2014-11-05,2014-09-30,157996000.0,2716588000.0,0.0,2.28,2716588000.0,1.0,42910363000.0,6679998000.0,25594196000.0,33433000000.0,36230365000.0,0.0,4074047000.0,5500363590.0,31698314590.0,97.31506490100958,0.7655369245954595,0.06517791518100184,0.4186839576898077,0.0,97.31506490100958,0.023652102889851166,2.024732344396721,8.703327283602116,0.8234079695832244,0.14324413276285475,0.0,0.0041146370834732405,0.0633084367056042,0.8293401728830796,0.0036820010122030427,18.376259408858107,1.0,-0.1971830985915493,0.4163685130116295,0.6181899854601918,0.8763068498061951,-0.041098192035354496,-0.20323153265824828,0.0,0.1534063371541974,0.46517888281216807,0.26919408819618884,Insurance—Reinsurance,Financial Services,RGA
2014Q2,2014,Q2,2014-08-05,2014-06-30,198296000.0,2833020000.0,0.0,2.84,2833020000.0,1.0,43171051000.0,6688959000.0,25858513000.0,33785000000.0,36482092000.0,0.0,3941777000.0,5450096400.0,6878776400.0,96.83477618854594,0.7653844309604855,0.06501572083570539,0.41961641564853364,0.0,96.83477618854594,0.029645270661697882,1.92377618230722,6.871162807116634,0.8147899247102577,0.10444487029491266,0.0,0.003800116269503049,0.06562314176692154,0.8310740861328992,0.004593263203158987,16.85838403647533,1.0,0.47916666666666663,0.3669333762252387,0.6498508990431908,1.2790053154232928,0.06617822776311516,0.4509746531639642,0.0,0.5979474667928376,0.37650214182553776,0.3452777908720368,Insurance—Reinsurance,Financial Services,RGA
2014Q1,2014,Q1,2014-05-05,2014-03-31,136664000.0,2657173000.0,0.0,1.92,2657173000.0,1.0,40541581000.0,6250546000.0,23284314000.0,31592000000.0,34291035000.0,0.0,3772776000.0,5619807620.0,7241948620.0,88.56726273131748,0.7370319701190174,0.06781366025168085,0.43984525511851286,0.0,88.56726273131748,0.02186432993213713,2.1149573701072533,10.280336482175262,0.8990906746386635,0.15544693554996195,0.0,0.0037802005756204164,0.06554191855517426,0.8056740947075209,0.003370958818798902,10.383438439992018,1.0,-0.05418719211822654,5.045525409668079,0.7882961468682665,1.6038093547024999,-0.02909279982344305,-0.05722307687001152,0.0,-0.1184065757791384,0.20771617358210473,0.29095173716587724,Insurance—Reinsurance,Financial Services,RGA
2013Q4,2013,Q4,2014-02-27,2013-12-31,144959000.0,2736794000.0,0.0,2.03,2736794000.0,1.0,39674473000.0,5935527000.0,22397783000.0,31040000000.0,33738946000.0,0.0,3659938000.0,5469016500.0,28858002500.0,84.01312101910828,0.7215780605670103,0.06803119980950975,0.4547367066142568,0.0,84.01312101910828,0.024422262757797245,1.9983296148705383,9.432005774046454,0.9214036933872931,0.14608958395132418,0.0,0.003872177017567967,0.06898123133229772,0.7915986146907217,0.003653709527534241,11.48639342196459,1.0,0.05181347150259061,14.936939265490912,1.0588602977903454,1.3343684478568403,0.14519073652144623,0.0507701786814541,0.0,-0.23635701383684796,0.24710508336234535,0.22026998731927883,Insurance—Reinsurance,Financial Services,RGA
2013Q3,2013,Q3,2013-11-05,2013-09-30,137955000.0,2389815000.0,0.0,1.93,2389815000.0,1.0,39526555000.0,5895650000.0,22712343000.0,30932000000.0,33630905000.0,0.0,3544632000.0,4747246350.0,27356193350.0,83.19551259436957,0.734266875727402,0.06828022325750373,0.45777513929761776,0.0,83.19551259436957,0.02339945553077269,1.9864493067455011,8.602889257366533,0.805211698455641,0.15436917835526076,0.0,0.004485969008117727,0.06046099894109163,0.7953605651105651,0.0034901852691184444,10.646222323388853,1.0,3.7971014492753628,3.9082620840697255,0.637074034284362,1.02995280142411,-0.07752016681579316,3.780678061759252,0.0,0.12979306315072225,0.28338120640283504,0.23882486250934823,Insurance—Reinsurance,Financial Services,RGA
2013Q2,2013,Q2,2013-08-05,2013-06-30,-49612000.0,2590642000.0,0.0,-0.69,2590642000.0,1.0,38790621000.0,5887920000.0,22257835000.0,30600000000.0,32902701000.0,0.0,3428646000.0,5023260500.000001,6472730500.000001,81.38106427090533,0.72738022875817,0.06246584709226491,0.41153565265832415,0.0,81.38106427090533,-0.008426065571543092,1.939002185558638,-25.312729279206646,0.8531468668052555,-0.35104410223333066,0.0,0.0034670708397464157,0.06678526750061568,0.7907187908496732,-0.0012789689548924725,16.19408848096818,1.0,-1.2771084337349397,-1.3852371829701702,0.35572288712615996,0.6532470643660974,-0.004021372479818169,-1.2673996820007007,0.0,-1.4033872672423626,0.38494354396291397,0.36873676413379125,Insurance—Reinsurance,Financial Services,RGA
2013Q1,2013,Q1,2013-05-07,2013-03-31,185535000.0,2601102000.0,0.0,2.49,2601102000.0,1.0,40197101000.0,6915088000.0,34213724000.0,30975000000.0,33282013000.0,0.0,3521492000.0,4358657140.0,28246561140.0,93.65215742571576,1.1045592897497982,0.05740162704768187,0.3336731217303381,0.0,93.65215742571576,0.026830461159713367,1.675696354852674,5.87309286657504,0.630311160176125,0.09568545018460128,0.0,0.004073043469530618,0.06470869628135621,0.8214967231638418,0.004615631361077507,8.806613339260098,1.0,-0.16999999999999993,3.926922706489578,0.5997886279220054,0.8913227634545311,-0.04480184730502199,-0.16796344214288597,0.0,0.5305125051946452,0.25092317485192056,0.6767497928175144,Insurance—Reinsurance,Financial Services,RGA
2012Q4,2012,Q4,2013-03-01,2012-12-31,222989000.0,2723102000.0,0.0,3.0,2723102000.0,1.0,40360438000.0,6910187000.0,23551506000.0,30983000000.0,33450251000.0,0.0,3357255000.0,3954057600.0,5161428600.0,93.53257985923119,0.7601428525320337,0.06113072905700379,0.35704721160223307,0.0,93.53257985923119,0.03226960428133131,1.452041678938211,4.433018669082331,0.5722070328921635,0.07948822587661275,0.0,0.004482736923205165,0.06746958494355289,0.8332497175870639,0.00552494004153275,8.876526486639383,1.0,0.5384615384615385,1.9322726975851046,0.5213951997511521,0.8113584946918445,0.1118872752677433,0.5434435023360443,0.0,1.0024708432505374,0.414126813951772,0.8034137512785903,Insurance—Reinsurance,Financial Services,RGA
2012Q3,2012,Q3,2012-11-06,2012-09-30,144475000.0,2449081000.0,0.0,1.95,2449081000.0,1.0,39924013000.0,6734035000.0,23262144000.0,30723000000.0,33189978000.0,0.0,3154317000.0,4243595520.0,5197733520.0,91.27677022337888,0.757157308856557,0.0617943642088284,0.3663596937051857,0.0,91.27677022337888,0.02145444744495685,1.732729754548747,7.343131199169407,0.6301712895760121,0.12248485897214051,0.0,0.004170048704359081,0.0613435578232078,0.09355225726654298,0.0036187494478573585,5.970008567581902,1.0,0.02094240837696337,0.5921078584261371,0.49832799475599376,0.8679571943073857,0.030865161487747254,0.02383938884991248,0.0,0.20504711012949897,0.3573443239671974,0.759884036171826,Insurance—Reinsurance,Financial Services,RGA
2012Q2,2012,Q2,2012-08-07,2012-06-30,141111000.0,2375753000.0,0.0,1.91,2375753000.0,1.0,38344323000.0,6247617000.0,32646778000.0,30030000000.0,32096706000.0,0.0,3033505000.0,3922534780.0,4430143780.0,84.75022382593126,1.0871387945387945,0.03690165555928579,0.22648139282545648,0.0,84.75022382593126,0.022586371731813906,1.6510701154539213,6.9493781136835535,0.6278449495223538,0.09403235750579331,0.0,0.0033827615927474325,0.06195840255153286,0.07031295371295371,0.0036801014846448063,14.880519798787565,1.0,0.1437125748502994,0.531360047749532,0.34168311750668356,0.8147153765314349,0.036100698873733905,0.14428550576558166,0.0,-0.08851841209628021,0.2964327107712623,0.9945955181074435,Insurance—Reinsurance,Financial Services,RGA
2012Q1,2012,Q1,2012-05-07,2012-03-31,123318000.0,2292975000.0,0.0,1.67,2292975000.0,1.0,32286082000.0,5929355000.0,26557886000.0,24290000000.0,26356727000.0,0.0,2906310000.0,4375505250.0,4991826250.0,80.58926265715256,1.0933670646356526,0.04382163806683016,0.2386143180835015,0.0,80.58926265715256,0.020797877678094837,1.9082219605534294,8.870370201430449,0.7379394976350716,0.10748633613908756,0.0,0.003029364437398401,0.07102054067755884,0.08566043639357761,0.003819540568595471,7.888697027882197,1.0,-0.22494496344563525,0.3516819486778187,0.41472432034782614,0.7152228726943357,-0.023525914746452523,-0.22212059471018286,0.0,4.232640014286033,0.4802442815469303,1.3692622931325091,Insurance—Reinsurance,Financial Services,RGA
2011Q4,2011,Q4,2012-02-29,2011-12-31,158531000.0,2348219000.0,0.0,2.154685694869181,2348219000.0,1.0,32104032000.0,6137105000.0,26071816000.0,23748000000.0,25966927000.0,0.0,3131934000.0,3844293750.0,4384677750.0,83.41291199456337,1.0978531244736398,0.04406574227187414,0.23051389865417,0.0,83.41291199456337,0.025831560646265624,1.637110401542616,6.062369110773288,0.6264018213799503,0.08320139278753051,0.0,0.0034310593460762464,0.07314405243553208,0.08889203301330638,0.004938040181370365,8.083804712388682,1.0,0.08822509841877832,0.6262767042535206,0.3355068594063982,0.8219027697669158,0.17710700298309645,0.07562506360891542,0.0,15.73616033265016,0.6963101588992223,1.3176911837340386,Insurance—Reinsurance,Financial Services,RGA
2011Q3,2011,Q3,2011-11-04,2011-09-30,147385000.0,1994907000.0,0.0,1.98,1994907000.0,1.0,31183454000.0,5662886000.0,25261241000.0,23281000000.0,25520568000.0,0.0,2989231000.0,3393683200.0,4205575200.0,76.67469129116118,1.0850582449207509,0.051775630755977194,0.2851095713387132,0.0,76.67469129116118,0.026026481903396962,1.7011736386708753,5.756493537334193,0.5992850995057997,0.09048410625233233,0.0,0.003929653775579288,0.06397325325154808,0.08354576693441003,0.004726384703888158,11.45883584377522,1.0,0.11235955056179772,0.6492334312898608,0.2886558864151378,0.6905733812436144,-0.0948603365643108,0.10909186683522967,0.0,4.031408665084482,0.31121135150404994,0.8708461494034369,Insurance—Reinsurance,Financial Services,RGA
2011Q2,2011,Q2,2011-08-04,2011-06-30,132888000.0,2203977000.0,0.0,1.78,2203977000.0,1.0,30659277000.0,5324525000.0,24759730000.0,22937000000.0,25334752000.0,0.0,2856009000.0,4501875060.0,5405301060.0,71.981249408552,1.0794668003662204,0.052656134063435354,0.3032005671867444,0.0,71.981249408552,0.024957719233171034,2.042614355775945,8.469303210222142,0.8454979664852733,0.0667554632472458,0.0,0.001970512260284718,0.07188613743239934,0.08203871474037581,0.004334348784545702,27.760905861894603,1.0,-0.18348623853211013,0.7273921320276573,0.4671414871321668,0.7859036311128537,-0.03437469194084388,-0.17366431200875534,0.0,0.00926281891007986,0.12810007814911406,0.4622908945740754,Insurance—Reinsurance,Financial Services,RGA
2011Q1,2011,Q1,2011-05-05,2011-03-31,160816000.0,2282435000.0,0.0,2.18,2282435000.0,1.0,29510019000.0,5022864000.0,23709318000.0,22332000000.0,24487155000.0,0.0,2738868000.0,4596312140.0,5401139140.0,68.60617649870925,1.0616746372917787,0.04312091429016023,0.2533413208082082,0.0,68.60617649870925,0.03201679360619758,2.0137757000747007,7.1452967055516865,0.9150779595067675,0.05491990846681922,0.0,0.0019215405157405171,0.07734440970708965,0.0684771628156905,0.00544953901927342,12.235689102564102,1.0,-0.18863953393793967,0.9438493805893198,0.5891573937810978,0.6876060811513834,0.0036523873535758084,-0.18247997071861402,0.0,3.306960392238439,0.4157786614681405,0.38551451341107623,Insurance—Reinsurance,Financial Services,RGA
2010Q4,2010,Q4,2011-02-28,2010-12-31,196712000.0,2274129000.0,0.0,2.6868452324040812,2274129000.0,1.0,29081908000.0,5040567000.0,23258103000.0,22015000000.0,24041341000.0,0.0,2587403000.0,3932270230.0,4685019230.0,68.84797781814704,1.056466182148535,0.041827035557639475,0.24132404152151932,0.0,68.84797781814704,0.03902576833122147,1.7291324414753957,4.997496632132254,0.7801245832066116,0.04488795803001342,0.0,0.0022455221751125683,0.07819737962172221,0.07357379059732001,0.006764067887155134,7.673306319895563,1.0,0.5621193211651635,1.4088833943979997,0.5326278414872179,0.6649982742801818,0.16291672014723307,0.5340320668787822,0.0,1.6103001867958078,0.2821295586779867,0.3333147620962178,Insurance—Reinsurance,Financial Services,RGA
2010Q3,2010,Q3,2010-11-03,2010-09-30,128232000.0,1955539000.0,0.0,1.72,1955539000.0,1.0,28934028000.0,4997809000.0,23117708000.0,21710000000.0,23936219000.0,0.0,2402167000.0,3593741800.0,12994977800.0,67.15679924751412,1.0648414555504375,0.3439279176753406,1.9911165072534784,0.0,67.15679924751412,0.025657643179241144,1.837724433007984,7.006327983654626,0.7190634536053698,0.06846185039615696,0.0,0.002442857747877157,0.06758613076616916,0.07855863657300784,0.004431875160969638,12.17945069916561,1.0,0.011764705882352951,0.595449240669416,0.42043413646880945,0.664633276147273,0.01224819178446661,0.009549752399247357,0.0,0.4008822672967283,0.18602997632069543,0.3743477775785729,Insurance—Reinsurance,Financial Services,RGA
2010Q2,2010,Q2,2010-08-04,2010-06-30,127019000.0,1931877000.0,0.0,1.7,1931877000.0,1.0,27220606000.0,4442691000.0,0.0,20552000000.0,22777915000.0,0.0,2282968000.0,3415496910.0,12769369910.0,59.45706026418276,0.0,0.361772511603893,2.216599578948885,0.0,59.45706026418276,0.028590554688588517,1.7679681004536003,6.72241339878286,0.7687901116688062,0.06909989844039081,0.0,0.002569757851135049,0.07097112386109258,0.07397041650447644,0.004666281125409184,39.17707883598491,1.0,0.03658536585365857,3.8568866882785655,0.47674971615782386,0.49403966484274925,-0.08013960674892925,0.03740638195346254,0.0,0.35992826648465626,0.07636361687094821,0.27312515098933454,Insurance—Reinsurance,Financial Services,RGA
2010Q1,2010,Q1,2010-05-05,2010-03-31,122439000.0,2100185000.0,0.0,1.64,2100185000.0,1.0,26722458000.0,4165434000.0,0.0,20332000000.0,22557024000.0,0.0,2165410000.0,3916836560.0,13086969560.0,55.85338839872348,0.0,0.35985959824504166,2.3086028970810726,0.0,55.85338839872348,0.029394055937508552,1.8649959694026954,7.997526441738335,0.9403189583606415,0.07174184696052728,0.0,0.002242626125814144,0.07859250821911667,0.07303226441078103,0.004581876412716225,4.131544673597515,1.0,0.08806163207572339,0.5488279549668934,0.6130155670757014,0.5224444456723024,0.08043378167385606,0.08922773087564163,0.0,0.3239980746425336,0.2783494544218719,0.18875649361048374,Insurance—Reinsurance,Financial Services,RGA
2009Q4,2009,Q4,2010-02-26,2009-12-31,112409000.0,1943835000.0,0.0,1.5072675587975006,1943835000.0,1.0,25249501000.0,3867927000.0,0.0,19157000000.0,21381574000.0,0.0,2055549000.0,3553641700.0,12894765700.0,51.86418246667918,0.0,0.3854369636849457,2.5160999677605083,0.0,51.86418246667918,0.02906182045317815,1.8281601576265476,7.903374507379302,0.9187458036307303,0.05850954994706829,0.0,0.0018507774714597704,0.07698508576466521,0.07742250874354022,0.00445192956486546,7.703570576937251,1.0,-0.0718532921514398,0.707700501209408,0.45626548631878366,0.4289147614817721,0.09266765637182185,-0.0490575933946941,0.0,0.1376295502339019,0.09065265569031528,0.13281619629702188,Insurance—Reinsurance,Financial Services,RGA
2009Q3,2009,Q3,2009-10-29,2009-09-30,118208000.0,1778981000.0,0.0,1.623954,1778981000.0,1.0,24162113000.0,3772676000.0,0.0,18563000000.0,20389437000.0,0.0,1952934000.0,3244204000.0,11900267000.0,51.86521858674732,0.0,0.37718443747034874,2.415678685368158,0.0,51.86521858674732,0.03133266678612211,1.8236304940862214,6.861219206821874,0.8599211806155631,0.05541080129940444,0.0,0.0020189852426049657,0.07362688023187376,0.07784156655712977,0.004892287359139493,8.919484989868607,1.0,-0.22668857142857152,1.5794850967348009,0.5939323458729092,0.5331617054985635,-0.01885376187287871,-0.22830152958303684,0.0,0.34303768660569484,0.16680452168915258,0.14355801736686322,Insurance—Reinsurance,Financial Services,RGA
2009Q2,2009,Q2,2009-07-31,2009-06-30,153179000.0,1813166000.0,0.0,2.1,1813166000.0,1.0,22649349000.0,3099173000.0,0.0,17724000000.0,19550176000.0,0.0,1841497000.0,2546300489.9999995,11304802490.0,42.48992994145793,0.0,0.4027266302444278,2.9432032351856448,0.0,42.48992994145793,0.04942576616407022,1.404339420659774,4.155759748398931,0.8216064382336835,0.04274737398729591,0.0,0.002571573946482648,0.08005377991217319,0.06852533288196795,0.006763064139282767,13.636122839149152,1.0,5.5625,1.000092697115679,0.5842116689346188,0.35224984639554724,0.18442554414569778,5.5770287677114645,0.0,1.0193243720143417,0.22406418699394476,0.05420398772857258,Insurance—Reinsurance,Financial Services,RGA
2009Q1,2009,Q1,2009-05-05,2009-03-31,23290000.0,1530840000.0,0.0,0.32,1530840000.0,1.0,21634314000.0,2473194000.0,0.0,17234000000.0,19161120000.0,0.0,1691292000.0,2355076900.0,11204507900.0,34.01449594278641,0.0,0.4336361670631202,3.793241047811049,0.0,34.01449594278641,0.00941697254643186,1.5384213242402864,25.279915199656507,0.9522410696451633,0.2806784027479605,0.0,0.002775705540655594,0.07075981239802658,0.07535923175118951,0.0010765305523438367,6.681353532774445,1.0,1.4855464159811984,-0.6764509362373652,0.34662178591734366,0.029269221130502673,0.11900645816810243,1.4879820531994445,0.0,-0.7165366588546971,0.07322888896119598,-0.16329588486212482,Insurance—Reinsurance,Financial Services,RGA
2008Q4,2008,Q4,2009-03-02,2008-12-31,9361000.0,1368035000.0,0.0,0.1287443267776097,1368035000.0,1.0,21658818000.0,2616808000.0,0.0,17115000000.0,19042010000.0,0.0,1682087000.0,3113442200.0,3214408200.0,35.989657543666624,0.0,0.04239594238245134,0.3509030849798686,0.0,35.989657543666624,0.0035772590117425507,2.275849813784004,83.14929494712104,1.189786258678512,0.6975750454011324,0.0,0.0020973570667218422,0.0631629574614829,0.0919521472392638,0.00043220271761829293,11.890719452485888,1.0,-0.6781391830559758,-0.8568554564985317,0.07262288075878268,0.1523248189109849,0.04406641252542366,-0.6289440304423656,0.0,-0.8845746427232648,-0.07164756439632822,-0.12963721519290372,Insurance—Reinsurance,Financial Services,RGA
2008Q3,2008,Q3,2008-11-03,2008-09-30,25228000.0,1310295000.0,0.0,0.4,1310295000.0,1.0,21844347000.0,2606867000.0,0.0,17305000000.0,19237480000.0,0.0,1679568000.0,3016243812.786,3621982812.786,40.983964029116294,0.0,0.04660217126197455,0.39050477066915956,0.0,40.983964029116294,0.009677517111536568,2.3019578131535265,29.88984276187173,1.1570378591566044,0.22233232915807832,0.0,0.0018595976811367782,0.05998325333323079,0.06563969950881249,0.0011548983359401862,30.524458202137346,1.0,-0.7687861271676301,-0.5278297502732486,0.4370294729930724,0.4109970360655316,-0.20230718748135584,-0.7721089049881664,0.0,-0.6327564718747022,0.11354675323160089,0.015880314066862047,Insurance—Reinsurance,Financial Services,RGA
2008Q2,2008,Q2,2008-08-01,2008-06-30,110702000.0,1642606000.0,0.0,1.73,1642606000.0,1.0,22410167000.0,3061407000.0,0.0,17414000000.0,19348760000.0,0.0,1660041000.0,2706601715.2000003,3317088715.2000003,49.22498640704327,0.0,0.04132477013669733,0.3025063312391982,0.0,49.22498640704327,0.03616049744447569,1.6477485868187505,6.112359567126159,0.8841038500271281,0.050631424906505754,0.0,0.0020708625020529952,0.0732973565078743,0.06949431491903066,0.004939811470391988,15.221447657396734,1.0,2.5306122448979593,1.0697674236068875,0.8296358113070632,0.6913451363886064,0.20756145668460677,2.51379146167275,0.0,4.085714295242897,0.5085789322161982,0.23692765613861252,Insurance—Reinsurance,Financial Services,RGA
2008Q1,2008,Q1,2008-05-02,2008-03-31,31505000.0,1360267000.0,0.0,0.49,1360267000.0,1.0,21812508000.0,3058873000.0,0.0,16819000000.0,18753635000.0,0.0,1556127000.0,3363004324.4,4031150324.4,49.51675051732503,0.0,0.042447801050663224,0.30269089301844176,0.0,49.51675051732503,0.010299544963128578,2.472311924350146,26.686274594508806,1.0994259403381572,0.177273448658943,0.0,0.0016607174601229306,0.06236178801630697,0.06596087757892859,0.0014443547711248978,17.839452162427392,1.0,-0.5239595209637342,-0.22727272830941095,0.671467620653154,0.9656832832312471,-0.09109211242854613,-0.504529298902274,0.0,-0.5188679233084913,0.26126571912991453,0.3497211888861078,Insurance—Reinsurance,Financial Services,RGA
2007Q4,2007,Q4,2008-02-28,2007-12-31,63586000.0,1496595000.0,0.0,1.0293242309813546,1496595000.0,1.0,21598009000.0,3189832000.0,0.0,16503000000.0,18408177000.0,0.0,1540122000.0,3241926284.7999997,3763413284.7999997,51.636702581695914,0.0,0.042866821659348325,0.2902466336785135,0.0,51.636702581695914,0.01993396517434147,2.166201467197204,12.746226703991443,1.0163313568865069,0.0877551662315604,0.0,0.001721198913794624,0.06929319271975486,0.07281863903532691,0.002944067668459625,9.099582018233258,1.0,-0.13502165463751709,0.5294527643471721,0.6826077932132972,1.0954825441058647,0.08579444419051599,-0.16903856457704422,0.0,0.16620137870956644,0.3535891744451061,0.42264744268615434,Insurance—Reinsurance,Financial Services,RGA
2007Q3,2007,Q3,2007-11-02,2007-09-30,76521000.0,1378341000.0,0.0,1.19,1378341000.0,1.0,21099347000.0,3039967000.0,0.0,16154000000.0,18059380000.0,0.0,1482970000.0,3616394895.3500004,4092069895.3500004,48.86448709935407,0.0,0.04392088532408136,0.3048394933234473,0.0,48.86448709935407,0.0251716548238846,2.6237301911138102,11.815040627246116,1.189616497596849,0.07290809058951138,0.0,0.0015426965697727146,0.06532623971727655,0.08007954686145846,0.0036266999163528614,40.198244801809615,1.0,-0.008333333333333342,0.8088235458822883,0.9891709595092121,1.0445018358489648,-0.07417838546564426,-0.012313649564375605,0.0,0.9523809552169178,0.44395287949661955,0.44445858748778494,Insurance—Reinsurance,Financial Services,RGA
2007Q2,2007,Q2,2007-08-03,2007-06-30,77475000.0,1488776000.0,0.0,1.2,1488776000.0,1.0,20334435000.0,2894569000.0,0.0,15522000000.0,17439866000.0,0.0,1412105000.0,3733675200.0,4257577200.0,46.701661826395615,0.0,0.046167498629787355,0.3243280778589144,0.0,46.701661826395615,0.02676564282972698,2.5078824484005655,12.048,1.2898898592502026,0.07185543723781865,0.0,0.0014910241790716022,0.07321452501630854,0.07687946140961216,0.0038100394724515335,16.725162943418876,1.0,0.008403361344537823,1.1929824694306796,1.1210710956804946,1.1145007824557205,0.09901236408840962,0.016038923569217857,0.0,0.190476185010025,0.5307815993161608,0.4862889893716157,Insurance—Reinsurance,Financial Services,RGA
2007Q1,2007,Q1,2007-05-07,2007-03-31,76252000.0,1354649000.0,0.0,1.19,1354649000.0,1.0,19825895000.0,2889257000.0,0.0,14984000000.0,16936638000.0,0.0,1343795000.0,3549407590.56,4207849590.56,46.98471781137104,0.0,0.04911072110489842,0.33699459757300926,0.0,46.98471781137104,0.026391560183119743,2.620167726518087,11.637096700938992,1.2284845517584624,0.07252268792949693,0.0,0.0015580064726033666,0.06832725584393542,0.07301741857981847,0.0038460810974737837,12.32707126083574,1.0,-0.10183221493973546,1.2142857346010916,0.9506935038856414,1.343465135527074,-0.07820356225439327,-0.06409406681886246,0.0,0.2525252551350647,0.40898772244233406,0.42174454056557054,Insurance—Reinsurance,Financial Services,RGA
