Quarters,Year,Quarter,FillingDate,Date,NetIncome,Revenue,OperatingIncome,EPSDiluted,GrossProfit,GrossProfitRatio,TotalAssets,CommonStockEquity,CurrentAssets,CurrentLiability,TotalLiability,Inventory,RetainedEarnings,MarketCap,EnterpriseValue,bookValuePerShare,currentRatio,debtToAssets,debtToEquity,roic,shareholdersEquityPerShare,roe,priceToSalesRatio,peRatio,pbRatio,payoutRatio,inventoryTurnover,dividendYield,assetTurnover,quickRatio,returnOnAssets,priceToFreeCashFlowsRatio,grossProfitMargin,epsdilutedGrowth,fiveYNetIncomeGrowthPerShare,fiveYRevenueGrowthPerShare,fiveYShareholdersEquityGrowthPerShare,grossProfitGrowth,netIncomeGrowth,operatingIncomeGrowth,threeYNetIncomeGrowthPerShare,threeYRevenueGrowthPerShare,threeYShareholdersEquityGrowthPerShare,Industry,Sector,Symbol
2023Q1,2023,Q1,2023-03-31,2023-03-31,121521000.0,867265000.0,193212000.0,3.07,365751000.0,0.4217292292,4866964000.0,1604043000.0,1358383000.0,1225644000.0,3262921000.0,101680000.0,1839141000.0,3653848344.0499997,5122619344.049999,40.541740406720315,1.1083014317371114,0.35157132865581087,1.0667326249982076,0.046454021747030595,40.541740406720315,0.07575919099425639,4.213070219656045,7.516907250701524,2.27789924836803,0.0,4.932277734067664,0.0,0.17819425004992845,0.9650037041751112,0.02496854301778275,17.962178282510482,0.4217292292436568,0.3766816143497757,-0.04488967155882755,0.3010085360917262,-0.21883970379618994,-0.06944953288148012,0.37654055278658816,-0.12039224791379287,0.7575567348985845,0.5645665694196004,-0.12828669205923046,Airlines,Industrials,CPA
2022Q4,2022,Q4,2022-12-31,2022-12-31,88280000.0,890612000.0,219657000.0,2.23,393048000.0,0.4413234944,4690362000.0,1492110000.0,1235825000.0,1193571000.0,3198252000.0,93332000.0,1715838000.0,3289712085.07,4849964085.07,37.723297811747365,1.0354013292883288,0.3587518404762788,1.1277157850292538,0.0511658542989836,37.723297811747365,0.05916453880746057,3.6937657308345275,9.316130734792706,2.204738313576077,0.0,5.3311190159859425,0.0,0.18988129274456855,0.9072640002144824,0.018821574965855514,15.295864106299287,0.4413234944060938,-0.2389078498293516,0.0013464304433439852,0.4274450807282169,-0.24196231879207275,0.26775772979737705,-0.2385651075134338,0.5286654789410684,33.76001407781063,0.4028524813325428,-0.17167083133008545,Airlines,Industrials,CPA
2022Q3,2022,Q3,2022-09-30,2022-09-30,115939000.0,809445000.0,143692000.0,2.93,310034000.0,0.3830204646,4622529000.0,1395570000.0,1275796000.0,1374881000.0,3226959000.0,91986000.0,1627641000.0,2652857817.84,4171363817.84,35.25147298551536,0.9279319446555738,0.3714957764461835,1.2305007989566987,0.03929597745725127,35.25147298551536,0.08307644904949232,3.2773787197894855,5.720374114491241,1.9009134746662657,0.0,5.429206618398452,0.0,0.1751086905025366,0.806823281433084,0.025081292080590515,12.30236701249316,0.38302046463935163,-0.026578073089700876,0.19714286319692415,0.3201014985875245,-0.2677549987755015,0.5601078872417298,-0.0655807730745672,2.4001088474006766,0.1966673165697962,0.2266216595519604,-0.23901495557352442,Airlines,Industrials,CPA
2022Q2,2022,Q2,2022-06-30,2022-06-30,124076000.0,693395000.0,42261000.0,3.01,198726000.0,0.2865985477,4412774000.0,1296670000.0,1247314000.0,1284295000.0,3116104000.0,88980000.0,1511703000.0,2611575289.7999997,4124086289.7999997,31.46375990802576,0.9712052137554067,0.3731521260776101,1.2698959642777268,0.013185282951187923,31.46375990802576,0.09568818589155298,3.7663601407567113,5.262047635723266,2.014063169349179,0.0,5.5593279388626655,0.0,0.15713358535923208,0.8505413475875869,0.028117460808099397,16.47712757843997,0.2865985477253225,5.404255319148937,1.0272673878474428,0.23461022521964878,-0.3220620409553998,0.05532986028134907,5.279467584391923,-0.0561263233126368,1.5142569371822503,0.10790309918387357,-0.29303057283920125,Airlines,Industrials,CPA
2022Q1,2022,Q1,2022-03-31,2022-03-31,19759000.0,571582000.0,44774000.0,0.47,188307000.0,0.329448793,4395642000.0,1292520000.0,1285225000.0,1168709000.0,3103122000.0,80690000.0,1387625000.0,3513383680.08,4906086680.08,30.769873900461224,1.0996963315932367,0.37348742231510207,1.270167579611921,0.014025804711027335,30.769873900461224,0.015287190913873674,6.146771032117877,44.45295409787945,2.7182431839197845,0.0,4.749969017226422,0.0,0.13003379256090464,0.982002363291461,0.004495134044128253,20.748002079179855,0.32944879299907975,-0.8309352517985611,-0.8050869072296771,-0.0645953730435495,-0.32254702780973155,-0.3575157288496445,-0.8329204048672005,-0.7224040869974953,-0.7765774852158684,-0.1400956893084404,-0.29982662229109086,Airlines,Industrials,CPA
2021Q4,2021,Q4,2021-12-31,2021-12-31,118261000.0,574995000.0,161292000.0,2.78,293092000.0,0.5097296498,4248261000.0,1299397000.0,1238789000.0,1053101000.0,2948864000.0,74778000.0,1367866000.0,3515780755.7599998,4908983755.76,30.55029977168806,1.1763249678805736,0.3776331068171188,1.2346372971462918,0.04756684415721426,30.55029977168806,0.09101221566618978,6.114454483534639,7.432248915026932,2.7057017645569443,0.0,3.7698654684532884,0.0,0.13534832252538156,1.0584568811538495,0.027837508100373307,14.406989037384287,0.5097296498230419,13.63157894736842,0.30150155375944643,-0.047138221344565585,-0.29716858621744,0.6843786995850718,13.348580441640378,1.7332994407727504,1.7576793011320526,-0.12489924473209839,-0.29513923290016525,Airlines,Industrials,CPA
2021Q3,2021,Q3,2021-09-30,2021-09-30,8242000.0,444999000.0,59010000.0,0.19,174006000.0,0.39102559781033214,4176018000.0,1214244000.0,1430633000.0,1043943000.0,2961774000.0,71419000.0,1249607000.0,3470789861.5,4785452861.5,28.470515549245675,1.3704129440017319,0.3843120408005904,1.321722816830884,0.02374972269742067,28.470515549245675,0.006787762591373727,7.799545305719788,105.2775376577287,2.858395727300279,0.0,3.794410451000434,0.0,0.10656060390544293,1.2486055273132728,0.0019736504967172077,30.557300489509874,0.39102559781033214,-0.7121212121212122,-0.8893733738945319,-0.22305175335803312,-0.31926708169912543,0.8466093600764087,-0.7064082926655505,5.7548076923076925,-0.857851905024174,-0.3409909258149528,-0.45971912677677157,Airlines,Industrials,CPA
2021Q2,2021,Q2,2021-06-30,2021-06-30,28073000.0,304258000.0,8736000.0,0.66,94230000.0,0.309704264144246,4122088000.0,1204216000.0,1440339000.0,1015879000.0,2917872000.0,70867000.0,1241365000.0,3212869321.35,4584643321.35,28.23444784299023,1.4178253512475403,0.3950759906144653,1.3523636955496356,0.0029028433352175746,28.23444784299023,0.023312262916287442,10.559687243556455,28.611738337103265,2.668017466426289,0.0,2.9636925508346623,0.0,0.07381162168299173,1.2676539233511077,0.006810383475558989,21.33931975312332,0.309704264144246,1.2538461538461538,-0.49159215013159796,-0.39234716400126385,-0.3070689937317538,19.963574159790703,1.2535197276331356,1.1133353225827376,-0.44002793856076394,-0.5224867204416246,-0.4594157588710749,Airlines,Industrials,CPA
2021Q1,2021,Q1,2021-03-31,2021-03-31,-110733000.0,185677000.0,-77081000.0,-2.6,-4969000.0,-0.026761526737291104,4067878000.0,1174174000.0,1400679000.0,936033000.0,2893704000.0,72992000.0,1213292000.0,3439309716.57,4919633716.57,27.581557137170172,1.4963991654140398,0.4115474947872085,1.425789533748831,-0.025277033718774326,27.581557137170172,-0.09430714698162282,18.523078876597534,-7.7648707173335865,2.9291312161315104,0.0,2.6118752740026303,0.0,0.04564468255930979,1.2411229091282039,-0.027221317846798748,-3855.7283818049327,-0.026761526737291104,0.34508816120906805,-1.948694842037557,-0.6703069600794583,-0.30967385988382984,0.8711358921161826,0.3753109821111243,0.1891075880787317,-1.8088709013612485,-0.7411272269377888,-0.4685571678254173,Airlines,Industrials,CPA
2020Q4,2020,Q4,2020-12-31,2020-12-31,-177261000.0,158636000.0,-95057000.0,-3.97,-38560000.0,-0.24307219042335915,3853384000.0,1283558000.0,1219371000.0,813388000.0,2569826000.0,74319000.0,1324022000.0,3283091552.79,4558436552.79,30.193853185653367,1.499125878424565,0.36186634916219096,1.0863630626742227,-0.02971081048654906,30.193853185653367,-0.1381012778542146,20.69575350355531,-4.6303072204122735,2.5578053759861263,0.0,2.6533726234206596,0.0,0.041167970801768004,1.18144477174485,-0.04600138475687863,163.4110573286546,-0.24307219042335915,-0.4280575539568347,0.558125784204026,-0.6967173750673666,-0.17667583914531107,0.5534039053994579,-0.5014865700466724,0.11133444272011667,-2.8708090167856626,-0.7634260907938631,-0.39326411572485276,Airlines,Industrials,CPA
2020Q3,2020,Q3,2020-09-30,2020-09-30,-118057000.0,32382000.0,-106966000.0,-2.78,-86342000.0,-2.666357853128281,3888280000.0,1475157000.0,1171962000.0,800525000.0,2413123000.0,77481000.0,1501390000.0,2139951336.0600002,3408143336.0600004,34.7014449014171,1.4639917554105117,0.38331987408314216,1.0103704215890241,-0.03329513164830804,34.7014449014171,-0.08003012560696929,66.08459440615157,-4.53160620729817,1.4506600558855771,0.0,1.5322982408590493,0.0,0.008328103943131668,1.1288766746822398,-0.030362268149413108,-114.64434458694954,-2.666357853128281,0.6938325991189428,-20.68110523735084,-0.9387114462554503,-0.2755507088602522,0.7437124326570593,0.6941671113782258,0.7011079287460705,-2.1352508710881577,-0.9508178717491197,-0.2791802040507401,Airlines,Industrials,CPA
2020Q2,2020,Q2,2020-09-28,2020-06-30,-386018000.0,14532000.0,-357875000.0,-9.08,-336895000.0,-23.182975502339666,4086199000.0,1591764000.0,1345384000.0,830087000.0,2494435000.0,76577000.0,1619447000.0,2149396911.36,3437846911.36,37.44286939962043,1.620774689881904,0.39052111754713853,1.002502255359463,-0.09974863121301328,37.44286939962043,-0.24250956800128662,147.90785241948802,-1.392031531793854,1.3503238616779873,0.0,4.589197800906278,0.0,0.0035563613030104506,1.2990554002170858,-0.09446872264419819,-13.188749670863707,-23.182975502339666,-6.188571428571429,-7.238565922576741,-0.9720377341428362,-0.23567224906040507,-2.447143470790378,-6.1972856892814345,-4.626364161439703,-7.114206390426548,-0.974916747991977,-0.19323238749106836,Airlines,Industrials,CPA
2020Q1,2020,Q1,2020-04-08,2020-03-31,74273000.0,595452000.0,98687000.0,1.75,232800000.0,0.39096350335543417,4393526000.0,1976657000.0,1314320000.0,1067526000.0,2416869000.0,74454000.0,2005487000.0,1924885598.02,3051580598.02,46.50811228578262,1.2311831280924306,0.3338141164977742,0.7419704076124487,0.02361933034460881,46.50811228578262,0.03757505728105584,3.2326461209635706,6.479089299005023,0.9738086061567587,0.0,4.870819566443711,0.0,0.1355294130500195,0.9965499669328897,0.01690510082334781,18.101237521346622,0.39096350335543417,28.166666666666668,-0.31907661529894554,-0.022639074285439792,-0.03846246000906015,-0.11369321145345937,26.22617302052786,4.542967872388227,-0.27587094985196303,-0.03688824973403468,0.023958011686551105,Airlines,Industrials,CPA
2019Q4,2019,Q4,2020-01-13,2019-12-31,2728000.0,681928000.0,17804000.0,0.06,262663000.0,0.3851770274867728,4357378000.0,1934906000.0,1234443000.0,997633000.0,2422472000.0,69100000.0,1965179000.0,4591964373.36,5793217373.36,45.54143357322713,1.2373718591907044,0.3121108611646729,0.7028687698523856,0.0016142379152621822,45.54143357322713,0.0014098876121113894,6.733796490773219,420.81784946480934,2.373223491663161,0.0,6.067510853835022,0.0,0.15649961972544038,0.9961117966226057,0.0006260645736954654,63.210147473501635,0.3851770274867728,-0.9755102040816326,-0.9207249295669421,0.06109019358122806,-0.026562183217718235,-0.08638003179163609,-0.9737636807786263,-0.86601041572594,-0.9699447240588362,0.13129943785832415,0.047713128288795294,Airlines,Industrials,CPA
2019Q3,2019,Q3,2019-10-10,2019-09-30,103978000.0,708210000.0,132876000.0,2.45,287497000.0,0.4059488004970277,4416912000.0,1968162000.0,1069057000.0,1028490000.0,2448750000.0,93081000.0,1996985000.0,4195626306.25,5402736306.25,46.3234767144248,1.0394432614804228,0.32429874083975413,0.7277851111849533,0.031833883421332226,46.3234767144248,0.052830000782455915,5.924268657954562,10.087774111470695,2.1317484568089413,0.0,4.519859047496267,0.0,0.1603405274997555,0.8774727999299945,0.023540881049928096,19.263311538126022,0.4059488004970277,1.041666666666667,0.6469765647327198,0.11520084222785792,-0.028358510204649315,0.2377333959023063,1.0441552313922857,0.6086488057045314,0.40093974363635176,0.24121224059628804,0.10759903294018475,Airlines,Industrials,CPA
2019Q2,2019,Q2,2019-07-11,2019-06-30,50866000.0,645102000.0,82601000.0,1.2,232277000.0,0.36006243973821195,4521085000.0,1890507000.0,1087474000.0,1136501000.0,2630578000.0,93496000.0,1920695000.0,4108937082.9500003,5477885082.950001,44.50512101263665,0.9568614545873695,0.3528108849977384,0.8437355693472703,0.015471945848252363,44.50512101263665,0.02690600986931019,6.369437829909069,20.194909580810364,2.1734577459644426,0.0,4.415429537092496,0.0,0.1426874301190975,0.8020256911344557,0.011250839123794399,21.963294613859166,0.36006243973821195,-0.4312796208530806,-0.550001621956469,0.001265846715317535,-0.05437592117600257,-0.12854404045936993,-0.43122630855072625,-0.2681952282653956,-0.07507227143254144,0.2935961132322389,0.09224655140662787,Airlines,Industrials,CPA
2019Q1,2019,Q1,2019-04-12,2019-03-31,89431000.0,672169000.0,112873000.0,2.11,266539000.0,0.39653569266062555,4614775000.0,1866731000.0,1161300000.0,1222652000.0,2748044000.0,91082000.0,1897036000.0,3538397491.2999997,5054257491.299999,43.9460780430494,0.9498205540088267,0.3744769788342877,0.9257504161017308,0.02596451938307145,43.9460780430494,0.047907813177153,5.264148586590574,9.891417660822311,1.895504757407468,0.0,4.453459519992974,0.0,0.14565585537756445,0.7588618838393918,0.019379276346084044,24.561800149242334,0.39653569266062555,1.5749318801089918,-0.3823611168505677,-0.015379124135942083,-0.0296861208413544,0.18361302183479802,1.5738421262015065,1.8931521807938216,-0.23212660290379097,0.1961405377314771,0.09990622638990038,Airlines,Industrials,CPA
2018Q4,2018,Q4,2019-01-18,2018-12-31,-155846000.0,656063000.0,-126376000.0,-3.67,225191000.0,0.3432459992409266,4087250000.0,1840679000.0,1064069000.0,1047152000.0,2246571000.0,86530000.0,1872700000.0,3342687921.4199996,4473777921.42,43.3423183664881,1.0161552477577276,0.3149423206312313,0.6993332351811479,-0.04149055078479663,43.3423183664881,-0.08466766883307736,5.095071542550029,-5.362165088324371,1.8160080717061475,0.0,4.979452213105281,0.0,0.16051452688237813,0.8126289211117392,-0.03812979387118478,-14.71020402321815,0.3432459992409266,-3.6985294117647056,-2.4295728509963355,-0.017467216333699666,0.011354542609562973,-0.13977660801735795,-3.6992396556800666,-2.7010714478005706,0.6111230833972522,0.25551632596149865,0.1818557134516782,Airlines,Industrials,CPA
2018Q3,2018,Q3,2018-10-15,2018-09-30,57737000.0,672404000.0,74292000.0,1.36,261782000.0,0.3893224906455048,4365351000.0,2237943000.0,1051512000.0,1031328000.0,2127408000.0,93294000.0,2271489000.0,3267149555.4600005,4284100555.4600005,52.695767998217626,1.0195708833659127,0.2720702184085541,0.5307025245951305,0.01813790470228229,52.695767998217626,0.025799137869016324,4.858908566070399,14.146689105166532,1.4598895304572101,0.0,4.401376294295453,0.0,0.15403205836140096,0.8428569766359489,0.013226198763856561,105.49401212334519,0.3893224906455048,0.15254237288135608,-0.5211915125710134,0.03746121388817891,0.2857316772081938,0.11895124234354763,0.1571932496893414,0.3016329105052912,8.634503935199747,0.27386497443332014,0.10011015048005693,Airlines,Industrials,CPA
2018Q2,2018,Q2,2018-07-13,2018-06-30,49894000.0,634136000.0,57076000.0,1.18,233953000.0,0.3689319010433093,4399316000.0,2217006000.0,1137311000.0,1088804000.0,2182310000.0,87375000.0,2252415000.0,4016371663.32,4953741663.32,52.229505958270316,1.0445507180355693,0.264290857942462,0.5244455811125455,0.014721301082075432,52.229505958270316,0.022505126282923907,6.333612447992229,20.124522303884238,1.811619663329734,0.0,4.580062947067239,0.0,0.14414422605695976,0.8902144003879486,0.011341308512505126,32.89546388730087,0.3689319010433093,-0.6335403726708074,-0.29911995290565757,0.12013338595428535,0.3443364317937337,-0.2895337007850104,-0.6344038747591099,-0.6019693715305866,-0.19242263185470412,0.22204721259104424,0.06616991330732822,Airlines,Industrials,CPA
2018Q1,2018,Q1,2018-04-06,2018-03-31,136473000.0,715024000.0,143396000.0,3.22,329295000.0,0.46053698896820244,4330005000.0,2202545000.0,1145323000.0,1062347000.0,2127460000.0,84849000.0,2239406000.0,5458896155.24,6405267155.24,51.8993868527884,1.0781063061316123,0.2639615889589042,0.518924698473811,0.03944459008856168,51.8993868527884,0.061961503624216534,7.63456353246884,9.999956319638317,2.4784493189651062,0.0,4.546064184610308,0.0,0.1651323728263593,0.9385756254783042,0.03151797746191979,37.64262720912432,0.46053698896820244,0.35294117647058837,0.2539628803333403,0.1661835865499519,0.39310047038716345,0.11251317603178464,0.44307451544342347,0.2565700114794465,0.253008626432197,0.17535449477034298,0.07300009200165997,Airlines,Industrials,CPA
2017Q4,2017,Q4,2018-01-16,2017-12-31,94571000.0,669282000.0,114117000.0,2.38,295992000.0,0.4422530413189059,4252931000.0,2111495000.0,1198488000.0,1058392000.0,2141436000.0,81825000.0,2150322000.0,5688141803.26,6623930803.26,49.764409800361875,1.132366835728161,0.2761815322186041,0.556279318681787,0.031342951845001125,49.764409800361875,0.04478864501218331,8.498871631479705,15.036696776125874,2.693893096246972,0.0,4.56205316223648,0.0,0.15736958817342675,1.0109524637374432,0.022236664549695258,-49.40367741853113,0.4422530413189059,-0.028571428571428685,0.1426852422888487,0.16781911529729657,0.4382915003506168,-0.003370449808581347,-0.08887625727388339,-0.042063998388288226,1.7518973259359247,0.04280930389536432,0.06370297613998323,Airlines,Industrials,CPA
2017Q3,2017,Q3,2017-10-12,2017-09-30,103796000.0,657169000.0,119128000.0,2.45,296993000.0,0.45192789069478323,4183310000.0,2042642000.0,1085130000.0,1036004000.0,2140668000.0,78952000.0,2081270000.0,5283788099.7300005,6214004099.7300005,48.141636920110074,1.0474187358349967,0.28202762883936405,0.5775897097974094,0.03245985538303185,48.141636920110074,0.05081458229097414,8.040227247070389,12.726376979194766,2.5867421211010053,0.0,4.561961698247036,0.0,0.15709306745137225,0.9238873595082644,0.024811931221927135,27.476797190483623,0.45192789069478323,0.644295302013423,-0.02936137880657354,0.16485616821843077,0.3818248799980071,0.1653365037511379,0.6476340143181422,0.4359691417550627,0.6463223285722787,0.03623055446185714,0.009777657808589515,Airlines,Industrials,CPA
2017Q2,2017,Q2,2017-07-19,2017-06-30,62997000.0,578088000.0,82960000.0,1.49,254856000.0,0.44086021505376344,4080428000.0,1968714000.0,1212783000.0,981893000.0,2111714000.0,79482000.0,2009253000.0,4963040550.0,5894376550.0,46.41097240279449,1.2351478216058165,0.28795533213672686,0.5968266594335185,0.022049031362014464,46.41097240279449,0.03199906131616883,8.585268246356955,19.695543240154294,2.5209555831878068,0.0,4.066732090284593,0.0,0.14167337347944872,1.0991859601809972,0.015438821613811101,25.132500569692365,0.44086021505376344,-0.38174273858921165,1.0580588063069087,0.17177904018023749,0.43632198948966866,-0.11996325928790699,-0.3842778114432043,-0.29411364293858383,-0.4419031497773739,-0.10149331989737108,-0.013881278667745422,Airlines,Industrials,CPA
2017Q1,2017,Q1,2017-04-12,2017-03-31,102314000.0,616723000.0,117526000.0,2.41,289597000.0,0.46957386055003625,3947775000.0,1925614000.0,1130846000.0,850945000.0,2022161000.0,78053000.0,1967862000.0,4758926754.0,5663445754.0,45.41994081298272,1.3289296017956507,0.29748782542064833,0.6098911827604079,0.0342397387564272,45.41994081298272,0.0531331824550507,7.716473609708086,11.628239424712161,2.4713814679369803,0.0,4.191075294991864,0.0,0.15622040263186227,1.1500813801126983,0.025916877228312152,35.848249020730385,0.46957386055003625,0.06637168141592936,0.1154848317043631,0.18731002885824177,0.34998971168455695,0.17885768483955403,0.12999204806502915,0.6642970431630225,-0.292020712716743,-0.09485188425113368,0.0028562484740730894,Airlines,Industrials,CPA
2016Q4,2016,Q4,2017-01-12,2016-12-31,90544000.0,601308000.0,70616000.0,2.26,245659000.0,0.40854104718380596,3846113000.0,1842271000.0,1069391000.0,898436000.0,2003842000.0,74502000.0,1887091000.0,3849625818.31,4702070818.309999,43.46746484661203,1.1902806655120677,0.30787758966000217,0.6427566845485816,0.02135867374723807,43.46746484661203,0.049148035223916565,6.402086481985937,10.62915769766633,2.0896088677018745,0.0,4.773683927948243,0.0,0.1563417403492825,1.041335164663927,0.023541690012747935,64.73223168505129,0.40854104718380596,0.2914285714285713,-0.09110491422776669,0.25379524858800606,0.3892139275829588,0.1805420731414292,0.22327001540165906,-0.08517832389786374,-0.16776299226727076,-0.09764962734141518,0.014274724684151667,Airlines,Industrials,CPA
2016Q3,2016,Q3,2016-10-11,2016-09-30,74018000.0,569025000.0,77191000.0,1.75,208090000.0,0.36569570756996617,3812343000.0,1772122000.0,1031412000.0,935250000.0,2040221000.0,70379000.0,1818133000.0,3725736282.8100004,4717484282.81,41.8233271578944,1.1028195669607057,0.3183215676029151,0.6848010464290833,0.022079180723536942,41.8233271578944,0.04176800468590763,6.547579250138395,12.583885956152558,2.1024152303340293,0.0,5.128447406186504,0.0,0.1492586055347066,0.9333119486768244,0.019415356907812334,31.634893250660173,0.36569570756996617,0.3565891472868217,0.10078655466029071,0.24820205343403573,0.48412868615460075,0.2883792635886895,0.35745593925944946,1.2581692654243337,-0.38476190821006173,-0.12002330010739469,0.020453418099256,Airlines,Industrials,CPA
2016Q2,2016,Q2,2016-08-03,2016-06-30,54527000.0,494449000.0,34183000.0,1.29,161513000.0,0.3266524960107109,3790040000.0,1716127000.0,1010605000.0,930152000.0,2073913000.0,68698000.0,1765765000.0,2201048059.86,3243538059.86,40.74640561265368,1.0864944654207054,0.32984005445852815,0.7284466709048922,0.010420924767982391,40.74640561265368,0.031773289505963136,4.451516859898595,10.091551249197645,1.2825671176200828,0.0,4.846371073393694,0.0,0.1304601006849532,0.9318530734761631,0.014386919399267555,14.860399418424873,0.3266524960107109,-0.5291970802919709,0.39043176096897236,0.21416769585636125,0.5300692559859919,-0.28292613623750773,-0.5277207570048937,-0.6367027664707571,-0.22803464798067763,-0.11976290575401709,0.048772653019156745,Airlines,Industrials,CPA
2016Q1,2016,Q1,2016-04-11,2016-03-31,115455000.0,557071000.0,94091000.0,2.74,225239000.0,0.4043272760563734,3736050000.0,1682443000.0,962541000.0,928076000.0,2053607000.0,62984000.0,1732725000.0,2852891118.5,3893444118.5,39.95438610006665,1.0371359673130218,0.3347134005165884,0.7432679740116009,0.029180683494894562,39.95438610006665,0.06862342438941468,5.121234310348232,6.177495817634576,1.695683668629487,0.0,5.268512638130319,0.0,0.14910694450020745,0.8451182877264362,0.03090295900750793,23.987178758807406,0.4043272760563734,67.5,0.28135449709445354,0.3801721718876063,0.46211615250594573,0.23396993403896302,1.2826509528192875,1.4078358113468281,0.06914683241065006,-0.0843204362986258,0.07246881794409328,Airlines,Industrials,CPA
2015Q4,2015,Q4,2016-01-13,2015-12-31,-408472000.0,532601000.0,39077000.0,0.04,182532000.0,0.34271809478390014,3715476000.0,1587422000.0,907585000.0,985667000.0,2128054000.0,62247000.0,1638733000.0,2088969185.02,3184951185.02,36.673104739583096,0.9207825766714316,0.3500754681230615,0.8193769520644164,0.013749013550621175,36.673104739583096,-0.2573178398686676,3.9222028967651204,-1.2785265483435828,1.3159507585380572,0.0,5.6238694234260285,0.0,0.14334663983834103,0.8075668557433697,-0.10993799986865747,-20.057313346327412,0.34271809478390014,-0.7142857142857143,-4.358310296450446,0.28755633925247454,0.4320874344728079,-0.013111155565888287,-66.74472879446323,-0.2270551467679405,-5.837905852395213,-0.08904925426274767,0.05992646250627745,Airlines,Industrials,CPA
2015Q3,2015,Q3,2015-10-15,2015-09-30,6213000.0,547247000.0,50556000.0,0.14,184957000.0,0.3379771839772534,4191935000.0,2109062000.0,973124000.0,956682000.0,2082873000.0,59910000.0,2083801000.0,1846182554.23,2981289554.23,47.90044703725594,1.0171864841190699,0.29977731047833517,0.5958321756306832,0.008962344350729937,47.90044703725594,0.002945859344106527,3.3735818638201764,74.2870816928215,0.8753571750048126,0.0,6.047237522951093,0.0,0.13054758721211088,0.7637898486644465,0.0014821317601537239,43.82837296085274,0.3379771839772534,-0.9041095890410958,-0.9028716240785697,0.5106670176005328,1.2337864381712418,0.06797972099039172,-0.903068786370657,0.028459832780682304,-0.9440113587660502,-0.06523972326166164,0.374901929258199,Airlines,Industrials,CPA
2015Q2,2015,Q2,2015-07-14,2015-06-30,64097000.0,538354000.0,49157000.0,1.46,173184000.0,0.32169167499452034,4171388000.0,2157317000.0,882633000.0,897411000.0,2014071000.0,59303000.0,2114547000.0,3637072321.56,4637326321.559999,48.98797584359795,0.9835326288623607,0.28541626911713797,0.5518808779609117,0.013212399130168794,48.98797584359795,0.029711442500105455,6.755912135063546,14.185813382685618,1.6859239145475609,0.0,6.157698598721819,0.0,0.1290587209820808,0.801366375050005,0.01536586862694144,32.6901403172777,0.32169167499452034,-0.4319066147859922,2.4392061086823773,0.7721935279747618,1.4564433021675969,-0.32338635005098515,-0.4333766497820917,-0.6137854634307309,1.017033475571252,0.05113187581792957,0.5160748263165411,Airlines,Industrials,CPA
2015Q1,2015,Q1,2015-04-10,2015-03-31,113121000.0,631833000.0,127279000.0,2.57,255957000.0,0.4051022976007901,4142063000.0,2131943000.0,870434000.0,957000000.0,2010120000.0,61891000.0,2084253000.0,4450465897.67,5379603897.67,48.36848313402392,0.9095444096133751,0.27753006171079486,0.5392015640193007,0.034265691234233946,48.36848313402392,0.0530600489787954,7.043737661169962,9.83563153099336,2.0875163630875684,0.0,6.073193194487082,0.0,0.15254065425851804,0.7735318704284222,0.027310304068286745,53.38786600052783,0.4051022976007901,2.172839506172839,2.0731867874401533,0.8807423645377731,1.3470274489404632,-0.0017900599026581805,2.1488100208768266,0.07104749402537952,0.1862641080996972,0.16999995591798353,0.4376274700484855,Airlines,Industrials,CPA
2014Q4,2014,Q4,2014-12-31,2014-12-31,35925000.0,670927000.0,118836000.0,0.81,256416000.0,0.3821816680503244,4090874000.0,2075108000.0,1011449000.0,981497000.0,2015766000.0,59954000.0,2011485000.0,4596948365.32,5492115365.32,46.78412199329306,1.0305166495669371,0.27295145242801416,0.5380972942131205,0.03777518737195302,46.78412199329306,0.017312351935417337,6.8516371607045174,31.98989815810717,2.2152815011652405,0.0,6.913817259899256,0.0,0.1640057845829522,0.9055076072570777,0.008781741994497997,-17.08089966603252,0.3821816680503244,-0.45637583892617445,-0.5016328393616434,0.911733488582569,1.3426094587820105,0.057206822763986295,-0.45551682327978177,0.0700162074554295,-0.6554138336903856,0.3367552244826839,0.4952138131858103,Airlines,Industrials,CPA
2014Q3,2014,Q3,2014-10-09,2014-09-30,65980000.0,663693000.0,111060000.0,1.49,242541000.0,0.3654415520428873,4092547000.0,2116962000.0,1172509000.0,889085000.0,1975585000.0,62093000.0,2027914000.0,4764059883.62,5711778883.62,47.675482367659654,1.3187816687943223,0.27720097044701014,0.5358896380756952,0.0314557046053378,47.675482367659654,0.03116730484533969,7.178107775161106,18.051151423234316,2.250422956869325,0.0,6.782600293108724,0.0,0.16217113694723603,1.1689759696766902,0.01612198955809182,-37.96033405008725,0.3654415520428873,-0.43984962406015043,0.4929902654549822,1.0012022346526634,1.593320116996739,-0.07500181154583974,-0.4416613072470636,-0.15345447893164219,-0.06365660161388109,0.38924183769868187,0.6917963207703777,Airlines,Industrials,CPA
2014Q2,2014,Q2,2014-07-15,2014-06-30,118172000.0,673561000.0,131192000.0,2.66,262207000.0,0.38928471214930793,4011811000.0,2090055000.0,1164476000.0,918489000.0,1921756000.0,63806000.0,2004859000.0,6331321983.549999,7202263983.549999,47.064284856181295,1.2678170342813033,0.2599935540333281,0.4990514603682678,0.03748412960101569,47.064284856181295,0.05654013889586638,9.399775200093234,13.394293875770064,3.0292609445923673,0.0,6.446948562831082,0.0,0.1678944995165525,1.1075832154767231,0.02945602372594322,31.740563708759666,0.38928471214930793,-0.21994134897360704,1.0906152777921752,1.3675327728717221,1.7263920680238547,-0.13083817845517406,-0.2192498529965578,-0.25879807230549323,1.8578967239670268,0.5686569329459025,0.7673120912301303,Airlines,Industrials,CPA
2014Q1,2014,Q1,2014-04-07,2014-03-31,151357000.0,713606000.0,176999000.0,3.41,301678000.0,0.42275149031818676,3945202000.0,2011030000.0,1409138000.0,953122000.0,1934172000.0,59655000.0,1929306000.0,6446847178.08,7248320178.08,45.290579663927744,1.478444522317185,0.2633054023596257,0.5165477392182115,0.05056865104348792,45.290579663927744,0.07526342222642128,9.034182977833707,10.648412656963337,3.205743911368801,0.0,6.905171402229486,0.0,0.18087945813674433,1.3327727195469206,0.03836482897453666,86.69312003227368,0.42275149031818676,0.32684824902723747,1.0423293690938351,1.2334197629539738,1.7754474854940947,0.014882894763400998,0.3286136884332125,0.3544977998852114,0.5930312313746805,0.6766655311821679,0.6573922051295289,Airlines,Industrials,CPA
2013Q4,2013,Q4,2013-12-31,2013-12-31,113921000.0,697771000.0,130675000.0,2.57,297254000.0,0.42600509336157566,3952764000.0,1901906000.0,1401153000.0,1041946000.0,2050858000.0,56814000.0,1820583000.0,7105567961.790001,8036293961.790001,42.85571136572287,1.3447462728394755,0.2706551668655149,0.5625072953132279,0.040690391064615264,42.85571136572287,0.05989833356643283,10.183237712358354,15.593191689394406,3.736024788706698,0.0,7.049618051888619,0.0,0.17652736161329136,1.2157491846986312,0.028820592375360634,-380.7098136406987,0.42600509336157566,-0.09507042253521128,4.990652533113989,0.9494927307117934,1.9075876126476234,0.0614546285583694,-0.0959296558182352,-0.1140197434437122,-0.08646183916495144,0.6452865811709498,0.673518677462892,Airlines,Industrials,CPA
2013Q3,2013,Q3,2013-10-11,2013-09-30,126009000.0,677279000.0,147492000.0,2.84,280044000.0,0.41348395565195434,3869672000.0,1818896000.0,1287062000.0,1001818000.0,2050776000.0,56314000.0,1739740000.0,6154106235.69,6779501235.69,40.985042938850135,1.2847263674639506,0.284410668397735,0.6050791249197315,0.04138944606189004,40.985042938850135,0.06927773770462962,9.086515654095283,12.209656127121871,3.3834294185538916,0.0,7.053929751038818,0.0,0.1750223274737497,1.1474259795691433,0.03256322499684728,34.199358901960565,0.41348395565195434,0.6904761904761905,3.041938388494658,0.8892671190840082,1.9016304149292858,0.28298705761081205,0.6927365296006233,0.5098117495316771,0.9544008608940324,0.8548990323607216,0.9112939178513805,Airlines,Industrials,CPA
2013Q2,2013,Q2,2013-07-09,2013-06-30,74441000.0,591998000.0,97689000.0,1.68,218275000.0,0.36870901590883753,3673836000.0,1724513000.0,1103315000.0,859768000.0,1949323000.0,49111000.0,1646529000.0,6025573124.25,6829211124.25,38.85151419171245,1.2832706032324999,0.30785887012920554,0.6558506662460648,0.030923693404931965,38.85151419171245,0.04316638958360998,10.178367366528265,20.236069921985198,3.4940723115743406,,7.609761560546517,,0.1611389294459524,1.1377836811791089,0.020262472249713923,0.0,0.36870901590883753,-0.34375000000000006,1.3804911229342427,0.9336508232783052,1.8366657493037704,-0.1412547850137108,-0.3460335588157779,-0.3150687812881242,2.9627679932869904,0.9334341679213485,0.9481625883053015,Airlines,Industrials,CPA
2013Q1,2013,Q1,2013-03-31,2013-03-31,113830000.0,641281000.0,142626000.0,2.56,254179000.0,0.3963613454944088,3567250000.0,1653625000.0,984974000.0,784533000.0,1913625000.0,58050000.0,1572088000.0,21126506962.079998,21962529962.079998,37.25458999979003,1.2554908461466885,0.3255188170159086,0.7022190641771865,0.04489324019204261,37.25458999979003,0.06883664676090408,32.944227198498005,46.39925099288413,12.775875402270769,,6.6684237726098194,,0.17976900974139742,1.0840461777898445,0.0319097343892354,0.0,0.3963613454944088,0.3128205128205129,1.7908246337294278,1.09887158742949,1.7754372217681347,0.16332788693459288,0.3140851736836637,0.3678658086296023,2.0708481213385883,0.8955325878013367,0.8077380075420175,Airlines,Industrials,CPA
2012Q4,2012,Q4,2013-01-09,2012-12-31,86623000.0,599840000.0,104269000.0,1.95,218493000.0,0.364252133902374,3479500000.0,1536544000.0,917490000.0,788690000.0,1942956000.0,50603000.0,1458258000.0,17665984135.8,18795994135.8,34.59966897407838,1.1633087778468092,0.34663141255927576,0.7849459566403565,0.03400487266840279,34.59966897407838,0.05637521606930879,29.45116053580955,50.98525834882191,11.497219823057458,,7.536055174594392,,0.17239258514154332,0.9984138254574041,0.02489524356947837,0.0,0.364252133902374,-0.22619047619047622,1.3601805681478913,1.040177661817754,1.7975373850539624,-0.2531864495995789,-0.2260136885934345,-0.21984122827363806,0.20020387587039093,0.7070909718366213,0.7325004372428372,Airlines,Industrials,CPA
2012Q3,2012,Q3,2012-09-30,2012-09-30,111918000.0,590448000.0,133651000.0,2.52,292567000.0,0.4955000270980679,3438258000.0,1547092000.0,986554000.0,740808000.0,1891166000.0,51292000.0,1471258000.0,14782095305.52,15685389305.52,34.83917362971457,1.3317269791902895,0.34492350486787204,0.7665581620226851,0.044513936994025276,34.83917362971457,0.07234088211948611,25.035388900495896,33.019923751139224,9.55476164670233,,5.807552834750059,,0.1717288231424169,1.1710902150084772,0.03255078589215818,0.0,0.4955000270980679,2.5,1.3112233610916506,1.1573864820089803,2.0196977361166075,0.22139562068173754,2.496781853402487,0.47927481211745565,1.5322948795685494,0.7802257117941285,0.8950858039932247,Airlines,Industrials,CPA
2012Q2,2012,Q2,2012-06-30,2012-06-30,32006000.0,515843000.0,90349000.0,0.72,239535000.0,0.46435640301409536,3292660000.0,1433178000.0,732562000.0,715108000.0,1859482000.0,43686000.0,1359341000.0,14633220542.400002,15555659542.400002,32.312373369208466,1.0244075020836014,0.35784654352408085,0.82213584076786,0.030934234116087523,32.312373369208466,0.022332187627775474,28.367585762334667,114.30060412422671,10.210330149081273,,6.324863800759969,,0.15666452047888332,0.8888489570806088,0.009720408423584579,0.0,0.46435640301409536,-0.6666666666666667,-0.00033095760850813645,1.1163543399637772,2.0833570743281156,-0.1266516450822541,-0.6663574101679367,-0.1901163520321268,-0.4330746050659161,0.8153968784592187,0.8718269856227272,Airlines,Industrials,CPA
2012Q1,2012,Q1,2012-03-31,2012-03-31,95929000.0,543256000.0,111558000.0,2.16,274272000.0,0.5048669503880306,3205276000.0,1491823000.0,743167000.0,638849000.0,1713453000.0,46688000.0,1420324000.0,14047090041.6,14929732041.6,33.64465700727925,1.163290542835631,0.3435919402884494,0.7382289990166394,0.03726307504012568,33.64465700727925,0.06430320487081913,25.857220245335533,36.60803834502601,9.416056758476039,,5.761309115832762,,0.1694880565667356,0.97583936110098,0.02992846793848642,0.0,0.5048669503880306,-0.08103909870381194,0.9073454480545645,1.1610114526965407,2.36228876002726,0.2418870641292093,-0.08099019955356715,-0.17761019085742089,0.2962317819413713,0.7026519114456449,1.0617748632070907,Airlines,Industrials,CPA
2011Q4,2011,Q4,2012-01-06,2011-12-31,104383000.0,502521000.0,135651000.0,2.3504808495696987,220851000.0,0.43948611102819585,3065796000.0,1389531000.0,754242000.0,658660000.0,1676265000.0,42382000.0,1324394000.0,10421953637.48,11245878637.48,31.28925213285145,1.145115841253454,0.3482704002484184,0.768407469858535,0.049482061280116445,31.28925213285145,0.07512103004538942,20.739339525074573,24.960850036595996,7.50033906223035,,6.645981784719928,,0.16391208025582915,0.9855570400510126,0.03404760134072848,0.0,0.43948611102819585,0.4782898424966658,1.4252887430401056,1.0412822588050585,2.6045562945338827,-0.11480081605495945,0.48416772120402096,0.171242811998135,4.48538859607683,0.4030404837106167,1.1228498842105865,Airlines,Industrials,CPA
2011Q3,2011,Q3,2011-09-30,2011-09-30,70331000.0,476825000.0,115818000.0,1.59,249493000.0,0.5232380852514025,2876322000.0,1248920000.0,650794000.0,611828000.0,1627402000.0,46628000.0,1186163000.0,10861641700.800001,11685351700.800001,28.180391328638255,1.0636878338356532,0.36567220220823676,0.8421604266085898,0.0473926632267067,28.180391328638255,0.05631345482496877,22.77909442835422,38.60901203167878,8.696827419530475,,4.875439649995711,,0.1657759458085708,0.9481831495126081,0.024451712986237283,0.0,0.5232380852514025,0.7096774193548387,0.8244001878257925,0.9973253040679151,2.6852035803854366,0.1619024999068589,0.7044567772580762,0.27614703160121645,1.2590705261996762,0.33192461916985205,0.99509564271498,Airlines,Industrials,CPA
2011Q2,2011,Q2,2011-06-30,2011-06-30,41263000.0,428491000.0,90756000.0,0.93,214728000.0,0.5011260446543802,2764766000.0,1180150000.0,670372000.0,578804000.0,1584616000.0,44932000.0,1115833000.0,11830556913.359999,12650173913.359999,26.630432219485577,1.1582020856801265,0.3758205938585761,0.8804440113544888,0.03304701229159408,26.630432219485577,0.034964199466169556,27.609814239645637,71.67775557618205,10.024621373011906,,4.757477966705244,,0.15498273633283974,0.9947771611806414,0.014924590363162741,0.0,0.5011260446543802,-0.5654205607476634,0.7452710638061758,1.1642459235681675,2.9403198117295473,-0.17722746100290826,-0.563114094528206,-0.10139905145697396,0.32164462815073175,0.40184192659512724,0.9443678460873057,Airlines,Industrials,CPA
2011Q1,2011,Q1,2011-03-31,2011-03-31,94448000.0,423084000.0,100997000.0,2.14,260981000.0,0.6168538635353736,2684846000.0,1206168000.0,665654000.0,490416000.0,1478678000.0,47884000.0,1145690000.0,9322215302.4,10112684302.4,27.326410443922768,1.357325209617957,0.3825578822770468,0.8515472139867747,0.04115355136465055,27.326410443922768,0.07830418316519755,22.033958510366734,24.675523310181266,7.728786787910141,,3.3853270403475064,,0.15758222259302768,1.1269881080552022,0.035178181541883596,0.0,0.6168538635353736,-0.2384173903690628,1.8415583422331696,1.140380391938044,3.2075898662477114,0.27206660070285577,-0.2245330268073402,-0.22073222483700475,1.3286306199661178,0.3925029489720465,1.0357957686235229,Airlines,Industrials,CPA
2010Q4,2010,Q4,2010-12-31,2010-12-31,121795000.0,414213000.0,129605000.0,2.8099381116869826,205163000.0,0.4953079695712109,2555997000.0,1109969000.0,594383000.0,497895000.0,1446028000.0,45982000.0,1051692000.0,10201531158.560001,10983382158.560001,25.608146441898995,1.1937918637463723,0.38714482059251243,0.891503276217624,0.06201621430835202,25.608146441898995,0.10972828970899187,24.628708318087558,20.939962967609507,9.19082529202167,,4.5463442216519505,,0.162055354525064,0.9881400696934093,0.04765068190612117,0.0,0.4953079695712109,0.9378883528875742,5.81473264638299,1.2774375384350902,3.459113136548625,0.04048057368610566,0.9053690435217921,0.48450833285607925,2.400022742216735,0.4434330411889936,1.0705327292819078,Airlines,Industrials,CPA
2010Q3,2010,Q3,2010-09-30,2010-09-30,63922000.0,362001000.0,87305000.0,1.45,197181000.0,0.5446973903387007,2302560000.0,943502000.0,560190000.0,509798000.0,1359058000.0,40086000.0,889866000.0,9487990291.32,10218999291.32,21.44361082094809,1.098846994299703,0.408203477868112,0.9961960864947822,0.04053905315905423,21.44361082094809,0.06774972390095622,26.209845528935002,37.10768706908419,10.056142214134152,,4.111659931148032,,0.1572167500521159,0.926790611183253,0.02776127440761587,0.0,0.5446973903387007,2.4523809523809526,1.2474415494642537,0.9794511112506287,3.005071865702134,0.3360685173766626,2.434081873858386,0.7707129094412332,0.33228064762825554,0.334932954422605,0.8586325766049191,Airlines,Industrials,CPA
2010Q2,2010,Q2,2010-06-30,2010-06-30,18614000.0,303401000.0,49305000.0,0.42,147583000.0,0.486428851585855,2240510000.0,877137000.0,520263000.0,495749000.0,1363373000.0,27750000.0,825944000.0,7779710033.04,8563354033.04,19.94264463599479,1.049448410385094,0.43793645196852504,1.1186405316387291,0.022408566761502165,19.94264463599479,0.021221314344281452,25.641675647212764,104.48734867626517,8.869435485038254,,5.615063063063063,,0.13541604366862903,0.918636245358034,0.008307929890962325,0.0,0.486428851585855,-0.5,0.19903652353239965,1.1498015519194682,0.0,-0.32743173283750776,-0.49316560474867943,-0.48080325175856115,-0.4137118104362746,0.25526217771698234,0.902995292750681,Airlines,Industrials,CPA
2010Q1,2010,Q1,2010-03-31,2010-03-31,36726000.0,335191000.0,94964000.0,0.84,219432000.0,0.654647648654051,2162221000.0,906310000.0,515577000.0,431792000.0,1255911000.0,26228000.0,855238000.0,10695375667.199999,11344714667.199999,20.60840113133712,1.194040186015489,0.4194524981488941,1.0007050567686553,0.04405740350806421,20.60840113133712,0.040522558506471296,31.908302034362496,72.80520385557915,11.801012531253102,,4.413565655025164,,0.15502161897419367,1.0356236336013636,0.01698531278717578,0.0,0.654647648654051,-0.4831385426515055,0.5847933878824937,1.8722454538877422,0.0,-0.139087345958734,-0.4786423065457178,-0.09901328273244782,-0.2637559630213245,0.34435388496956987,1.059506669098639,Airlines,Industrials,CPA
2009Q4,2009,Q4,2010-01-13,2009-12-31,70443000.0,342956000.0,105400000.0,1.6251937304615633,254883000.0,0.7431944622633807,2092869000.0,865628000.0,502154000.0,446582000.0,1227241000.0,23327000.0,817649000.0,9443871553.48,10026736553.48,19.970943862583677,1.124438512971862,0.4040009193121977,0.9767717772530463,0.05553648137177907,19.970943862583677,0.08137791291409242,27.53668561996291,33.516004264014875,10.909849904901414,0.23139275726473887,3.7755819436704248,0.0017259870496643473,0.1638688326885247,0.9692710409286537,0.03365858063739298,40.81189089662921,0.7431944622633807,0.6416098287490539,2.941460748053344,0.8856503017325501,2.4775144046043747,0.43107475323683647,0.6329307587102159,0.3680494263018535,0.6769181763252253,0.42734054741314015,1.300674720572126,Airlines,Industrials,CPA
2009Q3,2009,Q3,2009-10-08,2009-09-30,43139000.0,323736000.0,77044000.0,0.99,178106000.0,0.5501581535572194,2075238000.0,796841000.0,514781000.0,481360000.0,1278397000.0,23138000.0,747597000.0,7713564263.160001,8349087263.160001,18.38395578516989,1.0694303639687552,0.43392565093738644,1.1300861777945663,0.042285688279330415,18.38395578516989,0.05413752555403148,23.826711466009343,44.70180267947797,9.680179939486047,,6.293975278762209,,0.15599945644788693,0.9637298487618414,0.020787495217416026,0.0,0.5501581535572194,-0.2142857142857143,0.539644049528267,0.7969591711376269,2.4336131498697156,0.02625771395974624,-0.21795801457525107,0.2899790707408958,0.1441903617264979,0.38655045844828806,1.4041049995039017,Airlines,Industrials,CPA
2009Q2,2009,Q2,2009-07-08,2009-06-30,55162000.0,277639000.0,59725000.0,1.26,173549000.0,0.6250886943116781,2033570000.0,748116000.0,522799000.0,470637000.0,1285454000.0,22481000.0,704523000.0,7076178513.04,7726351513.04,17.26247864647525,1.1108327649547316,0.46649586687451133,1.2680546867063396,0.033317814843101416,17.26247864647525,0.07373455453432355,25.486975940123685,32.069987097277114,9.458664850156927,,4.630132111560874,,0.13652787954188939,0.9971081746654002,0.02712569520596783,0.0,0.6250886943116781,-0.2363636363636363,2.6062148584307203,0.9965524675277116,0.0,-0.15247276225637418,-0.2297423724080151,-0.3622530699412707,1.3858069481600468,0.43396510135197164,1.5542088858961314,Airlines,Industrials,CPA
2009Q1,2009,Q1,2009-04-14,2009-03-31,71615000.0,308756000.0,93650000.0,1.65,204771000.0,0.6632130225809377,1982493000.0,700185000.0,530103000.0,450937000.0,1282308000.0,20751000.0,665617000.0,4920685655.56,5544645655.56,16.318298184577237,1.175558891818591,0.4675249799116567,1.3237430107757235,0.05335543442973433,16.318298184577237,0.10228011168476903,15.937133709336823,17.177566346296167,7.027693617486808,,5.011083803190208,,0.1557412813059113,1.0659205166131855,0.03612370888573125,0.0,0.6632130225809377,2.850655147938649,2.167360904710737,1.7116843982615833,0.0,-0.4199565472329312,2.8950832154900468,-0.4715935699736502,1.2164354356609766,0.60681932089389,1.5126134373461166,Airlines,Industrials,CPA
2008Q4,2008,Q4,2009-01-14,2008-12-31,18386000.0,346058000.0,177231000.0,0.4284985117099582,353027000.0,1.0201382427223182,1954225000.0,632432000.0,522464000.0,502084000.0,1321793000.0,18405000.0,594004000.0,5203878237.76,5899099237.76,14.73926741856588,1.0405908174727734,0.4687428520257391,1.4484229134515647,0.07941402111368565,14.73926741856588,0.029071900220102715,15.037589761716244,70.75870550636354,8.228360104738533,0.8811051887305559,-0.37864710676446617,0.003113062846561387,0.1770819634381916,0.94013551517276,0.009408333226726708,146.17635499325843,1.0201382427223182,-0.387859268985774,0.03920537770251986,0.9220576524407686,1.5665294096294005,1.1426741927652342,-0.39406123323336517,1.477577096206,0.03920537770251986,0.9220576524407686,1.5665294096294005,Airlines,Industrials,CPA
2008Q3,2008,Q3,2008-10-08,2008-09-30,30343000.0,348916000.0,71534000.0,0.7,164760000.0,0.4722053445528437,1888974000.0,610116000.0,511096000.0,498130000.0,1278858000.0,17167000.0,575666000.0,5615293580.0,6297148580.0,14.124832276356244,1.0260293497681328,0.46698736986321676,1.445834890414282,0.04533032451753179,14.124832276356244,0.049733165496397405,16.093539935113323,46.265148304386514,9.203649109349698,,10.727325682996447,,0.18471191239265336,0.9200128480517135,0.016063217386793043,0.0,0.4722053445528437,0.0,0.0867067423850121,0.9434424670685654,1.6381269847768405,0.2049937468459969,-0.0028917879793631494,0.5811414172671412,0.0867067423850121,0.9434424670685654,1.6381269847768405,Airlines,Industrials,CPA
2008Q2,2008,Q2,2008-07-21,2008-06-30,30431000.0,297929000.0,45242000.0,0.7,136731000.0,0.4589382033974538,1849412000.0,591601000.0,474493000.0,440754000.0,1257811000.0,18287000.0,545322000.0,4865435914.24,5538204914.24,13.696190395801176,1.0765483693851898,0.4846264650602462,1.5149974391524017,0.027264989044296403,13.696190395801176,0.05143838499258791,16.330857064065597,39.971048554434624,8.22418473640173,,8.81489582763712,,0.16109390444097907,0.9294027961175622,0.01645441902615534,0.0,0.4589382033974538,-0.23076923076923084,0.9960181798029539,1.1495606780155503,0.0,0.2731361211207017,-0.22957543228942504,1.827625,0.9960181798029539,1.1495606780155503,0.0,Airlines,Industrials,CPA
2008Q1,2008,Q1,2008-04-07,2008-03-31,39499000.0,295886000.0,16000000.0,0.91,107397000.0,0.36296749423764557,1740761000.0,576989000.0,450185000.0,403628000.0,1163772000.0,16526000.0,531098000.0,6552666936.8,7154202936.8,13.42296259039735,1.1153463089775735,0.48032383538004353,1.4491246800198965,0.010256785756489804,13.42296259039735,0.06845711096745345,22.145917470917855,41.47362551456999,11.356658336294107,,11.405603291782645,,0.16997508560911004,0.9730469640361917,0.022690650813063942,0.0,0.36296749423764557,0.10109923152709362,0.7438070952474608,1.5939818760786189,0.0,3.631976192529975,0.11186488388458832,1.0250252990132211,0.7438070952474608,1.5939818760786189,0.0,Airlines,Industrials,CPA
2007Q4,2007,Q4,2007-12-31,2007-12-31,35525000.0,284586000.0,-639353000.0,0.8264468577804185,23186000.0,0.08147273583380771,1707251000.0,531637000.0,435736000.0,424989000.0,1175614000.0,14088000.0,491599000.0,6459818861.6,7016827861.6,12.367902269663851,1.0252877133290508,0.4936983489832485,1.5854182459083923,-0.4071783122024185,12.367902269663851,0.06682191043888969,22.69900438391207,45.45966827304715,12.150807527692768,0.3828289936664321,18.554798409994323,0.002105322191128976,0.1666925367154566,0.9000868257766672,0.02080830528141439,-78.68232474543241,0.08147273583380771,-0.23477142798109404,1.0043197246204139,0.5777923003335889,1.1536066894702568,-0.8104944830404577,-0.2412754687967195,-14.386227544910179,1.0043197246204139,0.5777923003335889,1.1536066894702568,Airlines,Industrials,CPA
2007Q3,2007,Q3,2007-10-11,2007-09-30,46822000.0,264634000.0,47762000.0,1.08,122350000.0,0.462336661199997,1624596000.0,495387000.0,413976000.0,416021000.0,1129209000.0,11686000.0,456123000.0,6830552223.52,7393894223.52,11.537304947123102,0.9950843827595242,0.49702756870015685,1.6299761600526457,0.0338754554750437,11.537304947123102,0.09451600465898378,25.811317606656743,36.470848231173385,13.788315445338695,,12.17559472873524,,0.16289218981211329,0.9005506933544221,0.02882070373188165,0.0,0.462336661199997,0.5211267605633805,0.6869130040019572,0.4828093835669787,1.1548486323305593,0.03239361747010826,0.5149318924515482,0.1683178004451946,0.6869130040019572,0.4828093835669787,1.1548486323305593,Airlines,Industrials,CPA
2007Q2,2007,Q2,2007-07-02,2007-06-30,30907000.0,235294000.0,40881000.0,0.71,118511000.0,0.5036720018360009,1491863000.0,448702000.0,383109000.0,421051000.0,1043161000.0,11501000.0,409302000.0,11515973714.88,12016729714.88,10.479607969586057,0.9098874008136781,0.48541588604315544,1.6139308494279054,0.0310042655434578,10.479607969586057,0.06888090536703648,48.94291275969638,93.15020638431423,25.66508220351146,,10.154160507781931,,0.1577182355216263,0.8174116674702114,0.020717049755909222,0.0,0.5036720018360009,-0.36607142857142866,1.0451316347079047,0.7126315044634229,0.0,-0.11078513760917194,-0.36360828563192354,-0.3178883086112826,1.0451316347079047,0.7126315044634229,0.0,Airlines,Industrials,CPA
2007Q1,2007,Q1,2007-04-03,2007-03-31,48566000.0,242750000.0,59933000.0,1.12,133276000.0,0.5490257466529351,1389809000.0,428444000.0,337336000.0,346766000.0,961365000.0,9748000.0,392816000.0,8818523000.880001,9331370000.880001,10.006474579835455,0.9728058690875114,0.5058284987361573,1.640832874307961,0.048605575737095605,10.006474579835455,0.11335437069955467,36.32759217664264,45.39453012848495,20.582673583665546,,11.230406237176856,,0.1746642884022193,0.8667401071616018,0.03494437005372681,0.0,0.5490257466529351,0.15564582995951426,1.1525381643646446,1.1365248287676553,0.0,1.1683587140439933,0.1703778677462888,1.12249398597511,1.1525381643646446,1.1365248287676553,0.0,Airlines,Industrials,CPA
