Quarters,Year,Quarter,FillingDate,Date,NetIncome,Revenue,OperatingIncome,EPSDiluted,GrossProfit,GrossProfitRatio,TotalAssets,CommonStockEquity,CurrentAssets,CurrentLiability,TotalLiability,Inventory,RetainedEarnings,MarketCap,EnterpriseValue,bookValuePerShare,currentRatio,debtToAssets,debtToEquity,roic,shareholdersEquityPerShare,roe,priceToSalesRatio,peRatio,pbRatio,payoutRatio,inventoryTurnover,dividendYield,assetTurnover,quickRatio,returnOnAssets,priceToFreeCashFlowsRatio,grossProfitMargin,epsdilutedGrowth,fiveYNetIncomeGrowthPerShare,fiveYRevenueGrowthPerShare,fiveYShareholdersEquityGrowthPerShare,grossProfitGrowth,netIncomeGrowth,operatingIncomeGrowth,threeYNetIncomeGrowthPerShare,threeYRevenueGrowthPerShare,threeYShareholdersEquityGrowthPerShare,Industry,Sector,Symbol
2023Q3,2023,Q3,2023-03-30,2023-02-28,1658887.0,9891272.0,1804946.0,0.47,4020749.0,0.4064946349,53880707.0,47695849.0,41495871.0,6184858.0,6184858.0,5680215.0,40061664.0,59311919.606800005,55928072.606800005,13.513306098487993,6.709268183683441,0.0,0.0,0.030699487071905517,13.513306098487993,0.03478053194943652,5.996389504484358,8.938511123241065,1.2435446868091184,0.0,1.0335036613930986,0.0,0.18357724964522087,5.658633068051037,0.030788144632177897,119.24462674041058,0.4064946348659707,0.04444444444444436,70.47070084729356,0.4755746015007376,0.4015099465603013,-0.017850298925821205,0.06372458493319688,0.02760263096916929,1.1363637388028318,0.3783024041035105,0.2508132487689672,Specialty Industrial Machinery,Industrials,TAYD
2023Q2,2023,Q2,2023-01-06,2022-11-30,1559508.0,10497366.0,1756463.0,0.45,4093825.0,0.389985926,51698039.0,45983359.0,39833253.0,5714680.0,5714680.0,5596046.0,38402777.0,46447342.1325,25434198.1325,13.268616474101108,6.970338321655806,0.0,0.0,0.031196396967855436,13.268616474101108,0.03391461680735416,4.424666352730771,7.445832617161951,1.010090240090986,0.0,1.1442974199997642,0.0,0.2030515316064503,5.835270041367146,0.030165708993333384,-68.81974733410084,0.3899859259932444,0.5517241379310346,21.50000216414428,0.641343198994218,0.03607285167606386,0.2094885984429606,0.555819152788738,0.4905832024325065,0.7307693217453326,0.38700050849395284,0.24287601870368294,Specialty Industrial Machinery,Industrials,TAYD
2023Q1,2023,Q1,2022-09-30,2022-08-31,1002371.0,9090699.0,1178373.0,0.29,3384757.0,0.3723318746,49423600.0,44292816.0,37770997.0,5130784.0,5130784.0,5903319.0,36843269.0,35221245.879999995,13534406.879999995,12.814532358615136,7.361642392273773,0.0,0.0,0.021887614493786112,12.814532358615136,0.022630554805998335,3.8744265847983743,8.784483459717011,0.7951909375100467,0.0,0.9665650797458175,0.0,0.18393437548053967,6.129496973561936,0.020281221926367162,-40.748823832938044,0.37233187458962175,-0.32558139534883723,2.2222215379120067,0.3426181463031506,0.28890079109861916,-0.025816142622696978,-0.3383842617497286,-0.33249591297323694,1.8999997685487893,0.63359625466247,0.23698843170122097,Specialty Industrial Machinery,Industrials,TAYD
2022Q4,2022,Q4,2022-08-19,2022-05-31,1515035.0,9657530.0,1765342.0,0.43,3474454.0,0.3597663171,49219061.0,43255154.0,37977019.0,5963907.0,5963907.0,5854935.0,35840898.0,32458980.900000002,9941942.900000002,12.393270553974785,6.367808720021959,0.0,0.0,0.034873565195549114,12.393270553974785,0.035025537072414535,3.361002337036489,5.356143735953295,0.7504072439552523,0.0,1.0560451994770224,0.0,0.19621524270851085,5.267964104738723,0.030781468992267042,14.420618533342397,0.3597663170603664,15.333333333333332,0.7238319059171665,0.4723067185522576,0.26463865814042026,1.960577654734729,13.916670219024153,10.238226813403038,0.5667415545162307,0.08853334223712835,0.2099408520222538,Specialty Industrial Machinery,Industrials,TAYD
2022Q3,2022,Q3,2022-03-31,2022-02-28,-117293.0,6143329.0,-191091.0,-0.03,1173573.0,0.1910320935,46173437.0,41660695.0,34743390.0,4512742.0,4512742.0,5932166.0,34325863.0,39097670.0,18846027.0,10.655544179486911,7.698953319290134,0.0,0.0,-0.002887947409192519,10.655544179486911,-0.0028154355082170377,6.364248113685593,-83.33334043804831,0.9384785827504797,0.0,0.8377641488791784,0.0,0.13304898658507922,6.192005658643902,-0.0025402700691308728,24.429249365020354,0.19103209351151468,-1.1578947368421053,-1.2999999744230284,-0.06321699029293497,0.13043680365273536,-0.5088103108679475,-1.1777694588089795,-1.2425616016166459,-1.2307692059179558,-0.3103223493325862,0.03641468020208491,Specialty Industrial Machinery,Industrials,TAYD
2022Q2,2022,Q2,2021-12-29,2021-11-30,659804.0,7757986.0,787804.0,0.19,2389246.0,0.3079724557,46059543.0,41773752.0,34373974.0,4285791.0,4285791.0,5806902.0,34443156.0,38025550.349999994,19377466.349999994,12.029348166949015,8.02045036727176,0.0,0.0,0.015794702855515586,12.029348166949015,0.015794702855515586,4.901471896185427,14.40789626540609,0.9102737611407278,0.0,0.924544619489015,0.0,0.16843384659721874,6.520253787457205,0.014325022721132948,-25.323068632014685,0.307972455737868,2.8000000000000003,-0.2962963934534969,-0.005634065851383622,0.3256135942164445,0.5024446010945525,2.627748423385035,7.668393431521923,0.7540914795283903,-0.1829548034351867,0.19818668369852133,Specialty Industrial Machinery,Industrials,TAYD
2022Q1,2022,Q1,2021-09-30,2021-08-31,181877.0,7307737.0,-118140.0,0.05,1590239.0,0.21761032177266368,45622807.0,40983918.0,33673390.0,4638889.0,4638889.0,5467733.0,33783352.0,43941483.2,23794647.200000003,11.266932597304772,7.258934197390798,0.0,0.0,-0.002882594094590956,11.266932597304772,0.00443776507653563,6.013008295180848,60.4,1.0721640424910084,0.0,1.045679809164054,0.0,0.16017727712369825,5.883369056685771,0.003986536821375327,-101.53940746800139,0.21761032177266368,2.125,-0.16666674609453186,0.22067645762178062,0.2880831147327951,1.484173972268913,2.068307578109184,0.8879067578543073,-0.7619047908297698,-0.031019628803102623,0.1545821562016026,Specialty Industrial Machinery,Industrials,TAYD
2021Q4,2021,Q4,2021-08-27,2021-05-31,59276.0,7260216.0,-1053944.0,0.016,640148.0,0.08817203234724696,45931991.0,40798208.0,34111905.0,5133783.0,5133783.0,5835596.0,33601475.0,43468239.246,22886635.246,11.21587886318776,6.6445942495037285,0.0,0.0,0.010728977353375703,11.21587886318776,0.0014529069512072687,5.987182646632001,183.32984363823468,1.0654448167429313,0.0,1.1344287712857435,0.0,0.15806447406122673,5.317479137704106,0.0012905166684370377,9.719069991541584,0.08817203234724696,-0.68,-0.9478267153299319,-0.22967515473209937,0.300667965360568,0.5861462336497459,-0.6748757665178424,-0.2857867871678004,-0.49078113638500626,0.09832003367115652,0.17715812836378939,Specialty Industrial Machinery,Industrials,TAYD
2021Q3,2021,Q3,2021-03-26,2021-02-28,182318.0,4772371.0,-819688.0,0.05,403587.0,0.08456739846923049,43863309.0,40602301.0,32692780.0,3261008.0,3261008.0,8550215.0,33542199.0,40693377.6,24608659.6,11.135022597878432,10.025360256705902,0.0,0.0,0.020832201711689032,11.135022597878432,0.00449033664372864,8.526868007537553,55.8,1.0022431388802324,0.0,0.5109560402867063,0.0,0.10880097988047367,7.1178371840854116,0.004156503559729158,37.16911374229666,0.08456739846923049,-0.736842105263158,-0.8571428752780119,-0.46931790727510847,0.3008374643706644,-0.299799787643046,-0.7174634660385253,-0.2237510002747023,8.390500491096214,-0.31086762977931726,0.15485024999518743,Specialty Industrial Machinery,Industrials,TAYD
2021Q2,2021,Q2,2020-12-31,2020-11-30,645290.0,4717597.0,-669816.0,0.19,576388.0,0.12217830391192805,42878821.0,40415953.0,31843395.0,2462868.0,2462868.0,8867833.0,33359881.0,35796612.019999996,20803071.019999996,11.900124636990716,12.929395728881937,0.0,0.0,-0.01336319292188447,11.900124636990716,0.015966220071564317,7.587891042833882,13.868420407878627,0.8857050091086556,0.0,0.46699221782818867,0.0,0.1100216118348963,9.112340572048522,0.015049154453197303,-84.90355423787103,0.12217830391192805,2.8000000000000003,-0.29629631685355173,-0.4606253502682212,0.47062017505798603,-0.6292294708240489,2.666191317588105,-4.5002011862148255,8.500000441661909,-0.24731434933028654,-0.07078510468569263,Specialty Industrial Machinery,Industrials,TAYD
2021Q1,2021,Q1,2020-09-25,2020-08-31,176011.0,5759457.0,191365.0,0.05,1554568.0,0.2699157229579108,43767055.0,39767020.0,32946881.0,4000035.0,4000035.0,9550392.0,32714591.0,32914057.0,18956556.0,11.296742817210289,8.23664817932843,0.03339269685840183,0.03675155945806349,0.0040642905830562395,11.296742817210289,0.004426054554754166,5.714784744464626,46.74999999999999,0.8276722017390289,0.0,0.44028444068055006,0.0,0.13159343254875155,5.720646694341425,0.004021540859900215,125.3062104778257,0.2699157229579108,-0.8214285714285715,-0.8333333168259465,-0.41876143084906037,0.4298034939613819,-0.38785762691308273,-0.8195945024860579,-0.7774779007002472,-0.44444451808965785,-0.164786512784538,0.1362397274022353,Specialty Industrial Machinery,Industrials,TAYD
2020Q4,2020,Q4,2020-08-07,2020-05-31,975641.0,7736282.0,859982.0,0.28,2539553.0,0.32826530883956917,45075894.0,39537554.0,34423618.0,5538340.0,5538340.0,10107437.0,32538580.0,37631151.8,23932824.799999997,11.231557686735488,6.215511868177107,0.032423095147042454,0.03696485624780936,0.023451463698785917,11.231557686735488,0.024676311539150855,4.864242513393384,9.642673842120207,0.9517824951943157,0.0,0.5141490369912768,0.0,0.17162792156712411,4.298367561399264,0.02164440709706168,-80.45830065638964,0.32826530883956917,0.2727272727272728,0.05209259445785195,-0.31302785851707937,0.48519902689944244,0.07021464530468137,0.24642415477699195,-0.08019085369701494,0.10063778268570779,0.1693557239901691,0.14609472777340526,Specialty Industrial Machinery,Industrials,TAYD
2020Q3,2020,Q3,2020-03-25,2020-02-29,782752.0,7234195.0,934957.0,0.22,2372938.0,0.32801686987978623,44028398.0,38438877.0,33291379.0,5589521.0,5589521.0,10490473.0,31562939.0,39959137.8876,25821165.887599997,10.80361605682351,5.956034336394836,0.0,0.0,0.019592492497854455,10.80361605682351,0.020363550163028956,5.523646775847209,12.762387667997016,1.0395500859091176,0.0,0.4633973129714933,0.0,0.1643074771877914,3.9953783159594534,0.01777834387705862,19.781212832125856,0.32801686987978623,-0.15384615384615388,0.8333333331525387,0.01087548690176893,0.4426405372129287,-0.10174575523086835,-0.146404712728161,-0.1617704938609192,1.1999997751523062,0.21220136727367508,0.1461456118475791,Specialty Industrial Machinery,Industrials,TAYD
2020Q2,2020,Q2,2019-12-27,2019-11-30,917006.0,7702425.0,1115395.0,0.26,2641722.0,0.3429727650707407,43905675.0,37652745.0,33695833.0,6252930.0,6252930.0,10803593.0,30780187.0,37667783.28,25546441.28,10.675736175149833,5.388807007274989,0.0,0.0,0.02378679018776768,10.675736175149833,0.024354293425353186,4.890379754427989,10.269230321284702,1.0003993939884064,0.0,0.46842777213099385,0.0,0.17543119425905648,3.611031628372619,0.020885819429948407,6.990197425778367,0.3429727650707407,1.5999999999999999,0.7333335807926659,0.09504679838862666,0.4937604312745621,0.5697653482696596,1.5861970742603158,1.8428861260214198,-0.037037025821582005,-0.027952913384524585,0.17644786780132013,Specialty Industrial Machinery,Industrials,TAYD
2020Q1,2020,Q1,2019-09-26,2019-08-31,354577.0,5708639.0,392346.0,0.1,1682877.0,0.29479478383551666,41141054.0,36732263.0,30904145.0,4408791.0,4408791.0,11261923.0,29863181.0,38365231.4,31634592.4,10.359460145469109,7.009664327476625,0.0,0.0,0.008816395914033858,10.359460145469109,0.00965301266627651,6.720556580999429,27.05,1.0444559704911183,0.0,0.35746666000113836,0.0,0.13875772361106742,4.340541885519182,0.008618568692965426,23.095932816615246,0.29479478383551666,-0.6428571428571429,-0.16666658169897988,-0.19659811863266963,0.4402060256310631,-0.35603202549427104,-0.6390669693298995,-0.6495048708912324,0.6666665078109363,-0.021755406494842654,0.1843370478951976,Specialty Industrial Machinery,Industrials,TAYD
2019Q4,2019,Q4,2019-08-02,2019-05-31,982390.0,9013282.0,1119405.0,0.28,2613293.0,0.28993800482443577,41196896.0,36318872.0,30767713.0,4878024.0,4878024.0,11239331.0,29508604.0,39295641.448,34223819.448,10.24287305719209,6.30741320665909,0.0,0.0,0.026574580666949874,10.24287305719209,0.027049022888155777,4.359748363359762,10.000010547745804,1.0819620567511017,0.0,0.5694279312532036,0.0,0.21878546383688713,3.8907567900444935,0.023846214044863964,52.16369461871145,0.28993800482443577,1.153846153846154,1.2571414853064227,0.566869014538874,0.45075022958023625,0.3205946203804584,1.2037255544140013,1.1493332565306298,-0.11294522182793937,-0.01891973588674591,0.18783173581442333,Specialty Industrial Machinery,Industrials,TAYD
2019Q3,2019,Q3,2019-03-29,2019-02-28,445786.0,7812496.0,520815.0,0.13,1978876.0,0.25329625768768393,40248822.0,35255359.0,29562076.0,4993463.0,4993463.0,12092106.0,28526214.0,43755609.48,39464269.48,10.281159060202857,5.92015521092276,0.0,0.0,0.012088121853947262,10.281159060202857,0.012644489026476798,5.6007208810090905,24.5384609880077,1.2411052027579694,0.0,0.48243209247421415,0.0,0.19410496038865435,3.3623192962479145,0.01107575272637793,-65.1227864514343,0.25329625768768393,0.18181818181818185,0.8571428988028214,0.5036473329714599,0.4437936982233375,-0.07931164113329463,0.18712601559982636,0.21140614896517074,-0.6285714673908391,-0.07622432189008127,0.20108574231487877,Specialty Industrial Machinery,Industrials,TAYD
2019Q2,2019,Q2,2019-01-04,2018-11-30,375517.0,9479159.0,429926.0,0.11,2149344.0,0.22674416580627035,40506534.0,34805341.0,29523278.0,5701193.0,5701193.0,12081725.0,28080428.0,42468251.0,37503875.0,10.03962765619898,5.178438618022579,0.0,0.0,0.010160625983257326,10.03962765619898,0.010789062517732552,4.480170761984264,28.273188031433996,1.2201647729869964,0.0,0.6066861313264456,0.0,0.23401555413257524,2.9747586163106563,0.009270529046005269,-19.72563699896003,0.22674416580627035,-0.47619047619047616,0.20353522708319474,1.0235776227421196,0.5273439203447166,-0.0680403752737654,-0.4931144982938102,-0.5385307294830869,-0.5988216213429445,0.061726182813434,0.24069952472447045,Specialty Industrial Machinery,Industrials,TAYD
2019Q1,2019,Q1,2018-10-11,2018-08-31,740832.0,7314094.0,931646.0,0.21,2306263.0,0.3153176593027106,41400734.0,34425578.0,30319658.0,6975156.0,6975156.0,12760275.0,27704911.0,41391337.143,34270725.143,9.758450307573819,4.346807153847169,0.0,0.0,0.021819927555592488,9.758450307573819,0.021519812971622438,5.659120205865552,13.967855445971557,1.2023425472478633,0.0,0.3924547864368127,0.0,0.17666580500722523,2.473572634074421,0.017894175499400568,9.724921460227671,0.3153176593027106,5.5625,2.5000000773940045,0.3130165866083145,0.48311174276613045,0.4509836119206165,5.562249209428397,13.151011604593231,-0.2999998456294332,-0.2634489676029387,0.2351052485820116,Specialty Industrial Machinery,Industrials,TAYD
2018Q4,2018,Q4,2018-08-29,2018-05-31,112893.0,6410815.0,65836.0,0.032,1589448.0,0.24793228318084362,39511290.0,33612351.0,28285169.0,5898939.0,5898939.0,11317775.0,26959080.0,36194930.46,33336607.46,9.527928825312074,4.7949587205427955,0.0,0.0,0.002952502901222769,9.527928825312074,0.0033586761009368254,5.645917166538108,80.15317703489146,1.076834240484993,0.0,0.42599954496356396,0.0,0.16225273839451965,2.8005429450957195,0.0028572339703411354,24.020149529782852,0.24793228318084362,5.729920314301577,-0.8041522068356275,0.18322137453359313,0.4751537403856597,0.0920918830080197,5.820984754665414,-0.5181403655153738,-0.8785212385683645,-0.43194616233686284,0.25992057508041566,Specialty Industrial Machinery,Industrials,TAYD
2018Q3,2018,Q3,2018-04-13,2018-02-28,-23417.0,6573658.0,136629.0,-0.00676544167208135,1455416.0,0.2214012350505609,38780499.0,33373406.0,27534052.0,5407093.0,5407093.0,11450500.0,26846187.0,38143162.339999996,36842316.339999996,9.641962321889643,5.092209806637319,0.0,0.0,-0.0006585108715435963,9.641962321889643,-0.0007016664706023713,5.802425733130625,-407.2165770594013,1.1429208735841945,0.0,0.4469885157853369,0.0,0.1695093711919488,2.90797051206628,-0.0006038344168805048,-92.14949094888712,0.2214012350505609,-1.3382720836040674,-1.0356075906077749,0.08162922691076073,0.5014212319034275,0.15354393429135976,-1.4490574721460487,2.894339299965796,-1.056378686357217,-0.05576301433423772,0.28752129200780685,Specialty Industrial Machinery,Industrials,TAYD
2018Q2,2018,Q2,2018-01-12,2017-11-30,52147.0,4811774.0,35084.0,0.02,1261691.0,0.262209114559412,37550299.0,33391404.0,25871339.0,4158895.0,4158895.0,11790428.0,26869604.0,32719635.15,31006309.15,12.806644294014996,6.220724254880203,0.0,0.0,0.001299981235832431,12.806644294014996,0.0015616893497500135,6.799911041125372,156.86249999999998,0.979881982500646,0.0,0.30109873873959453,0.0,0.1281420954863768,3.311444987190107,0.0013887239619583321,-269.4437731607293,0.262209114559412,-0.7777777777777777,-0.913958700791956,-0.061457383494814805,1.0762928365887028,-0.22004794603536484,-0.827183037445277,-0.9144467962661308,-0.8666666534473632,-0.0746417524863728,0.7919193758588046,Specialty Industrial Machinery,Industrials,TAYD
2018Q1,2018,Q1,2017-10-12,2017-08-31,301747.0,6567720.0,410084.0,0.09,1617652.0,0.24630343559104226,37890731.0,33333711.0,26108676.0,4557020.0,4557020.0,11251772.0,26817457.0,39394742.0,37557912.0,9.94221777743842,5.729331010177704,0.0,0.0,0.00897216521966564,9.94221777743842,0.009052307437356735,5.998237135566072,32.6388845622326,1.1818288698789043,0.0,0.4399367495182092,0.0,0.1733331563331412,3.190531970454376,0.007963609886544548,-24.562487452131048,0.24630343559104226,-0.64,-0.509921144872298,-0.11387051743547072,0.6752160817182632,-0.24682847973285993,-0.6425899604387274,-0.49787436206373,-0.24999982410802046,-0.022481330224686548,0.3821996272137486,Specialty Industrial Machinery,Industrials,TAYD
2017Q4,2017,Q4,2017-08-29,2017-05-31,844260.0,6301098.0,816696.0,0.25,2147787.0,0.3408591645456078,37160703.0,32856392.0,25677514.0,4304311.0,4304311.0,11488610.0,26515710.0,44457385.44,41132451.44,9.799851107033522,5.965534088963367,0.0,0.0,0.025184668357912346,9.799851107033522,0.025695456762264098,7.055498175079962,13.164601378722194,1.353081782077594,0.0,0.3615155358220011,0.0,0.16956347677276182,3.197126322888843,0.022719161152575613,17.621764372927952,0.3408591645456078,1.4999999999999998,-0.03410098463711719,-0.3549750774842078,0.7074125451691538,0.3064779263628135,1.4963113869480755,0.7539139510611156,1.051451389960517,0.15844690766671823,0.3880027765645668,Specialty Industrial Machinery,Industrials,TAYD
2017Q3,2017,Q3,2017-04-13,2017-02-28,338203.0,5672720.0,465642.0,0.1,1643952.0,0.28979960230718244,37301647.0,31879155.0,26520855.0,4739507.0,5422492.0,11456101.0,25671450.0,48971794.4,48196548.4,9.426041460306385,5.595699088533892,0.0,0.0,0.010287217718557116,9.426041460306385,0.010608907293810015,8.632859439563385,36.199999999999996,1.53616977614369,0.0,0.3516700839142392,0.0,0.15207693108028178,2.8880432078695106,0.009066704212819342,-15.099921743522257,0.28979960230718244,-0.6296296296296297,-0.3692726554949019,-0.3207506940772277,0.7053624124374336,-0.4013219372389356,-0.6395500277102784,-0.6606711342880712,0.4285714285714285,0.10701405692697415,0.3237086577389982,Specialty Industrial Machinery,Industrials,TAYD
2017Q2,2017,Q2,2017-01-12,2016-11-30,938280.0,7807465.0,1372244.0,0.27,2745970.0,0.3517108305961026,37653078.0,31535072.0,27087652.0,5435021.0,6118006.0,10576467.0,25333247.0,51431642.800000004,47415816.800000004,9.07455099995367,4.9839093538001045,0.0,0.0,0.029199527709496135,9.07455099995367,0.02975353917060979,6.587495787685248,13.70370326554973,1.6309346875757886,0.0,0.4785619810471682,0.0,0.2073526366157901,2.8036956986918726,0.024919078328735834,-54.4130997760279,0.3517108305961026,3.5000000000000004,1.1098347708116512,0.07105694046258448,0.6934429457330702,0.896225737574959,3.471534641669129,4.155904565094871,2.0000000959201976,0.6627222632612683,0.380525331642101,Specialty Industrial Machinery,Industrials,TAYD
2017Q1,2017,Q1,2016-10-14,2016-08-31,209834.0,5755713.0,266150.0,0.06,1448124.0,0.2515976734767699,36404696.0,30590486.0,26083283.0,5131225.0,5814210.0,10204000.0,24394967.0,65538146.419999994,60567652.419999994,8.747054028141676,5.083246788047688,0.0,0.0,0.006618630798093864,8.747054028141676,0.006859452968481769,11.386625153130463,78.08332589094235,2.1424356062862158,0.0,0.42214709917679344,0.0,0.15810358641643374,2.811991288629908,0.005763926719783623,-52.057245860283416,0.2515976734767699,-0.8064516129032259,-0.5262453697625983,0.15981447424820408,0.6807466143710358,-0.47356202584196505,-0.8078995600166252,-0.7603668462602282,-4.059025050358555e-09,0.04228052530658245,0.32939740787306027,Specialty Industrial Machinery,Industrials,TAYD
2016Q4,2016,Q4,2016-08-29,2016-05-31,1092314.0,9061340.0,1110656.0,0.31,2750797.0,0.30357507829967756,37488299.0,30157229.0,27621402.0,6648085.0,7331070.0,9604956.0,24185133.0,58403791.099999994,52317711.099999994,8.623168373396911,4.154790740491435,0.0,0.0,0.03603705244913522,8.623168373396911,0.036220635523243866,6.445381268112663,13.366987674789485,1.9366431544489713,0.0,0.6570090482455099,0.0,0.24171115365890566,2.4938106236607984,0.029137464999412218,261.394030846074,0.30357507829967756,-0.11428571428571424,0.39249631028532334,0.17182144002454933,0.6961236615827551,-0.17047699434187977,-0.07556677194728521,-0.3352879884468272,0.9115030097746745,0.6870230110080554,0.33507494789405473,Specialty Industrial Machinery,Industrials,TAYD
2016Q3,2016,Q3,2016-04-12,2016-02-29,1181604.0,8326147.0,1670883.0,0.35,3316119.0,0.3982777387908237,36623318.0,28898275.0,27458226.0,7096258.0,7725043.0,10276725.0,23092819.0,45576148.5,38788382.5,8.5598876899394,3.869395109366091,0.0,0.0,0.04082191444492959,8.5598876899394,0.040888392127211744,5.473858256405994,9.642855918734195,1.5771234961256337,0.0,0.4875121208361613,0.0,0.22734551249561824,2.2576741150054014,0.03226370696396214,19.936192014263586,0.3982777387908237,0.2962962962962961,1.9262940777752788,0.5988872826202359,0.7722648026165451,0.10729452509922219,0.277882200770447,0.17786515848013032,0.8421056449626886,0.4045804881292447,0.332923391663394,Specialty Industrial Machinery,Industrials,TAYD
2016Q2,2016,Q2,2016-01-12,2015-11-30,924658.0,8819548.0,1418569.0,0.27,2994794.0,0.3395632066405217,36248421.0,27712029.0,26997210.0,7907607.0,8536392.0,9742536.0,21911215.0,53938379.25,49440141.25,8.091909004662947,3.4140808970400274,0.0,0.0,0.03322405602668272,8.091909004662947,0.033366665428937015,6.115775916180739,14.583332229321542,1.9463886693392243,0.0,0.5978683578895679,0.0,0.2433084740436004,2.0365474662562266,0.02550891802983639,-274.67449152628683,0.3395632066405217,-0.09999999999999991,6.092171059367261,0.8384103419845236,0.7167843353000752,-0.11272934339232682,-0.08417875915293335,-0.08378872556269816,0.16155762724276523,0.30971590959410916,0.31191062350041904,Specialty Industrial Machinery,Industrials,TAYD
2016Q1,2016,Q1,2015-10-07,2015-08-31,1009649.0,9473414.0,1548299.0,0.3,3375288.0,0.35629056219859073,34499230.0,26590475.0,25519617.0,7279970.0,7908755.0,9199000.0,20986557.0,44858709.513000004,40359450.513000004,7.900905869177717,3.505456341166241,0.0,0.0,0.03788834815625612,7.900905869177717,0.03797032584036201,4.735221063177436,11.1075011001348,1.6870217441771913,0.0,0.6629118382432874,0.0,0.27459783885031636,2.0745408291517684,0.029265841585449877,-96.58208747540165,0.35629056219859073,0.15384615384615377,3.999999504778443,1.025376977444979,0.60942615146277,0.011464079457434032,0.13881961480980176,0.26042334882236673,0.6335958054088473,0.27332791479802476,0.33126480112155265,Specialty Industrial Machinery,Industrials,TAYD
2015Q4,2015,Q4,2015-08-27,2015-05-31,886575.0,10766451.0,1228396.0,0.26,3337032.0,0.30994726117269283,33665108.0,25450982.0,24731673.0,7585341.0,8214126.0,8662056.0,19976908.0,44088010.699999996,39192112.699999996,7.562324970130712,3.260456319630192,0.0,0.0,0.034886324959235666,7.562324970130712,0.03483460873926201,4.094943700575055,12.432115359670641,1.7322714974219855,0.0,0.8576969486228212,0.0,0.3198103805281124,1.9538490095567227,0.02633513012939094,17.722897175223,0.30994726117269283,1.1666666666666667,0.8445107174932723,1.14498016703959,0.5630930984633161,0.9242497544976096,1.263091123511183,1.6509416657135274,0.01046709782719695,0.09795367193781507,0.31757190835072513,Specialty Industrial Machinery,Industrials,TAYD
2015Q3,2015,Q3,2015-04-14,2015-02-28,391754.0,6566338.0,463381.0,0.12,1734199.0,0.26410443690227337,29765633.0,24447995.0,21186829.0,4737953.0,5317638.0,9271000.0,19090333.0,38303751.261,35931636.261,7.488778928738042,4.47172629192396,0.0,0.0,0.015908175204410763,7.488778928738042,0.01602397251799176,5.833350531300703,24.443752495826462,1.566744072918863,0.0,0.5212101175709201,0.0,0.22060132233707241,2.1874140583496713,0.013161285701533711,-46.98209612969223,0.26410443690227337,-0.2,0.19097588016907707,0.35538159213988574,0.6807775349098989,-0.1277599532846833,-0.22319273942967957,-0.3991724992803778,-0.2431272638742915,-0.1854714571397146,0.3548722604184487,Specialty Industrial Machinery,Industrials,TAYD
2015Q2,2015,Q2,2015-01-13,2014-11-30,504313.0,6705095.0,771238.0,0.15,1988213.0,0.29652271891747994,30084166.0,24028454.0,21355325.0,5497227.0,6055712.0,8728000.0,18698579.0,31939826.5,28778978.5,7.146886442855286,3.8847449814242707,0.0,0.0,0.0207973724595856,7.146886442855286,0.020988158455804106,4.763515878596799,15.833334903125637,1.3292501673224586,0.0,0.5404310265811182,0.0,0.22287787535808704,1.9947206109553053,0.01676340304730402,-91.7940356544456,0.29652271891747994,0.25,-0.06250001823080802,0.7931216231177609,0.5975140083907828,0.17987344423825904,0.2855092708243055,0.2887732525884484,0.1721302745411075,-0.04924814162467197,0.33371275677114925,Specialty Industrial Machinery,Industrials,TAYD
2015Q1,2015,Q1,2014-10-14,2014-08-31,392306.0,6551382.0,598428.0,0.12,1685107.0,0.25721397408974167,29257488.0,23515610.0,20568517.0,5183393.0,5741878.0,8753000.0,18194266.0,27984497.520000003,24482675.520000003,7.193040413040799,3.9681569581932146,0.0,0.0,0.016575377096995216,7.193040413040799,0.01668279070795952,4.271541106899278,17.83333515164183,1.190039191838953,0.0,0.5559551011081915,0.0,0.22392154787861487,1.984146484744645,0.01340873830316533,39.677776246501466,0.25721397408974167,0.0,0.1999998776465435,0.2822227190069627,0.7057469263236333,0.07812072138011163,-0.022387799347105584,0.13809393399972614,-0.05249092644474687,0.41222253173138884,0.382142865741602,Specialty Industrial Machinery,Industrials,TAYD
2014Q4,2014,Q4,2014-08-29,2014-05-31,401290.0,5303755.0,525816.0,0.12,1563004.0,0.2946976246074715,27430776.0,23081971.0,18561911.0,3790320.0,4348805.0,8978302.0,17801960.0,28867186.11,26073544.11,7.060397336732312,4.897188364043141,0.0,0.0,0.01727132094697298,7.060397336732312,0.01738543038633919,5.442782728463136,17.98399294151362,1.2506378294124016,0.0,0.4166434811393067,0.0,0.19335052715971288,2.1269383587665422,0.014629188762286565,16.539302640301276,0.2946976246074715,0.7142857142857141,0.17009146379466644,0.16739848752730058,0.7179785912273884,0.18841906453486781,0.805693047031084,0.5390307152850544,-0.452750076294898,-0.2662750509421502,0.3887363048542826,Specialty Industrial Machinery,Industrials,TAYD
2014Q3,2014,Q3,2014-04-11,2014-02-28,222236.0,4810355.0,341654.0,0.07,1315196.0,0.27340934296948977,26358304.0,22607540.0,17302600.0,3352579.0,3750764.0,8966000.0,17400670.0,27589012.0,26543717.0,7.1209336021166685,5.160982038007158,0.0,0.0,0.00958929831108774,7.1209336021166685,0.009830171703776704,5.73533803638193,31.03571428571428,1.220345601511708,0.0,0.38982366718715145,0.0,0.1824986539346386,2.052698832749355,0.008431346720942288,-96.76925721060256,0.27340934296948977,-0.22222222222222213,6.0,0.2772033055837072,0.7406392169751659,0.005466937299557737,-0.2747411258293274,-0.19490912347095793,-0.41474125874125867,-0.01771302928792,0.47433943550843083,Specialty Industrial Machinery,Industrials,TAYD
2014Q2,2014,Q2,2014-01-13,2013-11-30,306423.0,4600452.0,424367.0,0.09,1308045.0,0.28432967021501365,26239922.0,22379976.0,17108574.0,3461761.0,3859946.0,9016000.0,17178434.0,27884493.0,26557928.0,6.573259318001586,4.942159207409177,0.0,0.0,0.013625822495236984,6.573259318001586,0.013691837739236181,6.061250720581369,22.75,1.2459572342704923,0.0,0.3651738021295475,0.0,0.17532262481572924,1.926005290370999,0.011677740505478637,22.292364256739795,0.28432967021501365,0.5,3.4999999999999996,-0.004591662597443643,0.42289310097182276,0.022628392910333115,0.5225004099114094,0.6712955122777308,1.364056840821305,-0.035426972060012475,0.3945866942531726,Specialty Industrial Machinery,Industrials,TAYD
2014Q1,2014,Q1,2013-10-10,2013-08-31,201263.0,5296666.0,253915.0,0.06,1279101.0,0.2414917232840432,24983423.0,22070879.0,16219286.0,2514359.0,2912544.0,8786000.0,16872011.0,29384395.08,29310008.08,6.57971346742456,6.450664364158022,0.0,0.0,0.00882867733724692,6.57971346742456,0.009118939032740834,5.54771531374642,36.4999963729051,1.331364966479133,0.0,0.4572689506032324,0.0,0.21200721774594297,2.320085954312809,0.00805586168076328,-14.108832584703952,0.2414917232840432,-0.625,0.20000011924696734,-0.022689159846204853,0.536732459835595,-0.20057336675785287,-0.6327994293022636,-0.4554720857468213,9.937247286614012e-08,0.13615739431276144,0.34029731513646955,Specialty Industrial Machinery,Industrials,TAYD
2013Q4,2013,Q4,2013-08-29,2013-05-31,548101.0,5151806.0,466303.0,0.16,1600023.0,0.31057516529155016,25618509.0,21665757.0,17343970.0,3554567.0,3952752.0,9124186.0,16670748.0,27069870.810000002,25071996.810000002,6.458939542681918,4.879348173771939,0.0,0.0,0.02509364565644943,6.458939542681918,0.025298031358885822,5.254442968155246,12.347117962747742,1.249431109653819,0.0,0.38927121827634814,0.0,0.20109702715329764,1.8849753007890975,0.02139472675790773,16.497035949327593,0.31057516529155016,-0.15789473684210525,-0.31262953129897186,-0.08365764014555918,0.5302056705614824,-0.22431551676327033,-0.11953768182292795,-0.4999672938035162,0.14409702447043568,0.02978550068743911,0.3350290899206635,Specialty Industrial Machinery,Industrials,TAYD
2013Q3,2013,Q3,2013-04-11,2013-02-28,622515.0,5752940.0,932545.0,0.19,2062724.0,0.35855127986733737,24609292.0,21040649.0,17141496.0,3284658.0,3568643.0,9007000.0,16122647.0,28910581.8405,28555282.8405,6.421890217754575,5.218654727524144,0.0,0.0,0.029650847320082104,6.421890217754575,0.02958630220959439,5.025357789321634,11.610395669381461,1.3740347001891435,0.0,0.40970534029088485,0.0,0.2337710487567054,2.0824597264007396,0.025295932934600477,16.307579143471656,0.35855127986733737,-0.1739130434782609,0.5833333796727292,0.08417487953988358,0.702346051637307,-0.16925234386358612,-0.19086748613459742,-0.20422962478144038,0.885711851348957,0.18321638981988853,0.44132560359588824,Specialty Industrial Machinery,Industrials,TAYD
2013Q2,2013,Q2,2013-01-14,2012-11-30,769361.0,6508172.0,1171877.0,0.23,2482973.0,0.38151619225797967,26315227.0,20415211.0,19349087.0,5616031.0,5900016.0,9033483.0,15500132.0,26975204.150000002,28394396.150000002,6.168033751470237,3.445331231255668,0.05517717935703158,0.0711234383029399,0.035655404402908694,6.168033751470237,0.037685674666796246,4.144820411937484,8.765457356819491,1.3213286970191003,0.0,0.44558660264263517,0.0,0.24731582212838218,1.1929729376493827,0.029236342897593092,13.211727982987245,0.38151619225797967,0.2777777777777779,4.811162832293152,0.30249893205318,0.5743602920685074,-0.05179732758982819,0.2657773639105191,0.30799040557539203,0.45279082385864455,0.7679323810842369,0.3787151091579719,Specialty Industrial Machinery,Industrials,TAYD
2013Q1,2013,Q1,2012-10-11,2012-08-31,607817.0,7316667.0,895937.0,0.18,2618610.0,0.3578965668384252,28730962.0,19643039.0,22737557.0,8803938.0,9087923.0,8938339.0,14730771.0,28861089.76,32323273.76,5.934886780241939,2.582657556198147,0.13017315605373742,0.1903982372585016,0.02579583751442641,5.934886780241939,0.030943124432018895,3.94456789683062,11.87079736170591,1.4692782394821902,0.0,0.5256073863387818,0.0,0.2546613997818799,0.9808459577975219,0.021155469837731155,-8.80959830236965,0.3578965668384252,-0.30769230769230776,0.6694902210004772,0.5875620067971835,0.711086986059109,0.022065699846530704,-0.29557865702431446,-0.07245889182101753,0.8364394013097028,0.4144621878643988,0.40739024142321784,Specialty Industrial Machinery,Industrials,TAYD
2012Q4,2012,Q4,2012-08-29,2012-05-31,862860.0,9643520.0,965927.0,0.26,2562076.0,0.26567850743297056,26461897.0,18996660.0,20981560.0,7181252.0,7465237.0,8372535.0,14122954.0,31608188.900000002,31795893.900000002,5.739591837227978,2.921713372542838,0.009888066603841743,0.013773842349128741,0.04443956337178726,5.739591837227978,0.04542166886178939,3.2776609474548715,9.157971426419119,1.663881382306153,0.0,0.8457944935434728,0.0,0.3644304110170182,0.7915444270720482,0.032607639580790444,-33.63575203252033,0.26567850743297056,0.625,8.506546717814892,1.265032444756903,0.7157938707181681,0.20789739682731256,0.6780205867996336,0.2804368661126525,1.4851311799719487,1.096615372032691,0.3965922069911107,Specialty Industrial Machinery,Industrials,TAYD
2012Q3,2012,Q3,2012-02-29,2012-02-29,514213.0,8008836.0,754373.0,0.16,2121104.0,0.26484547816936194,23978272.0,17926577.0,19047243.0,5773210.0,6051695.0,8029278.0,13260094.0,34573386.12,33936985.12,5.5272951904891405,3.2992465197004788,0.00020968983920109007,0.0002804774162964854,0.02812311411288343,5.5272951904891405,0.02868439412610673,4.3169052431589305,16.808883731060863,1.9286105830466127,0.0,0.7332828680237501,0.0,0.33400388485041793,0.7083128796631337,0.02144495650061856,-25.200179394292793,0.26484547816936194,0.23076923076923075,0.9818392540345865,0.5965714181730254,0.573768989002085,0.14865498608793035,0.24283791067358565,0.22749498424083456,14.854711369532467,1.081536190771631,0.35109064484238517,Specialty Industrial Machinery,Industrials,TAYD
2012Q2,2012,Q2,2012-01-12,2011-11-30,413741.0,6781754.0,614563.0,0.13,1846598.0,0.27228914525652215,23070722.0,17324783.0,18504650.0,5466540.0,5745939.0,7286000.0,12745881.0,22599061.44,20676091.44,5.358639936951293,3.3850753858930878,0.00023774721918109023,0.0003165984820704536,0.02375107461568484,5.358639936951293,0.02388145352239044,3.3323328212730807,13.655319052257331,1.3044354691195845,0.0,0.6773477902827341,0.0,0.2939549962935707,0.94809788275582,0.017933595662935908,-20.90854301186193,0.27228914525652215,0.0,2.1993027649381878,0.9016093105727943,0.8201328856048593,0.20338350152003415,0.013780362004033157,0.112899253555661,5.398605529876376,0.5452844205652503,0.15996820268429243,Specialty Industrial Machinery,Industrials,TAYD
2012Q1,2012,Q1,2011-10-13,2011-08-31,408117.0,4572702.0,552218.0,0.13,1534505.0,0.3355794888886265,21889758.0,16770516.0,17255212.0,4838472.0,5119242.0,6875000.0,12332140.0,21268203.0,18401937.0,5.204266933130175,3.566252320980673,0.0002505738071658901,0.0003270620892046494,0.02284247023749839,5.204266933130175,0.024335387175922315,4.651123777582707,13.028251089761023,1.2681901379778655,0.0,0.44191956363636364,0.0,0.20889687314039745,1.0210746285190861,0.018644198807497094,29.208786998176183,0.3355794888886265,-0.40909090909090906,1.5329570156914525,0.10406347754383488,0.6070891957186174,-0.24679625622882004,-0.4353635050553683,-0.16832634521313766,1.5329570156914525,-0.12172845012682222,0.21548848067400722,Specialty Industrial Machinery,Industrials,TAYD
2011Q4,2011,Q4,2011-08-25,2011-05-31,722796.0,7125138.0,663984.0,0.22,2037304.0,0.2859318654600093,19878028.0,16383105.0,15470435.0,3212781.0,3494923.0,5352424.0,11924023.0,18915810.85,16731418.850000001,5.0840446181560335,4.815278414557357,0.0004599047752624154,0.0005580138807631398,0.036369819272787846,5.0840446181560335,0.04411837682783575,2.6547992263448092,6.542582848410894,1.154592542134107,0.0,0.9505663228473679,0.0,0.35844289986914196,1.3478609341875465,0.036361554576741714,27.86367176337149,0.2859318654600093,0.8333333333333334,2.9373010376561943,0.6546814890485735,0.6075587918413382,0.5170713944772544,0.872043512043512,0.6735534377985185,-0.05643504399446281,0.31922031312507804,0.20447541778036898,Specialty Industrial Machinery,Industrials,TAYD
2011Q3,2011,Q3,2011-04-14,2011-02-28,386100.0,4979343.0,396751.0,0.12,1342919.0,0.2696980304429721,19051625.0,15591544.0,14671114.0,3205568.0,3460081.0,6720131.0,11201227.0,15819724.872,14326631.872,4.829914625230784,4.576759563359754,0.00028790195062101004,0.0003517932540869589,0.023268082762458737,4.829914625230784,0.024763423045209634,3.177070724390748,10.243282097902098,1.0146349118470885,0.0,0.5411239751129852,0.0,0.2613605401114078,1.08917951514365,0.020265987809438828,-24.284686676040945,0.2696980304429721,1.9999999999999996,2.986840637894502,-0.018484331557999705,0.3278422206334622,0.2939719240297275,2.1396625330351697,1.4803913600700196,-0.0032897313005571327,-0.04758084070439795,0.28033737937080627,Specialty Industrial Machinery,Industrials,TAYD
2011Q2,2011,Q2,2011-01-14,2010-11-30,122975.0,4525002.0,159955.0,0.04,1037827.0,0.22935393177726773,18052125.0,15225357.0,13675326.0,2515884.0,2826768.0,6169118.0,10815127.0,14859016.6,12691908.6,4.713410320841825,5.435594804847918,0.00030384234543024715,0.00036025427843826584,0.006709905599082923,4.713410320841825,0.008076986306462305,3.2837591232003875,30.207392966050005,0.9759387973628466,0.0,0.5652631381017513,0.0,0.25066312137767716,1.473758329080355,0.0068122173982287405,-88.52662289690673,0.22935393177726773,-0.3333333333333333,-0.04824623454556202,0.25481637693259757,0.5073416636897825,-0.09021360751864803,-0.3339670057084674,-0.3890206683702507,-0.04824623454556202,-0.07207681844418858,0.203074812551155,Specialty Industrial Machinery,Industrials,TAYD
2011Q1,2011,Q1,2010-10-13,2010-08-31,184638.0,4276823.0,261801.0,0.06,1140737.0,0.2667253239145038,18078277.0,15106911.0,13747653.0,2659111.0,2971366.0,6613689.0,10692152.0,15017224.0,12674761.0,4.909144704773666,5.170018476099719,0.0003034028076901355,0.0003630788584112265,0.011024386995703392,4.909144704773666,0.01222208828793656,3.5113036008270626,20.333333333333332,0.9940631807521735,0.0,0.474181050847719,0.0,0.2365724897345029,1.769656475416032,0.010213252070426844,6.986653118800642,0.2667253239145038,-0.5714285714285715,0.4999999999999999,0.2212286781978636,0.43985510041291825,-0.19915403867552645,-0.5798869614285455,-0.32118576829135487,-0.454545501536341,-0.001920609230120164,0.41535532657234214,Specialty Industrial Machinery,Industrials,TAYD
2010Q4,2010,Q4,2010-08-25,2010-05-31,439496.0,4589548.0,385674.0,0.14,1424415.0,0.31036062810542564,18600403.0,14888136.0,14241499.0,3398641.0,3712267.0,6474148.0,10507514.0,18002205.0,17819244.0,4.838051538686511,4.190351084448166,0.0007863270489354451,0.0009823929604082069,0.02901528813984452,4.838051538686511,0.02951988079636027,3.9224352812085197,10.240255315179205,1.2091644649135391,0.0,0.4888879586935609,0.0,0.24674454634128087,1.5391393206872983,0.02362830525768716,71.59357725193875,0.31036062810542564,0.4000000000000001,1.4771089241310902,0.16621302126814477,0.43584884521993295,-0.05024880365547678,0.3532364043919772,-0.29063359868159677,4.2079137199939405,0.15940498098471556,0.44628736880810277,Specialty Industrial Machinery,Industrials,TAYD
2010Q3,2010,Q3,2010-04-13,2010-02-28,324774.0,4783353.0,543688.0,0.1,1499777.0,0.31354094084212475,18083734.0,14361632.0,13703048.0,3404304.0,3722102.0,6822601.0,10068018.0,18115041.54,18192386.54,4.455544397277711,4.025212789457111,0.01622922566766355,0.02043535163691703,0.022048152686136947,4.455544397277711,0.02261400375667612,3.787101127598151,13.94434402076521,1.2613497922798746,0.0,0.4812792071528146,0.0,0.26451135589585645,0.9255897828161057,0.01795945461263697,59.021068795308295,0.31354094084212475,-0.375,7.874827142175557,0.6445424012016876,0.4478588704593317,0.06001195871275624,-0.3528993347161037,0.9226264569424013,0.25947143324980076,-0.04052630022539287,0.2686128313941411,Specialty Industrial Machinery,Industrials,TAYD
2010Q2,2010,Q2,2010-01-14,2009-11-30,501891.0,3488797.0,282784.0,0.16,1414868.0,0.40554609511530765,18055088.0,14033360.0,13574708.0,3702559.0,4021728.0,7140917.0,9743245.0,14068633.215000002,14453714.215000002,4.4737551003102185,3.6663043046714447,0.024618268268756155,0.03167345525234156,0.033816260943507905,4.4737551003102185,0.0357641363151804,4.032517000845851,7.007813058512705,1.0025135259837987,0.0,0.29042894631039684,0.0,0.19323068378287606,0.3511730670598362,0.02779775983368234,88.26713103954526,0.40554609511530765,0.6,42.845211567364046,0.5456884723298958,0.8851585085113808,-0.1830289760174981,0.5645127604061135,-0.48725313141423154,2.9999996812057055,0.008274376161585786,0.5195700543466294,Specialty Industrial Machinery,Industrials,TAYD
2010Q1,2010,Q1,2009-10-14,2009-08-31,320797.0,5013673.0,551508.0,0.1,1731846.0,0.34542460188368884,18204137.0,13527832.0,13677399.0,4355765.0,4676305.0,6587117.0,9241354.0,11516612.299999999,12061736.299999999,4.216944672175862,3.1400681625386127,0.031771953814674105,0.04275489228429212,0.022937472153818167,4.216944672175862,0.023713851561728443,2.2970409717586286,8.975,0.851327271066051,0.0,0.4982190235880128,0.0,0.2754139347555998,0.593682166048903,0.01762220312888219,21.386347522669325,0.34542460188368884,0.0,4.0,1.3477130705065772,0.7818196024352297,0.11838138000644483,-0.04675349373460395,0.131676847848614,1.0,0.216000384595158,0.3022018871581776,Specialty Industrial Machinery,Industrials,TAYD
2009Q4,2009,Q4,2009-08-28,2009-05-31,336531.0,4458111.0,487337.0,0.1,1548529.0,0.3473509295753291,17431127.0,13183833.0,12798206.0,3852049.0,4247294.0,6721821.0,8920557.0,9399352.1,10536166.1,4.1097120608983255,3.3224411215952863,0.06781609703147708,0.08966368126780733,0.023605117232355085,4.1097120608983255,0.025526036320393318,2.108371034278868,6.982530658394027,0.7129453247777031,0.0,0.4328562155999096,0.0,0.255755752338905,0.7103567477983795,0.019306324829140423,-8.593771920200412,0.3473509295753291,9.0,0.8928133173939579,0.5480423348543242,0.7621789043607128,0.7640942625005126,9.736010974286991,7.667929495046511,0.841469456988951,0.03998857650630576,0.29947792587030486,Specialty Industrial Machinery,Industrials,TAYD
2009Q3,2009,Q3,2009-04-14,2009-02-28,31346.0,3718629.0,56223.0,0.01,877804.0,0.23605581519425572,16115603.0,12823610.0,11427664.0,3005210.0,3291993.0,6786962.0,8584028.0,7523040.0,7453410.0,4.090987685829133,3.8026174543542712,0.006897104625870965,0.008667684060884572,0.0028899670040137097,4.090987685829133,0.0024443974824561883,2.0230681791595773,60.0,0.5866553957894851,0.0,0.41857093055773703,0.0,0.23074712128364044,0.47563431507282355,0.0019450714937567027,3.702804627029198,0.23605581519425572,-0.5,-0.5,-0.017375620691731992,0.3706018543743907,-0.08003106374460656,-0.4338300370270026,-0.4840979996329602,-0.6666666666666666,-0.2451240546862598,0.12469610641946756,Specialty Industrial Machinery,Industrials,TAYD
2009Q2,2009,Q2,2009-01-13,2008-11-30,55365.0,3757731.0,108980.0,0.02,954167.0,0.2539210496972774,18005483.0,12788329.0,13457482.0,4939702.0,5217154.0,7057806.0,8552680.0,6200880.000000001,8164952.000000001,4.619643818296758,2.7243509831159853,0.10967031542558453,0.15441165143624316,0.0047598298855026705,4.619643818296758,0.004329338101952179,1.650166017737832,28.000000000000004,0.484885867418644,0.0,0.39722882720210784,0.0,0.2086992612194852,1.0571684283788778,0.0030748966856373695,7.3817451540363495,0.2539210496972774,-0.6,1.5,0.18825365994839866,0.6502612018824846,-0.2544329642354548,-0.6275529424427522,-0.5397901226747746,-0.5,0.2159452424970737,0.4773552745736723,Specialty Industrial Machinery,Industrials,TAYD
2009Q1,2009,Q1,2008-10-14,2008-08-31,148652.0,4803502.0,236805.0,0.05,1279787.0,0.2664279103037742,18554920.0,12729445.0,14102426.0,5541656.0,5825475.0,6722439.0,8497315.0,24675934.696,27464009.696,4.281625877889298,2.5448035749602647,0.1574364642908727,0.22948533891304768,0.009508284702551974,4.281625877889298,0.01167780684860966,5.137071806361275,41.49949999999999,1.9384925812555063,0.0,0.5241721047970833,0.0,0.25888023230496277,1.1378800849421185,0.008011460033241857,-13.271740463533273,0.2664279103037742,-0.7916666666666667,1.7142856077442836,0.552994712181581,0.48654711409219215,-0.12291151377086773,-0.7896643305784189,-0.32883728048794314,0.25000000000000006,0.41972025263012175,0.25580345031264995,Specialty Industrial Machinery,Industrials,TAYD
2008Q4,2008,Q4,2008-08-21,2008-05-31,706737.0,4982988.0,352828.0,0.24,1459131.0,0.29282249927152143,16414650.0,12549088.0,11961945.0,3530077.0,3865562.0,6625168.0,8348663.0,19830176.8,20881077.8,4.220961709226919,3.3885790593236353,0.0707673328398717,0.09256616895187922,0.022644592709724402,4.220961709226919,0.05631779775550223,3.9795754675708634,7.014694575209731,1.5802086016131214,0.0,0.5318894554824873,0.0,0.3035695552448575,1.1263326550667307,0.0430552585647577,111.70671924290221,0.29282249927152143,1.0,2.836263880287456,0.7444546260053536,0.43826313020326896,-0.1693734085592968,0.9362180110627409,-0.43448894872657917,3.123035653165679,0.3105901381723704,0.25270740657641766,Specialty Industrial Machinery,Industrials,TAYD
2008Q3,2008,Q3,2008-04-14,2008-02-29,365009.0,4926252.0,623910.0,0.12,1756663.0,0.3565921921980443,17294632.0,11474596.0,12266204.0,4795390.0,5272318.0,6785725.0,7641927.0,15208710.0,16954925.0,3.7723764868946805,2.5579158316633266,0.10456047865025402,0.15759465518437424,0.028902296821388215,3.7723764868946805,0.03181018312104409,3.0872781173192116,10.41666780819103,1.3254244419585666,0.0,0.4670965887948598,0.0,0.28484283447025643,0.8939879759519038,0.021105334880788442,-21.67582135669941,0.3565921921980443,1.9999999999999996,1.3999997369928152,0.0831512890548307,0.16309647758308143,0.38880363672299634,2.2213592918479557,1.988332327499497,9.187753245406562,0.7947745881009499,0.2258589012377065,Specialty Industrial Machinery,Industrials,TAYD
2008Q2,2008,Q2,2008-01-09,2007-11-30,113309.0,4276406.0,208782.0,0.04,1264875.0,0.29577991425510114,16358517.0,11098059.0,11273512.0,4177310.0,4719993.0,6214115.0,7276917.0,18497694.25,19477872.25,3.9178031753876565,2.6987491950561484,0.06817830736123574,0.1004946901075224,0.010717089791513378,3.9178031753876565,0.010209803353901795,4.325523406804686,40.8125,1.6667503975244682,0.0,0.4846274972381425,0.0,0.2614177067517795,0.9302283048181724,0.006926605877537677,13.44568121767637,0.29577991425510114,-0.6363636363636365,-0.5,0.39688760887459495,0.2804957347124416,-0.25114160387573997,-0.6746144789363352,-0.6635630583594384,9.961303765441286,1.098022988005856,0.6508905438839979,Specialty Industrial Machinery,Industrials,TAYD
2008Q1,2008,Q1,2007-10-11,2007-08-31,348230.0,4408185.0,620568.0,0.11,1689071.0,0.3831669950331032,18053628.0,10980290.0,13014861.0,5943391.0,6543136.0,5792404.0,7163608.0,18519502.95,20812355.95,3.468489228540553,2.1898039351609206,0.14066746030216198,0.23128332676095076,0.028204073875891075,3.468489228540553,0.03171409862581043,4.201162825516624,13.295453400051688,1.6866132816164237,0.0,0.4694275468354763,0.0,0.24417169778838912,1.0582228226276884,0.019288643811648274,-54.35226894529702,0.3831669950331032,3.0740740740740744,-0.15384596420242844,-0.03473924499928224,0.15582363028753468,0.31756919092639396,3.011173184357542,1.8674244524535626,4.500000473824811,1.0917301824865453,0.4655686945639078,Specialty Industrial Machinery,Industrials,TAYD
2007Q4,2007,Q4,2007-08-28,2007-05-31,86815.0,4072287.0,216420.0,0.027,1281960.0,0.31480099511650333,16652390.0,10589839.0,11955228.0,4803231.0,5542047.0,5093146.0,6815378.0,18361216.599999998,20487156.599999998,3.345152314144587,2.4889970938312147,0.12903180864728728,0.20290091284673922,0.00930583624288428,3.345152314144587,0.008197952773408547,4.508821848754765,52.874551056845014,1.7338522899167776,0.0,0.5478592210001442,0.0,0.24454669870210824,1.2299479246365623,0.005213365769117826,134.38642025909388,0.31480099511650333,-0.6625000000000001,1.1505443389422465,-0.1492326586908254,0.1728309729454432,-0.17602664049409092,-0.6354929861318128,-0.532834551506491,-0.5051947323724857,0.43293724702530567,0.4343478940883512,Specialty Industrial Machinery,Industrials,TAYD
2007Q3,2007,Q3,2007-04-11,2007-02-28,238171.0,4604636.0,463262.0,0.08,1555827.0,0.33788273383607303,16495715.0,10456122.0,11941933.0,4770699.0,5528730.0,4878439.0,6728563.0,15332260.700000001,17251711.700000003,3.5121388393819837,2.5031830765261023,0.11913821256004968,0.18795400436222914,0.023112021635843645,3.5121388393819837,0.022778138969686848,3.3297443489561394,16.09375270288994,1.4663429424408017,0.0,0.6249558516566467,0.0,0.2791413406451312,1.3007752113474356,0.014438355657817804,9.134468807379896,0.33788273383607303,1.0,-0.20000013435722497,0.03837476153548808,0.1632302400184208,0.17011409881042722,0.7162508827301944,0.44054056575318185,2.999999328213875,0.2811003530335074,0.17667037296438368,Specialty Industrial Machinery,Industrials,TAYD
2007Q2,2007,Q2,2007-01-12,2006-11-30,138774.0,3826975.0,321589.0,0.04,1329637.0,0.34743812018630904,18032033.0,10214088.0,13402906.0,6462591.0,7316953.0,4992134.0,6490392.0,,,,,,,,,,,,,,,,,,,,,,,,,,,,,,,Specialty Industrial Machinery,Industrials,TAYD
2007Q1,2007,Q1,2006-10-16,2006-08-31,155513.0,3997502.0,342170.0,0.05,1587695.0,0.39717178377896994,18449211.0,10072013.0,13943326.0,6975777.0,7882627.0,4736478.0,6351618.0,,,,,,,,,,,,,,,,,,,,,,,,,,,,,,,Specialty Industrial Machinery,Industrials,TAYD
