Quarters,Year,Quarter,FillingDate,Date,NetIncome,Revenue,OperatingIncome,EPSDiluted,GrossProfit,GrossProfitRatio,TotalAssets,CommonStockEquity,CurrentAssets,CurrentLiability,TotalLiability,Inventory,RetainedEarnings,MarketCap,EnterpriseValue,bookValuePerShare,currentRatio,debtToAssets,debtToEquity,roic,shareholdersEquityPerShare,roe,priceToSalesRatio,peRatio,pbRatio,payoutRatio,inventoryTurnover,dividendYield,assetTurnover,quickRatio,returnOnAssets,priceToFreeCashFlowsRatio,grossProfitMargin,epsdilutedGrowth,fiveYNetIncomeGrowthPerShare,fiveYRevenueGrowthPerShare,fiveYShareholdersEquityGrowthPerShare,grossProfitGrowth,netIncomeGrowth,operatingIncomeGrowth,threeYNetIncomeGrowthPerShare,threeYRevenueGrowthPerShare,threeYShareholdersEquityGrowthPerShare,Industry,Sector,Symbol
2023Q2,2023,Q2,2023-05-09,2023-03-31,6663000.0,18914000.0,10604000.0,0.8,18914000.0,1.0,1786618000.0,227661000.0,222784000.0,1935000.0,1558957000.0,0.0,190177000.0,222118774.64,61402774.639999986,27.694193027896493,115.13385012919896,0.0021661037781999285,0.016998958978481162,0.03616547872423283,27.694193027896493,0.02926719991566408,11.743617142857142,8.334037769773374,0.9756557980506103,0.2838060933513432,0.0,0.008513463137300514,0.010586482392990555,115.13385012919896,0.0037293926289783267,39.89202130747126,1.0,-0.11111111111111108,0.3913510543814595,0.3999280029198966,0.7221775045691303,-0.03000153854043797,-0.11242840015985081,-0.014223296458120293,0.33952022540627846,0.2113408192061487,0.2981771221381452,Banks—Regional,Financial Services,TSBK
2023Q1,2023,Q1,2023-02-08,2022-12-31,7507000.0,19499000.0,10757000.0,0.9,19499000.0,1.0,1835544000.0,223549000.0,309637000.0,2001000.0,1611995000.0,0.0,185406000.0,280967477.49,34680477.49000001,27.155197598524733,154.74112943528235,0.00218028006955976,0.017902115419885574,0.03747170225851676,27.155197598524733,0.03358100461196427,14.409327529104058,9.356849523444785,1.25684962800102,0.35113893699214066,0.0,0.0093818687612833,0.010623008764704088,154.74112943528235,0.004089795722684937,30.28319438348782,1.0,0.05882352941176476,0.8451268288221373,0.4575860333292349,0.7401607565403959,0.06791171477079797,0.06497375514257342,0.054607843137254905,0.14350219708183282,0.22764039521158289,0.2895553512445908,Banks—Regional,Financial Services,TSBK
2022Q4,2022,Q4,2022-12-09,2022-09-30,7049000.0,18259000.0,10200000.0,0.85,18259000.0,1.0,1860508000.0,218569000.0,385547000.0,4907000.0,1641939000.0,0.0,180535000.0,227934351.04999998,-109648648.95000002,26.51391868825557,78.57081719991848,0.002220898808282469,0.018904785216567764,0.036206669645139335,26.51391868825557,0.032250685138331604,12.483397286269783,8.083925062065541,1.042848487434174,0.257341466874734,0.0,0.00795843185392481,0.00981398628761607,78.57081719991848,0.0037887501693085975,28.420742026184538,1.0,0.23188405797101455,0.7221939314215363,0.3916542418794116,0.7391155253121311,0.13600447956199838,0.22847682119205298,0.20553126108025055,0.12488971308238511,0.1615952163694364,0.291669426196803,Banks—Regional,Financial Services,TSBK
2022Q3,2022,Q3,2022-08-05,2022-06-30,5738000.0,16073000.0,8461000.0,0.69,16073000.0,1.0,1887795000.0,214319000.0,1742633000.0,2135000.0,1673476000.0,0.0,175299000.0,206985900.0,-236918100.0,25.885700426937294,816.2215456674473,0.0022618981404230864,0.019923571871835907,0.03050685348916431,25.885700426937294,0.026773174566883943,12.877863497791328,9.018207563611014,0.9657841815238033,0.3184036249564308,0.0,0.008826688194703117,0.008514165997897017,232.08384074941452,0.003039524948418658,24.70883371135251,1.0,0.09523809523809515,0.17795555514251796,0.20547702407917492,0.7325049342495394,0.05966508438818566,0.07715412051811527,0.06817321045322561,-0.029713095748772702,0.034570706028907945,0.2982062762810572,Banks—Regional,Financial Services,TSBK
2022Q2,2022,Q2,2022-05-09,2022-03-31,5327000.0,15168000.0,7921000.0,0.63,15168000.0,1.0,1877470000.0,212269000.0,575472000.0,0.0,1665201000.0,0.0,171388000.0,225193363.07000002,-293517636.92999995,25.459834214642513,0.0,0.0011771160125061918,0.010411317714786426,0.029313089382893356,25.459834214642513,0.025095515595777055,14.84660885218882,10.568488974563545,1.0608867195398293,0.3446592828984419,0.0,0.008152993387417418,0.008078957320223493,0.0,0.0028373289586518025,44.761153462532306,1.0,-0.030769230769230795,0.4574174975011098,0.21155938152847276,0.732898628124986,0.0010559662090813093,-0.028805834092980858,0.05332446808510638,-0.131577332337449,-0.04502091625045644,0.3032876242864343,Banks—Regional,Financial Services,TSBK
2022Q1,2022,Q1,2022-02-08,2021-12-31,5485000.0,15152000.0,7520000.0,0.65,15152000.0,1.0,1831275000.0,210375000.0,643466000.0,0.0,1620900000.0,0.0,167897000.0,231463028.2,-344227971.8,25.176321010389337,0.0,0.003978102688017911,0.03462863933452169,0.027281663698914653,25.176321010389337,0.026072489601901366,15.276071026927138,10.549818969917958,1.100240181580511,0.31996353691886964,0.0,0.007582204439507977,0.008274016736972874,0.0,0.002995180953161049,55.62677918769526,1.0,-0.08450704225352106,0.43144986722861867,0.15064059358822185,0.7341346512006786,-0.02609589921583751,-0.08856763044200731,0.0,-0.030500080926274393,0.015602569837230382,0.33069416219504133,Banks—Regional,Financial Services,TSBK
2021Q4,2021,Q4,2021-12-08,2021-09-30,6018000.0,15558000.0,0.0,0.71,15558000.0,1.0,1792180000.0,206899000.0,1611420000.0,0.0,1585281000.0,0.0,164167000.0,241431120.2,-359887879.8,24.76640581813446,0.0,0.004106172371078798,0.035568079111063855,0.0,24.76640581813446,0.029086655807906273,15.518133449029438,10.02954138418079,1.166903272611274,0.43037554004652706,0.0,0.010727697398141799,0.008681047662623174,0.0,0.0033579216373355353,36.18029674808931,1.0,-0.14457831325301204,0.8233280594651925,0.2535626137120774,0.7472137396752617,-0.06843901562780672,-0.1432232346241458,0.0,0.197689672696998,0.0806573506633425,0.4606715831297094,Banks—Regional,Financial Services,TSBK
2021Q3,2021,Q3,2021-08-05,2021-06-30,7024000.0,16701000.0,0.0,0.83,16701000.0,1.0,1740460000.0,203492000.0,1571783000.0,0.0,1536968000.0,0.0,160739000.0,235233642.0,-292278358.0,24.325581117347152,0.0,0.004270135481424451,0.03652232028777544,0.0,24.325581117347152,0.03451732746250467,14.085003412969284,8.372495800113896,1.1559847168439055,0.25028473804100226,0.0,0.007473420829831815,0.009595739057490548,0.0,0.0040357146961148204,18.955168573730862,1.0,-0.03488372093023259,1.249167818184819,0.40364728861754356,0.7571242994945752,0.028703418540190945,-0.031306026754930355,0.0,0.3966888354074083,0.20433246408908212,0.47804214035473525,Banks—Regional,Financial Services,TSBK
2021Q2,2021,Q2,2021-05-07,2021-03-31,7251000.0,16235000.0,0.0,0.86,16235000.0,1.0,1699244000.0,198543000.0,1544260000.0,0.0,1500701000.0,0.0,155473000.0,231688475.01,-228828524.99,23.83148678311118,0.0,0.007355624030451189,0.0629536171005777,0.0,23.83148678311118,0.03652105589217449,14.270925470280257,7.988155944352503,1.1669435588764145,0.355675079299407,0.0,0.011131326234024748,0.009554248830656456,0.0,0.00426719176292516,25.997360301840214,1.0,-0.011494252873563229,1.5037319484215328,0.40087630420024795,0.7684736696658846,-0.04634633458646616,-0.005349794238683128,0.0,0.49403680209050005,0.18568982022473848,0.481973148557489,Banks—Regional,Financial Services,TSBK
2021Q1,2021,Q1,2021-02-09,2020-12-31,7290000.0,17024000.0,0.0,0.87,17024000.0,1.0,1588405000.0,193325000.0,1449193000.0,0.0,1395080000.0,0.0,150801000.0,201685340.18,-185591659.82,23.254364922181328,0.0,0.007910451049952626,0.06499418078365447,0.0,23.254364922181328,0.037708521919048235,11.847118196663533,6.916506864883402,1.0432450028708133,0.22798353909465022,0.0,0.008240559271768089,0.01071766961196924,0.0,0.0045895096023998916,270.7185774228188,1.0,0.14473684210526314,1.3829028613978975,0.44951245350801705,0.7545234573963716,0.021664766248574687,0.1467673430863615,0.0,0.7742857511407621,0.2601426139369261,0.4901873981593832,Banks—Regional,Financial Services,TSBK
2020Q4,2020,Q4,2020-12-09,2020-09-30,6357000.0,16663000.0,0.0,0.76,16663000.0,1.0,1565978000.0,187630000.0,1430731000.0,0.0,1378348000.0,0.0,145173000.0,149594274.0,-217772726.0,22.57666626999373,0.0,0.008065247404497381,0.06731332942493205,0.0,22.57666626999373,0.03388050951340404,8.977631518934166,5.883053091080698,0.7972833448808826,0.26144407739499764,0.0,0.011110050910103685,0.010640634798190014,0.0,0.004059444002406164,12.3815820228439,1.0,0.027027027027027053,0.7852899973802706,0.5136001041134914,0.7458815213073298,0.010246150115193404,0.02350668169376912,0.0,0.540561127742506,0.2597365591068856,0.48086110097820767,Banks—Regional,Financial Services,TSBK
2020Q3,2020,Q3,2020-08-05,2020-06-30,6211000.0,16494000.0,0.0,0.74,16494000.0,1.0,1521642000.0,182806000.0,1399379000.0,0.0,1338836000.0,0.0,140478000.0,151324134.87,-179638865.13,21.998455585817815,0.0,0.008342961090716475,0.06944520420555124,0.0,21.998455585817815,0.033975908887016834,9.174495869407057,6.090973066736435,0.8277853837948427,0.267589760103043,0.0,0.010983046434911365,0.010839606162290473,0.0,0.004081774819569912,26.1489778589943,1.0,0.23333333333333336,1.3894051960292915,0.545703384236037,0.7394296523065507,0.04069657391633542,0.23014458308575955,0.0,0.27037631880861435,0.23251008712598506,0.4723353905710033,Banks—Regional,Financial Services,TSBK
2020Q2,2020,Q2,2020-05-08,2020-03-31,5049000.0,15849000.0,0.0,0.6,15849000.0,1.0,1323101000.0,178008000.0,1195481000.0,0.0,1145093000.0,0.0,135929000.0,152615436.29,-85245563.71000001,21.333139026732457,0.0,0.009643254747747904,0.07167655386274774,0.0,21.333139026732457,0.028363893757583927,9.62934168023219,7.556715997722321,0.857351558862523,0.331352743117449,0.0,0.010962193868914831,0.011978677364766559,0.0,0.003816035208196502,30.73825504330312,1.0,-0.23076923076923084,1.876659633960007,0.5918413605602106,0.7227019218146379,-0.015223064496085497,-0.2409801563439567,0.0,0.38023456350104695,0.2649241836053175,0.4520191703276317,Banks—Regional,Financial Services,TSBK
2020Q1,2020,Q1,2020-02-07,2019-12-31,6652000.0,16094000.0,0.0,0.78,16094000.0,1.0,1270542000.0,175653000.0,1144565000.0,0.0,1094889000.0,0.0,132553000.0,248075317.79999998,55798317.79999998,21.057799164895396,0.0,0.002221886407533163,0.01607145906987071,0.0,21.057799164895396,0.03787011892765851,15.414149235740027,9.32333575616356,1.4123033355536199,0.3135898977751052,0.0,0.008408736582499302,0.012667035013403728,0.0,0.0052355608866137444,27.454107768924302,1.0,0.040000000000000036,2.182435093351111,0.6078966831199558,0.7222559373194626,0.012774526461519099,0.05003946329913181,0.0,0.7390458030373043,0.22431450892236476,0.45045255797304845,Banks—Regional,Financial Services,TSBK
2019Q4,2019,Q4,2019-12-09,2019-09-30,6335000.0,15891000.0,0.0,0.75,15891000.0,1.0,1247132000.0,171067000.0,1147140000.0,0.0,1076065000.0,0.0,127987000.0,229179830.0,7818830.0,20.526860937107774,0.0,0.0,0.0,0.0,20.526860937107774,0.03703227390437665,14.421989176263294,9.044192186266772,1.3397080091426166,0.19763220205209156,0.0,0.005462958934911506,0.012742035325851634,0.0,0.0050796547598810715,530.5088657407407,1.0,0.0714285714285715,2.1678370014110473,0.5910089338724557,0.7009727215331425,0.015594043586630024,0.06363331094694426,0.0,0.9240260989093857,0.28349800899880884,0.44812346713051054,Banks—Regional,Financial Services,TSBK
2019Q3,2019,Q3,2019-08-06,2019-06-30,5956000.0,15647000.0,0.0,0.7,15647000.0,1.0,1247310000.0,166269000.0,1160949000.0,0.0,1081041000.0,0.0,122904000.0,242654336.70000002,-9364663.299999982,19.939589647564706,0.0,0.0,0.0,0.0,19.939589647564706,0.03582147002748558,15.508042225346713,10.18528948539288,1.4594081680890605,0.3498992612491605,0.0,0.008588348464492948,0.012544595970528578,0.0,0.004775075963473395,33.77705132238307,1.0,-0.027777777777777804,2.4154981603508263,0.5950251805526684,0.6811599312948319,-0.011622765460173079,-0.025842329080798167,0.0,0.9132912918395739,0.3192759499896564,0.44030834546851455,Banks—Regional,Financial Services,TSBK
2019Q2,2019,Q2,2019-05-10,2019-03-31,6114000.0,15831000.0,0.0,0.72,15831000.0,1.0,1240569000.0,162338000.0,1150561000.0,0.0,1078231000.0,0.0,119032000.0,237169511.95999998,-3153488.0400000215,19.535084765791495,0.0,0.0,0.0,0.0,19.535084765791495,0.03766216166270374,14.98133484681953,9.697804708864899,1.460961154874398,0.2041216879293425,0.0,0.005262059147848997,0.012761079794836079,0.0,0.004928383669106676,92.97119245785966,1.0,0.09090909090909081,3.3525925247344364,0.6900169291391096,0.673809193028632,0.0691564800432228,0.08886910062333037,0.0,1.1164787450456284,0.3694759071293964,0.44964866679976745,Banks—Regional,Financial Services,TSBK
2019Q1,2019,Q1,2019-02-08,2018-12-31,5615000.0,14807000.0,0.0,0.66,14807000.0,1.0,1200315000.0,156905000.0,1120027000.0,0.0,1043410000.0,0.0,114166000.0,184938627.6,-42634372.400000006,18.91968998260264,0.0,0.0,0.0,0.0,18.91968998260264,0.03578598515025015,12.489945809414465,8.23413301869991,1.1786662477295178,0.34033837934105077,0.0,0.010333157679385743,0.012335928485439239,0.0,0.00467793870775588,31.94104103626943,1.0,0.11864406779661028,1.8804176677085895,0.5032939769020133,0.639560459223068,0.16866614048934492,0.2697874265038444,0.0,0.8398793244318824,0.26382861650294304,0.42747565853669817,Banks—Regional,Financial Services,TSBK
2018Q4,2018,Q4,2018-12-07,2018-09-30,4422000.0,12670000.0,0.0,0.59,12670000.0,1.0,1018290000.0,124657000.0,974695000.0,0.0,893633000.0,0.0,110525000.0,243572190.69000003,31418190.690000027,16.955492325707258,0.0,0.0,0.0,0.0,16.955492325707258,0.03547333884178185,19.22432444277822,13.77047663331072,1.9539391345050823,0.21754862053369517,0.0,0.003949547759433505,0.012442427992025848,0.0,0.0043425743157646645,59.27772954246776,1.0,0.0,3.589267542219048,0.4103703456151186,0.28956871500304876,0.04048616243738195,0.001358695652173913,0.0,0.4038202330498717,0.30098044426887,0.3111891889665056,Banks—Regional,Financial Services,TSBK
2018Q3,2018,Q3,2018-08-06,2018-06-30,4416000.0,12177000.0,0.0,0.59,12177000.0,1.0,1006383000.0,120894000.0,968111000.0,0.0,885489000.0,0.0,107065000.0,274285376.12,54327376.120000005,16.457975353469237,0.0,0.0,0.0,0.0,16.457975353469237,0.0365278673879597,22.524872802824998,15.52793116621377,2.268808841795292,0.384963768115942,0.0,0.006197924308061721,0.012099767186051434,0.0,0.004387991450571005,37.343141745405035,1.0,0.03508771929824565,3.6795222246693884,0.3450264287565374,0.25762436243381526,0.011042842909332449,0.03443429374560787,0.0,0.9218843642298666,0.29095287149503857,0.3013409161873451,Banks—Regional,Financial Services,TSBK
2018Q2,2018,Q2,2018-05-08,2018-03-31,4269000.0,12044000.0,0.0,0.57,12044000.0,1.0,1001201000.0,117843000.0,963325000.0,0.0,883358000.0,0.0,104349000.0,222775060.79999998,432060.7999999821,16.080916719920385,0.0,0.0,0.0,0.0,16.080916719920385,0.03622616532165678,18.496766921288607,13.046091637385803,1.8904394898296883,0.22464277348325135,0.0,0.0043047906554538355,0.012029552507438566,0.0,0.004263879081223451,98.96715273211905,1.0,0.18749999999999994,2.1068336831665264,0.2989268764174237,0.23802987341306892,0.013548767146343515,0.18123962368566685,0.0,1.769497855458411,0.3774011332906885,0.29857242777230103,Banks—Regional,Financial Services,TSBK
2018Q1,2018,Q1,2018-02-08,2017-12-31,3614000.0,11883000.0,0.0,0.48,11883000.0,1.0,993895000.0,114112000.0,956769000.0,0.0,879783000.0,0.0,101039000.0,194147698.05,-25587301.949999988,15.60499367455673,0.0,0.0,0.0,0.0,15.60499367455673,0.03167063937184521,16.338272999242616,13.430250280160488,1.7013784531863432,0.2241283895960155,0.0,0.004172081400580892,0.01195599132705165,0.0,0.0036361989948636426,34.924932191041556,1.0,0.0,0.9721877319084824,0.330103706008684,0.15730971782376665,0.025457369692785642,-0.00027662517289073305,0.0,0.972288009946941,0.35423836013041243,0.276286890067863,Banks—Regional,Financial Services,TSBK
2017Q4,2017,Q4,2017-12-08,2017-09-30,3615000.0,11588000.0,0.0,0.48,11588000.0,1.0,952024000.0,111000000.0,914751000.0,0.0,841024000.0,0.0,98235000.0,228179425.82,36957425.81999999,15.245633945736257,0.0,0.0,0.0,0.0,15.245633945736257,0.03256756756756757,19.691010167414568,15.780043279391425,2.0556705028828826,0.3867219917012448,0.0,0.006126757462799544,0.012171962051376856,0.0,0.0037971731805080543,71.03967179950186,1.0,-0.17241379310344826,1.9225746127133978,0.20142557251342696,0.14459974066374776,-0.010164858631587939,-0.15478138882394202,0.0,1.0691440090418116,0.32799391628443164,0.26334014458573757,Banks—Regional,Financial Services,TSBK
2017Q3,2017,Q3,2017-08-07,2017-06-30,4277000.0,11707000.0,0.0,0.58,11707000.0,1.0,931009000.0,108616000.0,893609000.0,0.0,822393000.0,0.0,96018000.0,183701882.28,10074882.280000001,14.941198674363415,0.0,0.0,0.0,0.0,14.941198674363415,0.03937725565294248,15.69162742632613,10.737776612111293,1.6912966991971716,0.18915127425765724,0.0,0.004403874309610585,0.012574529354710857,0.0,0.004593940552669201,33.53448015334064,1.0,0.38095238095238093,1.9594004725040617,0.21246177748862624,0.134797386398207,0.0926824715325742,0.36732736572890023,0.0,1.8133600813840647,0.3688907330596113,0.259732270364102,Banks—Regional,Financial Services,TSBK
2017Q2,2017,Q2,2017-05-08,2017-03-31,3128000.0,10714000.0,0.0,0.42,10714000.0,1.0,946682000.0,104829000.0,912711000.0,0.0,841853000.0,0.0,92550000.0,159825859.2,-11148140.800000012,14.69205053396015,0.0,0.03168962756237047,0.28618035085711013,0.0,14.69205053396015,0.029839071249368018,14.917477991413103,12.77380588235294,1.5246340153965028,0.25831202046035806,0.0,0.0050555023076015474,0.01131742232344124,0.0,0.003304171833836494,-70.53215322153574,1.0,-0.023255813953488393,2.678909455829972,0.1491630036100044,0.13224772365799853,-0.009338881183541379,-0.0060374960279631395,0.0,1.5935533353064322,0.3321103720680944,0.2588473274120113,Banks—Regional,Financial Services,TSBK
2017Q1,2017,Q1,2017-02-09,2016-12-31,3147000.0,10815000.0,0.0,0.43,10815000.0,1.0,923751000.0,99634000.0,889873000.0,0.0,824117000.0,0.0,90230000.0,141784394.34,-17117605.659999996,14.518088888286604,0.0,0.03247628419346772,0.30110203344239916,0.0,14.518088888286604,0.031585603308107675,13.109976360610263,11.263456811248808,1.423052314872433,0.19891960597394343,0.0,0.004415154452744972,0.011707700451745113,0.0,0.0034067622118947637,36.27126997697621,1.0,0.13157894736842102,1.4234536414721894,0.21356150925402495,0.12722013049867775,0.0656222287910139,0.16598740274175622,0.0,0.9508644764127133,0.3268689064770562,0.2581223321633976,Banks—Regional,Financial Services,TSBK
2016Q4,2016,Q4,2016-12-09,2016-09-30,2699000.0,10149000.0,0.0,0.38,10149000.0,1.0,891388000.0,96834000.0,859153000.0,0.0,794554000.0,0.0,87709000.0,107594849.25,-24346150.75,14.174800286733985,0.0,0.03365537790502004,0.3098085383233162,0.0,14.174800286733985,0.027872441497821015,10.601522243570795,9.966177218414227,1.1111267659086685,0.23156724712856613,0.0,0.0058088282511348935,0.011385614345268278,0.0,0.003027862165521636,25.84550786692289,1.0,0.05555555555555561,37.69710852728491,0.21219936047844348,0.11492906607510435,0.045857378400659524,0.0596780526109148,0.0,2.014552599037769,0.2158364205145668,0.07808010761645118,Banks—Regional,Financial Services,TSBK
2016Q3,2016,Q3,2016-08-08,2016-06-30,2547000.0,9704000.0,0.0,0.36,9704000.0,1.0,858139000.0,94452000.0,825768000.0,0.0,763687000.0,0.0,85635000.0,102339120.0,5731120.0,13.843972861990606,0.0,0.05243905707583504,0.4764324736374031,0.0,13.843972861990606,0.026966078007877016,10.546075845012366,10.045064782096585,1.0835040020327784,0.21790341578327443,0.0,0.0054231461048326384,0.01130819133030896,0.0,0.002968050630492263,1149.8777528089888,1.0,0.058823529411764594,2.9672819477079,-0.047461140163280104,0.08162552351729492,0.01889962200755985,0.07016806722689076,0.0,1.9058909670472215,0.15403563726091252,0.05787724007266479,Banks—Regional,Financial Services,TSBK
2016Q2,2016,Q2,2016-05-09,2016-03-31,2380000.0,9524000.0,0.0,0.34,9524000.0,1.0,851962000.0,92262000.0,819361000.0,0.0,759700000.0,0.0,83643000.0,86540101.28,-31012898.72,13.475737406717304,0.0,0.052819257196917234,0.4877414320088444,0.0,13.475737406717304,0.025796102404023327,9.086528903821923,9.090346773109244,0.9379820649888362,0.23529411764705882,0.0,0.006470988498015771,0.011178902345409771,0.0,0.0027935518250814004,72.47914680067002,1.0,-0.055555555555555455,1.165091354691099,0.10454580090268137,0.037864579562461025,-0.018650180319422976,-0.058544303797468354,0.0,0.8539220476662935,0.09940068938756462,0.03746358285154897,Banks—Regional,Financial Services,TSBK
2016Q1,2016,Q1,2016-02-09,2015-12-31,2528000.0,9705000.0,0.0,0.36,9705000.0,1.0,837379000.0,91051000.0,804479000.0,0.0,746328000.0,0.0,81823000.0,85253299.66,-14211700.340000004,13.253949284149034,0.0,0.05373910738148437,0.4942285092969874,0.0,13.253949284149034,0.027764659366728537,8.784471886656362,8.43090384295886,0.9363246934135814,0.3314873417721519,0.0,0.009829531564667184,0.011589734158606795,0.0,0.0030189436324531663,15.714893946543778,1.0,-0.14285714285714285,0.826485580643542,0.011801895610858997,0.032799628115180626,0.06228108581436077,-0.14450084602368865,0.0,0.46847135398841433,0.15633388098221354,-0.017050270831029765,Banks—Regional,Financial Services,TSBK
2015Q4,2015,Q4,2015-12-07,2015-09-30,2955000.0,9136000.0,0.0,0.42,9136000.0,1.0,815815000.0,89187000.0,782528000.0,0.0,726628000.0,0.0,80133000.0,75107687.49000001,-20792312.50999999,12.93138508796871,0.0,0.05515956436201835,0.5045578391469608,0.0,12.93138508796871,0.033132631437317095,8.221069121059546,6.354288281725889,0.8421371667395472,0.16751269035532995,0.0,0.006590537088043156,0.01119861733358666,0.0,0.003622144726439205,25.477505932835825,1.0,0.3548387096774193,21.496509696850584,0.5579883592598777,0.02127933290348613,0.030802211440821393,0.3686892079666512,0.0,1.521945929165674,-7.953710632003651e-05,-0.029147618866219357,Banks—Regional,Financial Services,TSBK
2015Q3,2015,Q3,2015-08-05,2015-06-30,2159000.0,8863000.0,0.0,0.31,8863000.0,1.0,789787000.0,87290000.0,756166000.0,0.0,702497000.0,0.0,77673000.0,69158711.34,-9067288.659999996,12.64693605553235,0.0,0.056977387574118084,0.5155229694123038,0.0,12.64693605553235,0.024733646465803644,7.803081500620558,8.008187973598888,0.7922867606827815,0.19592403890690135,0.0,0.00611636613528606,0.011222013023764636,0.0,0.0027336484393893543,72.56947674711438,1.0,0.4761904761904762,1.6127024701440886,0.016420584418131125,-0.008749391838344297,0.07678289393755315,0.4879393521709166,0.0,0.5734260076054909,-0.03320948491807464,-0.03945390898332126,Banks—Regional,Financial Services,TSBK
2015Q2,2015,Q2,2015-05-08,2015-03-31,1451000.0,8231000.0,0.0,0.21,8231000.0,1.0,776270000.0,85424000.0,745122000.0,0.0,690846000.0,0.0,75937000.0,73396762.88000001,-5564237.11999999,12.383534700106926,0.0,0.05796952091411493,0.5267840419554224,0.0,12.383534700106926,0.01698585877505151,8.917113701858828,12.645892984148864,0.8592054092526691,0.29152308752584427,0.0,0.005763196950410246,0.010603269480979557,0.0,0.0018691949965862393,627.3227596581197,1.0,-0.125,1.4443824117404327,0.12295625547444196,-0.020342741542135504,-0.00471584038694075,-0.15981470758540822,0.0,0.7651577291183798,-0.08684111985929426,-0.045658811026661535,Banks—Regional,Financial Services,TSBK
2015Q1,2015,Q1,2015-02-09,2014-12-31,1727000.0,8270000.0,0.0,0.24,8270000.0,1.0,749917000.0,84267000.0,718449000.0,0.0,665650000.0,0.0,74909000.0,73054691.2,9702691.200000003,12.226869833103887,0.0,0.060006640734907996,0.5340168749332479,0.0,12.226869833103887,0.020494380955771534,8.833699056831923,10.575375101331788,0.8669430643074988,0.20382165605095542,0.0,0.004818307958298508,0.01102788708617087,0.0,0.002302921523315247,25.777943260409316,1.0,0.04347826086956513,6.506260365480325,-0.06895829783451052,-0.05921481117033705,0.005960345456757086,0.049210206561360874,0.0,0.3242993998095365,-0.07594749162214674,-0.050675752510268714,Banks—Regional,Financial Services,TSBK
2014Q4,2014,Q4,2014-12-11,2014-09-30,1646000.0,8221000.0,0.0,0.23,8221000.0,1.0,745565000.0,82778000.0,712394000.0,0.0,662787000.0,0.0,73534000.0,72298676.78,9099676.780000001,12.067719062893755,0.0,0.060356910530939625,0.5436227016840224,0.0,12.067719062893755,0.01988451037715335,8.794389585208613,10.980965489064397,0.8734044888738552,0.21385176184690158,0.0,0.0048686921486974415,0.011026536921663437,0.0,0.002207721660753925,32.53765831683168,1.0,0.15,6.98562303532135,0.0468444543507177,-0.07138598038703257,0.019090120242965167,0.14783821478382148,0.0,23.28845566535029,-0.022095079066075305,-0.05080491631046802,Banks—Regional,Financial Services,TSBK
2014Q3,2014,Q3,2014-08-11,2014-06-30,1434000.0,8067000.0,0.0,0.2,8067000.0,1.0,727631000.0,81330000.0,693925000.0,0.0,646301000.0,0.0,72240000.0,72274350.46,20971350.459999993,11.860614374866289,0.0,0.061844533836518785,0.5533013648100332,0.0,11.860614374866289,0.017631870158613058,8.959260004958471,12.600130833333331,0.8886554833394811,0.19665271966527198,0.0,0.003901799161184741,0.011086663432426602,0.0,0.001970779144923732,60.68375353484466,1.0,0.25000000000000006,0.3134993097365785,-0.11823938773510285,-0.1119768057948472,0.04373140121619873,0.2372735116479724,0.0,2.102030580147084,-0.21213682107656395,-0.07333369110585816,Banks—Regional,Financial Services,TSBK
2014Q2,2014,Q2,2014-05-08,2014-03-31,1159000.0,7729000.0,0.0,0.16,7729000.0,1.0,732417000.0,80024000.0,698461000.0,0.0,652393000.0,0.0,71088000.0,73365973.1,16739973.099999994,11.671034456707833,0.0,0.061440408947361955,0.5623313006098171,0.0,11.671034456707833,0.014483155053483954,9.492298240393323,15.825274611734253,0.9167996238628411,0.24331320103537532,0.0,0.003843743742288072,0.01055273157231468,0.0,0.0015824318659998335,45.76791834061135,1.0,-0.20000000000000004,1.8026011700409967,-0.25968221919086476,-0.1261928750426377,-0.05049140049140049,-0.28057107386716323,0.0,0.05279090731456413,-0.10495046731413235,-0.10112872461939787,Banks—Regional,Financial Services,TSBK
2014Q1,2014,Q1,2014-02-10,2013-12-31,1611000.0,8140000.0,0.0,0.2,8140000.0,1.0,727933000.0,79088000.0,695588000.0,0.0,648845000.0,0.0,70211000.0,65932430.45999999,12266430.459999993,11.539489060115562,0.0,0.06181887618778102,0.5689864454784543,0.0,11.539489060115562,0.020369714748128667,8.09980718181818,10.231600009310986,0.8336590944264616,0.1669770328988206,0.0,0.0040799345348446914,0.0111823478259675,0.0,0.0022131157675225606,27.267340967741934,1.0,1.0,3.278396076946336,0.05888687659972403,-0.16625361194957403,-0.023395320935812838,0.802013422818792,0.0,0.16667561578746573,-0.1493718397381184,-0.10079782603515987,Banks—Regional,Financial Services,TSBK
2013Q4,2013,Q4,2013-12-11,2013-09-30,894000.0,8335000.0,0.0,0.1,8335000.0,1.0,745648000.0,89688000.0,717112000.0,0.0,655960000.0,0.0,68998000.0,61391880.0,-18146120.0,13.14818832718594,0.0,0.06035019204772225,0.5017393631255017,0.0,13.14818832718594,0.009967888680759969,7.365552489502099,17.16775167785235,0.6845049504950496,0.40604026845637586,0.0,0.005912834075125244,0.011178196682616999,0.0,0.0011989571486814153,16.954399337199668,1.0,0.0,-0.36210090064028017,-0.09319412493065382,0.15436459031484775,-0.008210376011423132,0.02054794520547945,0.0,7.2697183710995725,0.4371490396812238,0.038401757609954124,Banks—Regional,Financial Services,TSBK
2013Q3,2013,Q3,2013-08-09,2013-06-30,876000.0,8404000.0,0.0,0.1,8404000.0,1.0,732775000.0,89234000.0,699336000.0,0.0,643541000.0,0.0,68665000.0,56254704.0,-8039296.0,13.086558948030373,0.0,0.06141039200300229,0.5042920859761975,0.0,13.086558948030373,0.009816885940336643,6.693801047120419,16.05442465753425,0.6304178228029674,0.4143835616438356,0.0,0.0064527937077048705,0.011468731875405138,0.0,0.001195455630991778,11.2509408,1.0,-0.411764705882353,2.5167614539731313,0.41697212704558123,0.12818354003831536,-0.025510204081632654,-0.3145539906103286,0.0,0.07303946528631623,-0.024442164073815772,0.02570768595796685,Banks—Regional,Financial Services,TSBK
2013Q2,2013,Q2,2013-05-10,2013-03-31,1278000.0,8624000.0,0.0,0.17,8624000.0,1.0,738121000.0,88531000.0,704226000.0,0.0,649590000.0,0.0,68198000.0,56502832.779999994,-10354167.220000006,12.989118489998653,0.0,0.06096561403889064,0.5082965288994815,0.0,12.989118489998653,0.014435621420745276,6.551812706400741,11.052979808294209,0.6382265283347076,0.34507042253521125,0.0,0.007804918413862223,0.01168372123269762,0.0,0.0017314234387044943,-434.6371752307692,1.0,-0.19047619047619038,-0.23798426366451028,-0.009087757695177081,0.11792414954927918,0.035667107001321,-0.25175644028103045,0.0,1.396131966441217,0.19079930287722863,0.0275647880719035,Banks—Regional,Financial Services,TSBK
2013Q1,2013,Q1,2013-02-08,2012-12-31,1708000.0,8327000.0,0.0,0.21,8327000.0,1.0,734621000.0,91903000.0,700635000.0,0.0,642718000.0,0.0,67232000.0,47301527.080000006,-20298472.919999994,13.483852623220637,0.0,0.0612560762624537,0.4896466927086167,0.0,13.483852623220637,0.01858481224769594,5.680500429926745,6.9235256264637,0.5146896954397572,0.11768149882903982,0.0,0.004249334269061826,0.011335096600832265,0.0,0.0023250084056949095,26.588829162450818,1.0,0.6153846153846153,0.010980079630212329,-0.054176508350364264,0.17154610581825586,-0.07302682845374596,0.4826388888888889,0.0,6.506642029483925,-0.052064600483574246,0.037502566841973325,Banks—Regional,Financial Services,TSBK
2012Q4,2012,Q4,2012-12-18,2012-09-30,1152000.0,8983000.0,0.0,0.13,8983000.0,1.0,736954000.0,90319000.0,679384000.0,0.0,646635000.0,0.0,65788000.0,40821011.98,-10846988.020000003,13.319620304033434,0.0,0.06106215584690496,0.49823403713504355,0.0,13.319620304033434,0.012754791350657116,4.544251584103306,8.858726558159722,0.45196483552740835,0.9375,0.0,0.02645696291236335,0.01218936324383883,0.0,0.001563191189680767,6.631093564002598,1.0,-0.1875,-0.48611912573735644,0.03979245081351652,0.16413842378993054,-0.0025538529868976236,-0.14540059347181009,0.0,5.237741609757965,0.15712791410415214,0.02494813525108975,Banks—Regional,Financial Services,TSBK
2012Q3,2012,Q3,2012-08-09,2012-06-30,1348000.0,9006000.0,0.0,0.16,9006000.0,1.0,729136000.0,89275000.0,671930000.0,0.0,639861000.0,0.0,64905000.0,34241605.8,-13746394.200000003,13.166402085033056,0.0,0.06171688134998135,0.504060487258471,0.0,13.166402085033056,0.015099411929431532,3.8020881412391736,6.350446179525222,0.3835520112013442,0.0,0.0,0.0,0.0123516051875096,0.0,0.0018487634679949967,25.726225244177307,1.0,1.0,-0.37571002906323947,0.09294718621990333,0.19467357945787345,0.016478555304740405,0.6683168316831684,0.0,0.24868079169144677,-0.004476715623549138,-0.01421038858518247,Banks—Regional,Financial Services,TSBK
2012Q2,2012,Q2,2012-05-11,2012-03-31,808000.0,8860000.0,0.0,0.08,8860000.0,1.0,742709000.0,87984000.0,687665000.0,0.0,654725000.0,0.0,63826000.0,31597204.560000002,-35023795.44,12.976003596186485,0.0,0.060589005922911936,0.5114566284779051,0.0,12.976003596186485,0.009183487906892163,3.5662759097065466,9.776362797029703,0.35912443807965083,0.0,0.0,0.0,0.011929302055044439,0.0,0.0010879092619047299,10.876834616179002,1.0,-0.4666666666666666,-0.5729301544796799,0.13404554067358962,0.14507674498868145,0.006246450880181715,-0.37022603273577553,0.0,1.5658168450386771,-0.14182323017338605,-0.02849019614509139,Banks—Regional,Financial Services,TSBK
2012Q1,2012,Q1,2012-02-10,2011-12-31,1283000.0,8805000.0,0.0,0.15,8805000.0,1.0,735849000.0,87330000.0,700092000.0,0.0,648519000.0,0.0,63286000.0,26783038.200000003,-29763961.799999997,12.879550759853675,0.0,0.07474359549309709,0.6297950303446697,0.0,12.879550759853675,0.014691400435131112,3.0417987734241914,5.21883051441933,0.3066877155616627,0.0,0.0,0.0,0.011965770151213088,0.0,0.0017435642366844285,7.523325337078653,1.0,14.927576601671309,-0.321392049435442,0.17058153868057718,0.16792026281284608,0.05956678700361011,18.575342465753426,0.0,2.444081116182516,0.15775266545857736,-0.06943202859342347,Banks—Regional,Financial Services,TSBK
2011Q4,2011,Q4,2011-12-12,2011-09-30,-73000.0,8310000.0,0.0,-0.01077,8310000.0,1.0,738224000.0,86205000.0,701817000.0,0.0,652019000.0,0.0,62270000.0,27393284.64,-29671715.36,12.713634183593108,0.0,0.0745031318407421,0.6380140363087988,0.0,12.713634183593108,-0.0008468186300098602,3.296424144404332,-93.812618630137,0.31776909274404036,0.0,0.0,0.0,0.01125674591993758,0.0,-9.888597498862135e-05,20.926879022154317,1.0,0.9531739130434782,-1.0351896482432548,0.08536722902091676,0.12258770702729843,-0.17494042891183478,0.94296875,0.0,-1.0524014143094933,-0.09047336173256501,0.11621226822641581,Banks—Regional,Financial Services,TSBK
2011Q3,2011,Q3,2011-08-09,2011-06-30,-1280000.0,10072000.0,0.0,-0.23,10072000.0,1.0,735018000.0,86334000.0,697523000.0,0.0,648684000.0,0.0,62608000.0,39864427.5,-19438572.5,12.79922908713539,0.0,0.07482809944790468,0.6370607176778558,0.0,12.79922908713539,-0.014826140338684643,3.9579455420969025,-7.78602099609375,0.4617465598721246,0.0,0.0,0.0,0.013703065775259926,0.0,-0.0017414539507875997,18.759730588235293,1.0,-2.9166666666666665,-1.6575602170924062,0.36437803364185484,0.15966474723868446,0.18563861094761624,-2.1819021237303784,0.0,-1.2404228399499144,0.7167135122406483,0.10341302389954034,Banks—Regional,Financial Services,TSBK
2011Q2,2011,Q2,2011-05-10,2011-03-31,1083000.0,8495000.0,0.0,0.12,8495000.0,1.0,743858000.0,87581000.0,688099000.0,0.0,656277000.0,0.0,64153000.0,37840852.5,-26156147.5,12.98409992216745,0.0,0.07393884316630324,0.6279900891745926,0.0,12.98409992216745,0.012365695755928798,4.454485285462036,8.735192174515236,0.432066915198502,0.0,0.0,0.0,0.011420190412686292,0.0,0.0014559230390746622,16.0683025477707,1.0,-0.25000000000000006,-0.42049493852264735,0.1683736390789802,0.17351281856732922,-0.0980038224676152,-0.20309050772626933,0.0,-0.34750200207483306,-0.01370354998209367,0.11749222045578665,Banks—Regional,Financial Services,TSBK
2011Q1,2011,Q1,2010-12-31,2010-12-31,1359000.0,9418000.0,0.0,0.16,9418000.0,1.0,722485000.0,86562000.0,683583000.0,0.0,635923000.0,0.0,63335000.0,24349677.975,-18121322.025000006,12.833030651198992,0.0,0.07612614794770825,0.6353827314526005,0.0,12.833030651198992,0.0156997296735288,2.585440430558505,4.479337375827814,0.28129754366812226,0.0,0.0,0.0,0.013035564752209388,0.0,0.0018810079101988276,6.251521944801027,1.0,8.655502392344498,-0.2960371198771647,0.2907321787479413,0.18421932923240872,0.6421970357454229,10.638297872340425,0.0,-0.1871847759855777,0.0809307173348151,0.1149993629689708,Banks—Regional,Financial Services,TSBK
2010Q4,2010,Q4,2010-12-10,2010-09-30,-141000.0,5735000.0,0.0,-0.0209,5735000.0,1.0,742687000.0,85408000.0,682929000.0,0.0,657279000.0,0.0,62238000.0,27250135.475,-9535864.525000006,12.661947296245506,0.0,0.10098466783449825,0.8781378793555639,0.0,12.661947296245506,-0.00165089921318846,4.751549341761116,-48.315843040780145,0.31905834904224434,0.0,0.0,0.0,0.007721960933744633,0.0,-0.00018985117552885672,21.6270916468254,1.0,-1.26125,-1.0797140430784746,-0.19141223466113683,0.18898538384078875,-0.324021687883074,-1.1753731343283582,0.0,-1.063229291137403,-0.3326588465495856,0.10665762469961595,Banks—Regional,Financial Services,TSBK
2010Q3,2010,Q3,2010-08-06,2010-06-30,804000.0,8484000.0,0.0,0.08,8484000.0,1.0,732418000.0,85679000.0,673574000.0,0.0,646739000.0,0.0,62641000.0,22160853.0,1905853.0,12.758565746544143,0.0,0.10240054176713298,0.8753603566801667,0.0,12.758565746544143,0.009383863023611386,2.6120760254596886,6.890812499999999,0.25864976248555654,0.0,0.0,0.0,0.011583549284698083,0.0,0.0010977338077436654,7.414136165941787,1.0,1.156862745098039,-0.5542923972411138,0.1730863080977344,0.1941174297713087,0.18923465096719932,1.2529893014474511,0.0,-0.6240390600216321,0.03958045451015815,0.15766792710206365,Banks—Regional,Financial Services,TSBK
2010Q2,2010,Q2,2010-05-06,2010-03-31,-3178000.0,7134000.0,0.0,-0.51,7134000.0,1.0,724776000.0,84869000.0,664401000.0,10000000.0,639907000.0,0.0,62098000.0,26855832.0,36398832.0,12.640680802590662,66.4401,0.11727761404903032,1.0015435553617928,0.0,12.640680802590662,-0.037445946105173857,3.764484440706476,-2.1126362492133417,0.31643865251151776,-0.08779106356198867,0.0,0.010388804934436587,0.009843041160303321,7.8453,-0.004384803028797863,6.845738465460107,1.0,-16.27719799107143,-3.2759476388353588,0.09566275138231634,0.23013896394424005,-0.17506938020351526,-15.1875,0.0,-2.6963894582171553,-0.07782360096249959,0.11548594454191972,Banks—Regional,Financial Services,TSBK
2010Q1,2010,Q1,2010-02-05,2009-12-31,224000.0,8648000.0,0.0,0.03338308505905751,8648000.0,1.0,716466000.0,87206000.0,670460000.0,0.0,629260000.0,0.0,65607000.0,29792333.400000002,32046333.400000006,12.996452302054326,0.0,0.11950601982508591,0.981836112194115,0.0,12.996452302054326,0.0025686305988120084,3.444996924144311,33.25037209821429,0.3416316927734331,1.875,0.0,0.01409758659588577,0.012070356443990364,0.0,0.0003126456803253748,-11.405946937212864,1.0,1.8327035435035546,-0.8411283787596454,0.3267073388584562,0.2459039440443659,0.12574850299401197,1.8327137546468402,0.0,-0.8802759219795439,0.16179415440011052,0.1785209182577385,Banks—Regional,Financial Services,TSBK
2009Q4,2009,Q4,2009-12-14,2009-09-30,-269000.0,7682000.0,0.0,-0.04009,7682000.0,1.0,701676000.0,87199000.0,661136000.0,10000000.0,614477000.0,0.0,65854000.0,31134330.4,70449330.4,12.995409080646231,66.1136,0.150749063670412,1.213052901982821,0.0,12.995409080646231,-0.0030848977625890206,4.052893829731841,-28.93525130111524,0.35704916799504577,-2.3382899628252787,0.0,0.02020277911613606,0.010948072899742901,6.9267,-0.00038336782218573813,8.837448311098495,1.0,-1.3340833333333335,-1.2138311822614174,0.3553076245082264,0.2689006756543367,-0.13354387547935936,-1.2542533081285445,0.0,-1.1310344654383917,0.013890793296769092,0.14746784995204335,Banks—Regional,Financial Services,TSBK
2009Q3,2009,Q3,2009-08-10,2009-06-30,1058000.0,8866000.0,0.0,0.12,8866000.0,1.0,675492000.0,88755000.0,624399000.0,0.0,586737000.0,0.0,66802000.0,27245438.9,78940438.9,13.356198860866947,0.0,0.14162417911685113,1.0778660357162977,0.0,13.356198860866947,0.011920455185623345,3.0730249154071734,6.437958152173913,0.30697356655963043,0.9272211720226843,0.0,0.036006026682139446,0.01312524796740746,0.0,0.0015662657736879193,3.50513815772546,1.0,1.5,-0.23096302384097517,0.5533835864712598,0.29957416923287083,-0.11965048158077649,1.7595118449389806,0.0,-0.4483046453451769,0.21908735759615194,0.21012858435549875,Banks—Regional,Financial Services,TSBK
2009Q2,2009,Q2,2009-05-11,2009-03-31,-1393000.0,10071000.0,0.0,-0.24,10071000.0,1.0,693004000.0,88343000.0,641592000.0,0.0,604661000.0,0.0,66775000.0,34129354.56,72925354.56,13.356533865842906,0.0,0.13807856808907307,1.0831531643706915,0.0,13.356533865842906,-0.015768085756653047,3.388874447423295,-6.125153366834171,0.38632777424357334,-0.6424982053122756,0.0,0.02622375991396422,0.014532383651465215,0.0,-0.0020100894078533458,-9.501490690423163,1.0,-5.799999999999999,-2.095952798561221,0.8971973062861494,0.3831304589550418,0.36648575305291725,-4.858725761772853,0.0,-1.7601504735346458,0.4125721504583693,0.20717368143750428,Banks—Regional,Financial Services,TSBK
2009Q1,2009,Q1,2009-02-09,2008-12-31,361000.0,7370000.0,0.0,0.05,7370000.0,1.0,671592000.0,90943000.0,617937000.0,0.0,580649000.0,0.0,69000000.0,48952281.2,124374281.2,13.840526598380466,0.0,0.14831772862094844,1.095290456659666,0.0,13.840526598380466,0.00396951936927526,6.642100569877884,33.90047174515236,0.5382743168798039,2.1246537396121883,0.0,0.015668319865755308,0.010973924644724773,0.0,0.000537528737685976,34.42495161744023,1.0,-0.7619047619047619,-0.6952674516573851,0.46899950122583195,0.35055029941142407,-0.16760786085385138,-0.7325925925925926,0.0,-0.808036396844067,0.036874819078721525,0.27719005510409855,Banks—Regional,Financial Services,TSBK
2008Q4,2008,Q4,2008-12-11,2008-09-30,1350000.0,8854000.0,0.0,0.21,8854000.0,1.0,681883000.0,74841000.0,625740000.0,0.0,607042000.0,0.0,69406000.0,49609358.8,136793358.8,11.389978900513425,0.0,0.15343981298844522,1.3980037679881347,0.0,11.389978900513425,0.01803824107107067,5.603044815902416,9.186918296296296,0.6628633877152897,0.5674074074074074,0.0,0.015440634963417427,0.012984632260959725,0.0,0.001979811785892888,24.187888249634323,1.0,3.6249999999999996,0.09763861985251054,0.757611364787906,0.1290272007611531,0.5790975566256465,3.4725274725274726,0.0,-0.21651464812321286,0.2814883123313109,0.06954468519870075,Banks—Regional,Financial Services,TSBK
2008Q3,2008,Q3,2008-08-08,2008-06-30,-546000.0,5607000.0,0.0,-0.08,5607000.0,1.0,663754000.0,74775000.0,621956000.0,0.0,588979000.0,0.0,68822000.0,52150591.269999996,138823591.26999998,11.59967193599184,0.0,0.15765630037634426,1.3994650618522233,0.0,11.59967193599184,-0.007301905717151455,9.30097935972891,-23.878475856227105,0.6974335174857906,-1.3864468864468864,0.0,0.014515655174085623,0.008447406719959503,0.0,-0.0008225939128050452,8.341425347088931,1.0,-1.3333333333333335,-1.4158826155656339,0.054018962983746435,0.1350412348242794,-0.31829787234042556,-1.3444794952681387,0.0,-1.3153177755708665,-0.1923528217392739,0.08565262848207027,Banks—Regional,Financial Services,TSBK
2008Q2,2008,Q2,2008-05-07,2008-03-31,1585000.0,8225000.0,0.0,0.24,8225000.0,1.0,654513000.0,74842000.0,587224000.0,815000.0,579671000.0,0.0,70125000.0,75041925.55,168471925.55,11.618962248230849,720.520245398773,0.16268278857715585,1.422703829400604,0.0,11.618962248230849,0.021177948210897624,9.123638364741641,11.836265859621452,1.002671301541915,0.4801261829652997,0.0,0.01014099777454338,0.012566595315906636,19.758282208588955,0.0024216478511503974,-18.634697181524707,1.0,0.0,0.05032229994574702,0.5612474163968442,0.17113063506551487,-0.02269486692015209,-0.018575851393188854,0.0,0.1831456631391166,0.31668011033943233,0.13070952469717045,Banks—Regional,Financial Services,TSBK
2008Q1,2008,Q1,2007-12-31,2007-12-31,1615000.0,8416000.0,0.0,0.24,8416000.0,1.0,646594000.0,74989000.0,577099000.0,611000.0,571605000.0,0.0,69300000.0,79357913.03999999,170545913.04,11.509451105898185,944.5155482815057,0.16546859389354063,1.4267559242022163,0.0,11.509451105898185,0.02153649201882943,9.429409819391633,12.2845066625387,1.0582607187720865,0.42910216718266253,0.0,0.008732588515157859,0.013015895600639659,31.44026186579378,0.002497703350170277,17.42980738853503,1.0,-0.25000000000000006,0.023481720019434386,0.5586671988221432,0.16700922925596917,0.013853752559932538,-0.2502321262766945,0.0,0.17963984980921968,0.3296697136467757,0.10335268374413924,Banks—Regional,Financial Services,TSBK
2007Q4,2007,Q4,2007-12-13,2007-09-30,2154000.0,8301000.0,0.0,0.32,8301000.0,1.0,644848000.0,74547000.0,556382000.0,0.0,570301000.0,0.0,68378000.0,105354470.76,192156470.76,11.441612124330128,0.0,0.15460542639505745,1.3373710545025286,0.0,11.441612124330128,0.028894522918427302,12.69178059992772,12.227770515320335,1.4132623815847722,0.32079851439182916,0.0,0.006558810414169461,0.012872801032181228,0.0,0.0033403220603925267,42.75749625,1.0,0.03225806451612906,0.450478393105745,0.6213268145088727,0.18621939500821588,0.017404093638926338,0.007483629560336763,0.0,0.7633684067989077,0.5082474231176359,0.11718448146115533,Banks—Regional,Financial Services,TSBK
2007Q3,2007,Q3,2007-08-08,2007-06-30,2138000.0,8159000.0,0.0,0.31,8159000.0,1.0,624146000.0,73992000.0,534646000.0,72750000.0,550154000.0,0.0,66915000.0,105406298.89999999,204883298.89999998,11.020920116947584,7.349085910652921,0.180187007527085,1.5199345875229755,0.0,11.020920116947584,0.028895015677370527,12.919021804142664,12.32533897333957,1.4245634514542111,0.3054256314312441,0.0,0.006195075691060053,0.013072261938713057,0.22217182130584193,0.0034254805766599484,28.18350237967914,1.0,0.14814814814814806,0.3734664704133338,0.5803348279917251,0.14647242744863534,0.03121840242669363,0.11586638830897704,0.0,0.5381981850346308,0.41491697805532773,0.07234874640331022,Banks—Regional,Financial Services,TSBK
2007Q2,2007,Q2,2007-05-09,2007-03-31,1916000.0,7912000.0,0.0,0.27,7912000.0,1.0,617801000.0,77813000.0,525773000.0,37500000.0,539988000.0,0.0,65465000.0,121024953.0,197991953.0,11.331994692036774,14.020613333333333,0.1492875537592202,1.1852775243211289,0.0,11.331994692036774,0.024623134951743283,15.29637929726997,15.791356080375781,1.5553307673524988,0.3444676409185804,0.0,0.005453420832974833,0.012806712841189963,0.49173333333333336,0.0031013222704398343,444.9446801470588,1.0,0.0,0.3298105098157356,0.5241843904827034,0.21726576693261465,0.01775147928994083,-0.019447287615148412,0.0,0.45200735031458483,0.43568366316694757,0.17348012416272104,Banks—Regional,Financial Services,TSBK
2007Q1,2007,Q1,2006-12-31,2006-12-31,1954000.0,7774000.0,0.0,0.27,7774000.0,1.0,594178000.0,77280000.0,499529000.0,14700000.0,516898000.0,0.0,64209000.0,,,,,,,,,,,,,,,,,,,,,,,,,,,,,,,Banks—Regional,Financial Services,TSBK
