Quarters,Year,Quarter,FillingDate,Date,NetIncome,Revenue,OperatingIncome,EPSDiluted,GrossProfit,GrossProfitRatio,TotalAssets,CommonStockEquity,CurrentAssets,CurrentLiability,TotalLiability,Inventory,RetainedEarnings,MarketCap,EnterpriseValue,bookValuePerShare,currentRatio,debtToAssets,debtToEquity,roic,shareholdersEquityPerShare,roe,priceToSalesRatio,peRatio,pbRatio,payoutRatio,inventoryTurnover,dividendYield,assetTurnover,quickRatio,returnOnAssets,priceToFreeCashFlowsRatio,grossProfitMargin,epsdilutedGrowth,fiveYNetIncomeGrowthPerShare,fiveYRevenueGrowthPerShare,fiveYShareholdersEquityGrowthPerShare,grossProfitGrowth,netIncomeGrowth,operatingIncomeGrowth,threeYNetIncomeGrowthPerShare,threeYRevenueGrowthPerShare,threeYShareholdersEquityGrowthPerShare,Industry,Sector,Symbol
2023Q1,2023,Q1,2023-05-09,2023-03-31,-74151000.0,602450000.0,-77022000.0,-0.42,445584000.0,0.7396198855,6304328000.0,3057708000.0,1091384000.0,367354000.0,3246620000.0,124092000.0,-3339177000.0,12109102940.0,14222623940.0,17.12291822997749,2.9709326698497907,0.4068474863617502,0.8388309151822214,-0.013589519942901144,17.12291822997749,-0.024250517053950215,20.099764196198855,-40.82582480344163,3.960189442549779,0.0,1.2641104986622829,0.0,0.09556133500668113,2.4010028473897114,-0.01176191974783038,-179.19501206067332,0.7396198854676737,0.4166666666666667,-0.27462048296504527,3.5214430368745613,2.0161466985129297,0.097922102882149,0.419538925202552,0.3328540493720225,0.4179762431854863,0.43698279981875854,-0.00034502010740034266,Diagnostics & Research,Healthcare,EXAS
2022Q4,2022,Q4,2023-02-21,2022-12-31,-127745000.0,552995000.0,-115450000.0,-0.72,405843000.0,0.7338999448,6226873000.0,3043162000.0,982257000.0,412747000.0,3183711000.0,118259000.0,-3265026000.0,8792183840.0,10996561840.0,17.136464996846563,2.379804093064274,0.39295341337457823,0.8040554528480574,-0.020011015980854516,17.136464996846563,-0.04197771922756659,15.899210372607348,-17.206512661943716,2.8891606296345707,0.0,1.2443196712300966,0.0,0.08880781734266943,1.9142477110675546,-0.020515112481015754,-421.9100647823792,0.7338999448457942,0.14285714285714285,-2.9646204032837815,3.273427859448166,2.949746120179827,0.08174895314961364,0.14127358649108301,0.12610703201877224,-2.2911379132053087,0.4739083901693902,0.04779050450308395,Diagnostics & Research,Healthcare,EXAS
2022Q3,2022,Q3,2022-11-03,2022-09-30,-148761000.0,523073000.0,-132110000.0,-0.84,375173000.0,0.7172478794,6306566000.0,3108634000.0,1048506000.0,423676000.0,3197932000.0,114699000.0,-3137281000.0,5750632530.0,7961638530.0,17.563201636185923,2.474782616905371,0.3878992148817597,0.7869411452104043,-0.022439359618808018,17.563201636185923,-0.04785413786248236,10.993938761893656,-9.664213957287192,1.8498905081781905,0.0,1.2894619831036016,0.0,0.08294101734604854,2.025887706643756,-0.023588272920635416,-67.20933733038814,0.7172478793590952,0.10638297872340424,-2.7252055719491555,3.8545193949453895,2.971964174984264,-0.004951729259495014,0.10418937391231038,0.13653030411963477,-1.6915499417150455,0.7499819088036794,2.0411065135639697,Diagnostics & Research,Healthcare,EXAS
2022Q2,2022,Q2,2022-08-02,2022-06-30,-166063000.0,521640000.0,-152999000.0,-0.94,377040000.0,0.7227973315,6437155000.0,3209346000.0,1101633000.0,443331000.0,3227809000.0,115172000.0,-2988520000.0,6946977960.0,9179740960.0,18.197285160236785,2.4848995445840694,0.3800101131633462,0.7622063809885253,-0.025798892753211178,18.197285160236785,-0.05174356395352823,13.317571428571428,-10.458347073098764,2.1646086025003224,0.0,1.2555134928628486,0.0,0.08103579920011247,2.062986797674875,-0.025797576724500188,-55.91489158255662,0.7227973314929836,0.09615384615384624,-2.4509865625721123,4.790042967446284,2.797913493542078,0.07152905468197152,0.08220540851235512,0.135657469550087,-2.1659757399073762,0.9116806205723861,2.070755620365587,Diagnostics & Research,Healthcare,EXAS
2022Q1,2022,Q1,2022-04-26,2022-03-31,-180937000.0,486571000.0,-177012000.0,-1.04,351871000.0,0.7231647591,6490537000.0,3258211000.0,1215138000.0,480952000.0,3232326000.0,112958000.0,-2822457000.0,12195236640.0,14387483640.0,18.680581594684003,2.5265265556645984,0.366999371546607,0.7310831005112929,-0.02997348071567622,18.680581594684003,-0.05553262204320101,25.063632316763638,-16.850114459729078,3.7429241507072444,0.0,1.1924786203721738,0.0,0.07496621620060097,2.126210099968396,-0.02787704622899461,-58.80708390998037,0.7231647590999053,0.1875,-2.282657260718837,5.378647703666532,5.673998687979279,-0.008009314598885856,0.1798369074978129,0.2013499429252072,-0.5767991667224137,1.1734599437827467,2.0354803011373677,Diagnostics & Research,Healthcare,EXAS
2021Q4,2021,Q4,2022-02-22,2021-12-31,-220611000.0,473812000.0,-221639000.0,-1.28,354712000.0,0.7486344795,6684884000.0,3387636000.0,1426237000.0,517068000.0,3297248000.0,104994000.0,-2641520000.0,13421472180.0,15488109180.0,19.644619185136218,2.758316120897058,0.3563424585976361,0.70317708277985,-0.036415020902498284,19.644619185136218,-0.06512240394186389,28.326577165626873,-15.20943219059793,3.961899147370024,0.0,1.1343505343162466,0.0,0.07087811845351392,2.411909071920908,-0.03300147018257908,-159.84793697298844,0.7486344794981976,-0.31958762886597947,-2.7609565655330903,7.51964596466744,5.402261044264231,0.04119126802650002,-0.32151457427308344,-0.36794776050313843,-1.9149254602013528,1.363266074489728,2.5479063707534677,Diagnostics & Research,Healthcare,EXAS
2021Q3,2021,Q3,2021-11-02,2021-09-30,-166938000.0,456379000.0,-162023000.0,-0.97,340679000.0,0.7464826383334904,6654436000.0,3457590000.0,1615591000.0,710231000.0,3196846000.0,95167000.0,-2420910000.0,16415300100.0,18525199100.0,20.104838991033738,2.274740190163482,0.358208869992889,0.689404469587198,-0.026291159235548995,20.104838991033738,-0.048281606552540934,35.9685702015211,-24.58292914135787,4.747613250848134,0.0,1.215757563020795,0.0,0.06858267176962857,2.0669880644466376,-0.025086724104041273,-206.10843378032243,0.7464826383334904,0.05825242718446607,-1.691202240532555,8.892474977262756,4.815509827072281,0.06190406428546938,0.05637831238129692,0.0561620374685432,-1.6249006831922137,1.7519653458626765,2.4410226234310315,Diagnostics & Research,Healthcare,EXAS
2021Q2,2021,Q2,2021-07-28,2021-06-30,-176912000.0,434819000.0,-171664000.0,-1.03,320819000.0,0.7378219443032619,6724334000.0,3559101000.0,1669211000.0,675698000.0,3165233000.0,89809000.0,-2253972000.0,21318419140.0,23335943140.0,20.75350158023021,2.470350659614206,0.35412265363380224,0.6690563150638321,-0.028696853306428505,20.75350158023021,-0.04970693441967508,49.02826035660815,-30.12573926584969,5.989832584127284,0.0,1.2693605317952543,0.0,0.06466350422212817,2.270419625335579,-0.026309222593642732,1353.2926515584334,0.7378219443032619,-4.722222222222223,-1.2561155413903657,10.717168580084296,7.147181547258482,0.09840555743862064,-4.676806571685278,0.42881670055000815,-2.462429285646822,2.0094583217786512,2.404950636619526,Diagnostics & Research,Healthcare,EXAS
2021Q1,2021,Q1,2021-05-04,2021-03-31,-31164000.0,402077000.0,-300541000.0,-0.18,292077000.0,0.7264205612357832,6734517000.0,3648995000.0,1775302000.0,628914000.0,3085522000.0,89033000.0,-2077060000.0,22328012520.0,23596050520.0,21.53637994735413,2.822805661823397,0.3521936317036545,0.6500019868484336,-0.005519732408338979,21.53637994735413,-0.008540433735864258,55.53168303583642,-179.1170302271852,6.118948510480283,0.0,1.2354969505688902,0.0,0.05970391046603639,2.5982916583189435,-0.00462750335324716,-247.68447668807613,0.7264205612357832,0.9354838709677419,0.6232287975505163,14.555818347665971,6.263569568382391,-0.2033662539991654,0.9286554794990958,0.2763314407346943,0.4354079746256788,2.1804088181986305,2.793563714064271,Diagnostics & Research,Healthcare,EXAS
2020Q4,2020,Q4,2021-02-16,2020-12-31,-436810000.0,466339000.0,-415302000.0,-2.79,366639000.0,0.7862070296501044,4925092000.0,2823489000.0,2198594000.0,575844000.0,2101603000.0,92265000.0,-1968289000.0,20730710300.0,20971865300.0,18.04492234933214,3.818037524051653,0.3517585052218314,0.6135823443973042,-0.08828336618873094,18.04492234933214,-0.1547057558927979,44.45416381645112,-11.864832707584535,7.3422316502738285,0.0,1.0805831030184794,0.0,0.09468635306711022,3.6002320072797493,-0.08869072902597555,218.59997785604318,0.7862070296501044,-0.9109589041095891,-5.729677921380972,18.92509717734905,4.322229649035097,0.17038718265482997,-0.9865474522930272,-1.04245211104827,-14.385904226338381,3.090059829720808,3.159134456921917,Diagnostics & Research,Healthcare,EXAS
2020Q3,2020,Q3,2020-10-27,2020-09-30,-219884000.0,408363000.0,-203335000.0,-1.46,313263000.0,0.7671189603367592,4354370000.0,2337100000.0,1606627000.0,252832000.0,2017270000.0,80427000.0,-1531479000.0,15308302250.0,16215306250.0,15.564583263960573,6.35452395266422,0.393554521090307,0.733251465491421,-0.047604011416663934,15.564583263960573,-0.09408412134696846,37.48699625088463,-17.40497518009496,6.550127187540114,0.0,1.1824387332612183,0.0,0.09378233820277102,5.891690925199342,-0.050497316488952476,226.96450969635868,0.7671189603367592,-1.517241379310345,-2.220442845300009,19.333345627293422,3.068747479231114,0.5456954230564273,-1.5525759791971396,-2.03444313450432,-5.490540894979588,3.46741635777862,2.5199713812792326,Diagnostics & Research,Healthcare,EXAS
2020Q2,2020,Q2,2020-07-31,2020-06-30,-86142000.0,268868000.0,-67009000.0,-0.58,202668000.0,0.753782525254028,4467735000.0,2511193000.0,1504858000.0,222274000.0,1956542000.0,82215000.0,-1311595000.0,13017265380.0,14008486380.0,16.77181136334796,6.7702835239389225,0.379419773106507,0.6750365264637167,-0.015276011654271655,16.77181136334796,-0.034303217634009016,48.415078700328785,-37.77850926377377,5.183697700654629,0.0,0.805205862677127,0.0,0.0601799345753497,6.236739339733842,-0.019280910797081743,-470.957502894356,0.753782525254028,0.18309859154929578,-0.30951492316025403,18.666678679333184,5.632832511052421,-0.23872271533800865,0.18500998136181726,0.1865174268267515,-1.10860463542836,2.5152792797992554,2.500406138998634,Diagnostics & Research,Healthcare,EXAS
2020Q1,2020,Q1,2020-05-06,2020-03-31,-105697000.0,347821000.0,-82373000.0,-0.71,266221000.0,0.7653965689248206,4461125000.0,2537653000.0,1484318000.0,243581000.0,1923472000.0,69424000.0,-1225453000.0,8592758000.0,9439238000.0,17.128828020060613,6.093734733004627,0.3468932163972092,0.6098288457878205,-0.0192406074831413,17.128828020060613,-0.04165147874827646,24.704540553905602,-20.324034740815726,3.386104404345275,0.0,1.175386033648306,0.0,0.07796710471013478,5.6291829001441,-0.023692902575023118,-137.45773611466598,0.7653965689248206,-2.314814814814815,-0.7668530874467994,47.794164354741234,4.8815771329218345,0.17549839938183023,-2.3560459298223106,0.1429121405085945,-1.2575898374667096,4.36812252428901,5.119604743197023,Diagnostics & Research,Healthcare,EXAS
2019Q4,2019,Q4,2020-02-21,2019-12-31,77945000.0,295575000.0,-96108000.0,0.54,226475000.0,0.7662183878880149,3505768000.0,2288061000.0,556959000.0,236494000.0,1217707000.0,61724000.0,-1119756000.0,12938044480.0,13597152480.0,16.35485807821245,2.35506609047164,0.23856741233304657,0.36553308674899837,0.021599237361761954,16.35485807821245,0.03406596240222617,43.77245869914573,41.49735223555071,5.654588964192825,0.0,1.1194997083792366,0.0,0.08431105538073255,1.9210719933698106,0.02223335942366979,-187.54594381468704,0.7662183878880149,2.741935483870968,2.4550930228713583,118.03008716688258,3.7954646084186456,0.36426613656215173,2.9265182036135347,-1.6951205832865957,2.637916365690449,5.551119126854232,4.330114560725891,Diagnostics & Research,Healthcare,EXAS
2019Q3,2019,Q3,2019-10-29,2019-09-30,-40459000.0,218805000.0,-35660000.0,-0.31,166005000.0,0.7586892438472612,1759268000.0,748284000.0,1319978000.0,480692000.0,1010984000.0,53673000.0,-1197701000.0,11708969790.0,11491660790.0,5.775266850355415,2.7459953566940993,0.4644119031324392,1.0918648534513633,-0.023172628223350998,5.775266850355415,-0.05406904330441383,53.5132642764105,-72.35083535183767,15.647761798996104,0.0,0.9837348387457381,0.0,0.12437275048486075,2.5853249065929953,-0.022997633106496565,-144.9991305478502,0.7586892438472612,-0.03333333333333337,0.19215788495508151,0.0,1.2268492496005599,0.11961286841572806,-0.05307131702238418,-0.054405677114133646,0.1342654201740067,5.295279848244205,0.670549121889774,Diagnostics & Research,Healthcare,EXAS
2019Q2,2019,Q2,2019-07-30,2019-06-30,-38420000.0,199870000.0,-33820000.0,-0.3,148270000.0,0.7418321909241007,1781943000.0,765532000.0,1374796000.0,492463000.0,1016411000.0,47781000.0,-1157242000.0,14983820180.0,15584799180.0,5.925995881779195,2.791673689190863,0.45233601748204066,1.052910916852594,-0.021274589434528944,5.925995881779195,-0.050187320712915984,74.96782998949317,-97.50013131181676,19.57308143879028,0.0,1.0799271677026434,0.0,0.11216408156714328,2.646544004321137,-0.02156073454650345,-288.8725695006748,0.7418321909241007,0.5454545454545455,-0.25543467890043103,0.0,1.0019603496035714,0.2486630790867672,0.5374372434052902,0.5040619409332199,0.34955836683506897,6.15004382964667,1.3263623302562544,Diagnostics & Research,Healthcare,EXAS
2019Q1,2019,Q1,2019-04-30,2019-03-31,-83059000.0,162043000.0,-68194000.0,-0.66,118743000.0,0.7327869762964152,1770548000.0,776940000.0,1407120000.0,167657000.0,993608000.0,44269000.0,-1118822000.0,11393882000.0,11904000000.0,6.154077688359419,8.392849687158902,0.44919313116617005,1.0236543362421808,-0.0431292362949318,6.154077688359419,-0.10690529513218525,70.31394136124362,-34.29454363765516,14.665073236028523,0.0,0.9781110935417561,0.0,0.09152138208057618,7.985357008654574,-0.046911464699064924,-133.72473123327543,0.7327869762964152,-0.5000000000000001,-1.8995216461155169,308.91119199248044,2.58799166253466,0.13324934864145216,-0.5388705673101863,-0.3827966582853435,-0.3476814808068497,7.413756984476626,1.0755842684749928,Diagnostics & Research,Healthcare,EXAS
2018Q4,2018,Q4,2019-02-21,2018-12-31,-53974000.0,142981000.0,-49316000.0,-0.44,104781000.0,0.7328316349724788,1524022000.0,680941000.0,1228067000.0,136590000.0,843081000.0,39148000.0,-1035763000.0,7760101100.0,8288501100.0,5.536960993974679,8.990899773043415,0.45198166430668324,1.0115854383859981,-0.0360077682502578,5.536960993974679,-0.07926384224183887,54.273652443331635,-35.94370020750732,11.396143131343244,0.0,0.9757842035353019,0.0,0.09381819947481074,8.554220660370452,-0.035415499251323146,-144.2800241703077,0.7328316349724788,-0.1891891891891892,-1.5483250417246837,78.40538682734021,1.895287689930728,0.1867687533270662,-0.18979807777091967,-0.20503359804520463,-0.05798466919959702,6.772667748897669,0.633089763269253,Diagnostics & Research,Healthcare,EXAS
2018Q3,2018,Q3,2018-10-30,2018-09-30,-45364000.0,118291000.0,-40925000.0,-0.37,88291000.0,0.7463881444911278,1509576000.0,716729000.0,1289582000.0,106735000.0,792847000.0,38617000.0,-981789000.0,9715543200.0,11250771200.0,5.842693057038746,12.0820911603504,0.4460994345432095,0.9395754880854549,-0.029456801407924404,5.842693057038746,-0.0632930996234281,82.1325646076202,-53.542143549951504,13.555392903035877,0.0,0.7768599321542325,0.0,0.07836041378506282,11.49700660514358,-0.030050822217629322,-168.4386823855756,0.7463881444911278,-0.23333333333333336,-1.3380708033075854,64.67535958551153,1.8413714205775509,0.1618154064794589,-0.24670898947426279,-0.2514525105498135,0.18673664904616924,6.20961466004191,0.5273420588646317,Diagnostics & Research,Healthcare,EXAS
2018Q2,2018,Q2,2018-08-01,2018-06-30,-36387000.0,102894000.0,-32702000.0,-0.3,75994000.0,0.7385659027737284,1482652000.0,744388000.0,1310304000.0,82962000.0,738264000.0,35409000.0,-936425000.0,7302092910.0,7729819910.0,6.0950961688051155,15.794026180661026,0.44068938631587184,0.8777532684567726,-0.023395077538928544,6.0950961688051155,-0.0488817659607624,70.96714006647618,-50.16965475307115,9.8095252878875,0.0,0.759693863142139,0.0,0.06939861815179826,15.168751958728093,-0.024541834496564264,-133.69144272139732,0.7385659027737284,0.09090909090909098,-0.5654019432903719,51.61493793305648,1.5676951883417252,0.12757433675589055,0.07703429383116883,0.10474156811213316,0.3218542039057605,8.22705858647939,1.410458307132516,Diagnostics & Research,Healthcare,EXAS
2018Q1,2018,Q1,2018-04-26,2018-03-31,-39424000.0,90296000.0,-36528000.0,-0.33,67396000.0,0.7463896518118189,1256916000.0,687018000.0,1121991000.0,73330000.0,569898000.0,32380000.0,-900038000.0,4880575280.0,5222988280.0,5.677084021947511,15.300572753306968,0.39072459893899036,0.7148400769703268,-0.031051642967969556,5.677084021947511,-0.05738423156307404,54.05084699211482,-30.949264914772726,7.103999138304964,0.0,0.7072266831377394,0.0,0.07183932736952986,14.683540160916404,-0.03136566007593188,-90.52855171390414,0.7463896518118189,-0.8333333333333335,-0.9159922191363781,44.97604707428202,3.0658604066399797,0.054611460582730885,-0.8114317221099062,-0.5889338379224847,0.1932104611225601,14.507521456636669,0.9493573947999884,Diagnostics & Research,Healthcare,EXAS
2017Q4,2017,Q4,2018-02-22,2017-12-31,-21764000.0,87406000.0,-22989000.0,-0.18,63906000.0,0.7311397386907077,598560000.0,520418000.0,487216000.0,68124000.0,78142000.0,26027000.0,-860614000.0,6302173000.0,6229133000.0,4.338624426844518,7.151899477423521,0.007436180165731088,0.008552740297222618,-0.04388822871655984,4.338624426844518,-0.041820229123512256,72.10229274878155,-72.39217285425474,12.109829022055349,0.0,0.9029085180773812,0.0,0.14602713178294574,6.622247666020786,-0.03636059877038225,-169.8927887855506,0.7311397386907077,0.21739130434782614,0.17790477736231047,43.72140331959423,1.7978946022377218,0.23194663993522766,0.19083912704019035,0.19084157544613,0.5261272005981615,40.0535640071661,0.2721431019857272,Diagnostics & Research,Healthcare,EXAS
2017Q3,2017,Q3,2017-10-30,2017-09-30,-26897000.0,72574000.0,-28411000.0,-0.23,51874000.0,0.7147738859646705,587179000.0,527144000.0,513689000.0,49689000.0,60035000.0,18064000.0,-838850000.0,5617410800.0,5571264800.0,4.4217925596611165,10.33808287548552,0.007989045929776098,0.008898896696158924,-0.05296581649335774,4.4217925596611165,-0.05102400862003551,77.4025243200044,-52.212243001078186,10.656311747833609,0.0,1.1459255978742249,0.0,0.12359774446974432,9.802451246754815,-0.04580715590986735,-264.1125957966994,0.7147738859646705,0.14814814814814817,-0.05442077182532628,34.56872114023898,1.4187853043987009,0.30842960197750086,0.1264371549204287,0.09573824755721061,0.41631478970262137,0.0,0.7049715101501715,Diagnostics & Research,Healthcare,EXAS
2017Q2,2017,Q2,2017-07-25,2017-06-30,-30790000.0,57646000.0,-31419000.0,-0.27,39646000.0,0.6877493668251049,582601000.0,540694000.0,526133000.0,31293000.0,41907000.0,12410000.0,-811953000.0,3991398389.9999995,3815721389.9999995,4.791390112275914,16.813121145304063,0.008118763956807488,0.008748016438133215,-0.05760472586464842,4.791390112275914,-0.05694533321989887,69.23981525170869,-32.408236359207535,7.38199127417726,0.0,1.4504431909750202,0.0,0.0989459338380813,16.196945003674944,-0.05284920554547624,-86.3621262738819,0.6877493668251049,0.15624999999999997,-0.048961433173106306,27.123934556143656,3.2685011532219375,0.2641010107451456,0.11892634350140216,0.11473331267081796,-0.1517505688213227,0.0,0.618660089480027,Diagnostics & Research,Healthcare,EXAS
2017Q1,2017,Q1,2017-04-27,2017-03-31,-34946000.0,48363000.0,-35491000.0,-0.32,31363000.0,0.6484916154911813,350261000.0,309520000.0,306186000.0,29937000.0,40741000.0,7859000.0,-781163000.0,2611946840.0,2577508840.0,2.799008880287931,10.227678124060526,0.013612705953560345,0.015404497286120445,-0.11292508781754315,2.799008880287931,-0.11290385112432152,54.00713024419494,-18.685592342471242,8.438701344016541,0.0,2.1631250795266572,0.0,0.13807703398322965,9.716538063266192,-0.09977131339201338,-71.79030976005278,0.6484916154911813,0.058823529411764754,-0.6837913522305006,22.943627377897876,1.0926431286947638,0.4696124830139169,0.05983319881624966,0.058843808008485814,-0.39276292112426603,104.59911649273842,0.6318969363727402,Diagnostics & Research,Healthcare,EXAS
2016Q4,2016,Q4,2017-02-21,2016-12-31,-37170000.0,35241000.0,-37710000.0,-0.34,21341000.0,0.6055730541131069,377040000.0,335295000.0,333573000.0,30692000.0,41745000.0,6833000.0,-745821000.0,1459900640.0,1415786640.0,3.0683877226055603,10.868402189495635,0.012749310417992786,0.014336628938695776,-0.11087850115553569,3.0683877226055603,-0.11085760300630788,41.42619789449789,-9.819078827011031,4.354078169969728,0.0,2.034245572954778,0.0,0.09346753660089115,10.413984100091229,-0.09858370464672184,-48.96694975514859,0.6055730541131069,0.055555555555555455,-0.8011613375403526,15.231221007172902,0.9272466295778599,0.3409362236883443,0.01674470280136497,0.014993208651133632,-0.9750766634921404,21.026274049301026,0.6044659174702299,Diagnostics & Research,Healthcare,EXAS
2016Q3,2016,Q3,2016-10-26,2016-09-30,-37803000.0,28115000.0,-38284000.0,-0.36,15915000.0,0.5660679352658723,403211000.0,362329000.0,359032000.0,30061000.0,40882000.0,7666000.0,-708651000.0,1946265990.0,1887665990.0,3.4571068726325533,11.943448321745784,0.01201604122903393,0.013371825054025486,-0.10426664197356023,3.4571068726325533,-0.10433335449274002,69.22518193135338,-12.8711080469804,5.371543514319859,0.0,1.5914427341507957,0.0,0.06972776040336201,11.499717241608728,-0.09375488267929198,-63.36120031253052,0.5660679352658723,0.21739130434782614,-1.433519531261551,12.540034717831823,1.806865489866686,0.435723951285521,0.155523288283257,0.15182666105412412,-1.2804691362546476,17.270080447189322,0.6812323649188802,Diagnostics & Research,Healthcare,EXAS
2016Q2,2016,Q2,2016-07-26,2016-06-30,-44765000.0,21185000.0,-45137000.0,-0.46,11085000.0,0.5232475808354968,288529000.0,249388000.0,247217000.0,28395000.0,39141000.0,8404000.0,-670848000.0,1199299500.0,1155171500.0,2.5473228330371187,8.706356752949462,0.0169203095702685,0.019575921856705213,-0.17751602627128643,2.5473228330371187,-0.17949941456685967,56.61078593344347,-6.69775215011728,4.808970359439909,0.0,1.2018086625416469,0.0,0.07342416186934415,8.153477724951577,-0.1551490491423739,-30.247150063051702,0.5232475808354968,0.06122448979591831,-2.589616031125465,9.800802859344124,0.8688727842217002,0.932868352223191,0.05704295072988857,0.0573874908635272,-1.4024006895129197,12.513713806391689,0.0731165514693875,Diagnostics & Research,Healthcare,EXAS
2016Q1,2016,Q1,2016-05-03,2016-03-31,-47473000.0,14835000.0,-47885000.0,-0.49,5735000.0,0.38658577687900236,323788000.0,288333000.0,284092000.0,24678000.0,35455000.0,8157000.0,-626083000.0,655438040.0,608206040.0,2.9649857063529605,11.511953967096199,0.015192039235549187,0.017060135329636218,-0.16328959393286321,2.9649857063529605,-0.1646464331172637,44.18186990225817,-3.451635877235481,2.2731981424255983,0.0,1.115606227779821,0.0,0.0458170160722448,10.86850636194181,-0.14661753987176795,-14.651243741058655,0.38658577687900236,-0.19512195121951226,-4.79713983052093,6.61729521404084,1.0185598433481378,-0.14657738095238096,-0.18709209572153734,-0.18468579910935182,-1.871116265178695,8.399867128359816,1.1234876818994939,Diagnostics & Research,Healthcare,EXAS
2015Q4,2015,Q4,2016-02-24,2015-12-31,-39991000.0,14420000.0,-40420000.0,-0.41,6720000.0,0.46601941747572817,364296000.0,326856000.0,326130000.0,26723000.0,37440000.0,6677000.0,-578610000.0,889808920.0,853691920.0,3.3904817227500934,12.204093851738204,0.013774513033357489,0.015352326406735688,-0.12179321067634102,3.3904817227500934,-0.12235051521159165,61.706582524271845,-5.562557325398215,2.7223270186259394,0.0,1.1532125205930808,0.0,0.0395831960823067,11.668300714740111,-0.10977611612534861,-23.264194729136165,0.46601941747572817,0.08888888888888896,-3.6620166911630045,3.3682465080664326,0.7070591265269454,0.3094310210444271,0.06878565607171964,0.06586549572452045,-0.8795369567758203,8.180041312629173,1.1864557928484856,Diagnostics & Research,Healthcare,EXAS
2015Q3,2015,Q3,2015-10-30,2015-09-30,-42945000.0,12632000.0,-43270000.0,-0.45,5132000.0,0.4062697910069664,393989000.0,361286000.0,359352000.0,23514000.0,32703000.0,6032000.0,-538619000.0,1699047559.9999998,1671281559.9999998,3.8253991783490746,15.2824700178617,0.009533261080893122,0.010396195811628461,-0.11853430564154262,3.8253991783490746,-0.11886704715931423,134.50344838505382,-9.89083455582722,4.702777190369956,0.0,1.243368700265252,0.0,0.03206180883222628,14.787700944118397,-0.10900050509024363,-41.11626842194419,0.4062697910069664,-0.02272727272727275,-4.398887296464796,2.960752319209248,7.629228920094776,0.699900629347466,-0.09929350330210412,-0.09917187420616776,-1.1250993943383192,6.81476347079244,1.0925493883319433,Diagnostics & Research,Healthcare,EXAS
2015Q2,2015,Q2,2015-07-31,2015-06-30,-39066000.0,8119000.0,-39366000.0,-0.44,3019000.0,0.37184382313092745,253017000.0,224841000.0,223263000.0,18730000.0,28176000.0,6275000.0,-495674000.0,2644451060.0,2614519060.0,2.528604685162901,11.920074746396155,0.015149179699387788,0.01704760252800868,-0.17214899813708598,2.528604685162901,-0.17374944961105848,325.7114250523463,-16.922970485844466,11.761427230798652,0.0,0.8127490039840638,0.0,0.03208875292964505,11.37047517351842,-0.15440069244359075,-68.29324570011879,0.37184382313092745,-0.09999999999999995,-5.929285121903549,1.7147051624618321,3.810567286839983,44.74242424242424,-0.09119856987234994,-0.0931356214595135,-0.6890566890498198,4.026953763958791,1.2526556514375298,Diagnostics & Research,Healthcare,EXAS
2015Q1,2015,Q1,2015-05-04,2015-03-31,-35801000.0,4266000.0,-36012000.0,-0.4,66000.0,0.015471167369901548,278814000.0,258209000.0,256047000.0,14476000.0,20605000.0,5423000.0,-456608000.0,1952337240.0,1912927240.0,2.912284857097742,17.687689969604865,0.004551421377692656,0.004914623425209811,-0.13864260222447228,2.912284857097742,-0.13865124763273162,457.65054852320674,-13.633259126840032,7.561073548946783,0.0,0.7744790706251152,0.0,0.01530052292926467,17.044211108040894,-0.128404599482092,-51.7751469184258,0.015471167369901548,-0.05263157894736847,-5.7692180848820005,0.3188929928399746,20.89101264654408,1.0347917764891934,-0.10347059548760942,-0.10523892827548108,-1.1514580200343716,1.6341741300460932,1.177332461474892,Diagnostics & Research,Healthcare,EXAS
2014Q4,2014,Q4,2015-02-27,2014-12-31,-32444000.0,1504000.0,-32583000.0,-0.38,-1897000.0,-1.2613031914893618,311624000.0,288984000.0,291677000.0,17521000.0,22640000.0,4017000.0,-420807000.0,2325100960.0,2268329960.0,3.410484575259046,16.6472804063695,0.0043642338202449105,0.004706142900645019,-0.11208308107215587,3.410484575259046,-0.1122691913739169,1545.9447872340425,-17.916263099494515,8.045777482490381,0.0,0.8466517301468758,0.0,0.004826329165917901,16.21665430055362,-0.10411264857648962,-68.5264061302682,-1.2613031914893618,0.025641025641025664,-6.214237007294024,-0.5015825958700946,18.549564683778964,-1.053030303030303,-0.011977542108546475,-0.011643070044709389,-1.0274660008915861,-0.10667407776314516,1.1421168043632572,Diagnostics & Research,Healthcare,EXAS
2014Q3,2014,Q3,2014-10-31,2014-09-30,-32060000.0,0.0,-32208000.0,-0.39,-924000.0,0.0,234667000.0,215105000.0,216240000.0,16752000.0,19562000.0,2719000.0,-388363000.0,1607396580.0,1581016580.0,2.5934700570284903,12.908309455587393,0.006174707138200087,0.0067362450896074014,-0.14842191121781725,2.5934700570284903,-0.14904349038841497,0.0,-12.53428399875234,7.47261374677483,0.0,0.3398308201544685,0.0,0.0,12.604106972301814,-0.13661912412056232,-68.58664362519201,0.0,-0.6250000000000001,-11.970806267724006,-1.0,11.497599121550452,0.0,-0.6494314966301384,-0.6457843638221769,-1.6079130682335416,-1.0,1.1056686617653133,Diagnostics & Research,Healthcare,EXAS
2014Q2,2014,Q2,2014-08-01,2014-06-30,-19437000.0,0.0,-19570000.0,-0.24,0.0,0.0,255805000.0,242870000.0,238784000.0,9818000.0,12935000.0,0.0,-356303000.0,1397277440.0,1377930440.0,2.9600965288611545,24.32104298227745,0.005320458943335744,0.00560382097418372,-0.0799529352164694,2.9600965288611545,-0.08003046897517191,0.0,-17.97187631836189,5.753190760489151,0.0,0.0,0.0,0.0,23.914952128743124,-0.07598365942807998,-73.66110179766989,0.0,-0.04347826086956513,-2.0956046054342177,-1.0,12.289423035643441,0.0,-0.20674241013224065,-0.20966744962294473,-0.8597827134783502,-1.0,1.1717089682197832,Diagnostics & Research,Healthcare,EXAS
2014Q1,2014,Q1,2014-05-02,2014-03-31,-16107000.0,294000.0,-16178000.0,-0.23,0.0,0.0,134128000.0,121756000.0,118852000.0,9033000.0,12372000.0,0.0,-336866000.0,1005885790.0,989435790.0,1.7151872878132617,13.157533488320603,0.010109745914350472,0.011137028154669996,-0.13074504796463468,1.7151872878132617,-0.1322891685009363,3421.380238095238,-15.61255649717514,8.26148846874076,0.0,0.0,0.0,0.002191936061075987,12.842909332447691,-0.120086782774663,-58.77561002687858,0.0,-0.3529411764705882,-0.7867174172636777,-0.8747993294546889,46.32352422254799,0.0,-0.32176267848350565,-0.31893037665090496,-1.6944782432328007,-0.7931985921582608,0.1676981024167215,Diagnostics & Research,Healthcare,EXAS
2013Q4,2013,Q4,2014-02-28,2013-12-31,-12186000.0,1036000.0,-12266000.0,-0.17,0.0,0.0,146627000.0,135316000.0,135458000.0,7752000.0,11311000.0,0.0,-320759000.0,831394750.0,819894750.0,1.9124044264171742,17.473942208462333,0.009213855565482482,0.009984037364391499,-0.08928649419848884,1.9124044264171742,-0.09005586922462976,802.504584942085,-17.056350525192844,6.144097889384847,0.0,0.0,0.0,0.007065547273012474,17.190273477812177,-0.08310884080012548,-57.51606710480802,0.0,-0.06250000000000006,-1.2238765171709132,1.2103039826865694,22.40588152265471,0.0,-0.09193548387096774,-0.09060193829465635,-0.9355231793605598,-0.5724102594410831,-0.037131683140887856,Diagnostics & Research,Healthcare,EXAS
2013Q3,2013,Q3,2013-11-01,2013-09-30,-11160000.0,1036000.0,-11247000.0,-0.16,0.0,0.0,155496000.0,145090000.0,148745000.0,8502000.0,10406000.0,0.0,-308573000.0,832596200.0,824233200.0,2.0562933148145524,17.495295224653024,0.008662602253434171,0.009283892756220278,-0.07638912472068082,2.0562933148145524,-0.07691777517402991,803.6642857142857,-18.651348566308247,5.738480942863051,0.0,0.0,0.0,0.006662550805165406,17.388967301811338,-0.07177033492822966,-79.77351729424164,0.0,0.15789473684210525,-0.42910459485199487,0.18651415447383446,111.45174722355958,0.0,0.09371447133344162,0.0893854748603352,-0.8779231013593072,-0.5652022590270591,3.6385291869208674,Diagnostics & Research,Healthcare,EXAS
2013Q2,2013,Q2,2013-08-02,2013-06-30,-12314000.0,1036000.0,-12351000.0,-0.19,0.0,0.0,163210000.0,153580000.0,158816000.0,8019000.0,9630000.0,0.0,-297413000.0,934253560.0,914077560.0,2.3737615728218366,19.80496321237062,0.008222535383861283,0.008738116942310196,-0.07927369353410098,2.3737615728218366,-0.08017971089985675,901.7891505791506,-18.967304693844405,6.083172027607761,0.0,0.0,0.0,0.006347650266527787,19.669410150891633,-0.07544880828380614,-83.52736343316943,0.0,-0.11764705882352934,-1.4629286976541183,0.0,27.772065451129983,0.0,-0.13451262207481113,-0.13343121960172524,-2.0018268442162053,-0.5239233464282781,3.5159845807368244,Diagnostics & Research,Healthcare,EXAS
2013Q1,2013,Q1,2013-05-03,2013-03-31,-10854000.0,1036000.0,-10897000.0,-0.17,0.0,0.0,99991000.0,89133000.0,96549000.0,9165000.0,10858000.0,0.0,-285099000.0,624316080.0,617600080.0,1.3962810953067235,10.534533551554828,0.013371203408306748,0.015000056095946507,-0.11918146819494269,1.3962810953067235,-0.12177308067719027,602.6216988416988,-14.379861802100608,7.004320285416175,0.0,0.0,0.0,0.010360932483923554,10.41811238406983,-0.10854976947925313,-49.9452864,0.0,0.2272727272727272,-0.8329823006043933,7.638011129008279,8.37937399953007,-1.0,0.2265374474453075,0.22397094430992737,-1.8503948412298037,-0.5551431084880178,9.495541684734327,Diagnostics & Research,Healthcare,EXAS
2012Q4,2012,Q4,2013-03-01,2012-12-31,-14033000.0,1036000.0,-14042000.0,-0.22,1036000.0,1.0,112119000.0,98595000.0,108714000.0,11455000.0,13524000.0,0.0,-274245000.0,673333380.0,661321380.0,1.550674719260168,9.490528153644696,0.011889153488703966,0.013519955372990517,-0.13906825654636928,1.550674719260168,-0.14232973274506822,649.935694980695,-11.995535167106107,6.829285257873117,0.0,0.0,0.0,0.009240182306299556,9.438760366652117,-0.1251616585948858,-64.40300143472022,1.0,-0.047619047619047665,-0.48366365188274135,-0.18023682024245066,5.662623869314879,0.0,-0.08346201358863496,-0.07948954489544896,-3.158436385539495,-0.5424604488256853,7.888770806235017,Diagnostics & Research,Healthcare,EXAS
2012Q3,2012,Q3,2012-11-02,2012-09-30,-12952000.0,1036000.0,-13008000.0,-0.21,1036000.0,1.0,123453000.0,110657000.0,119824000.0,9612000.0,12796000.0,0.0,-260257000.0,676131270.0,664826270.0,1.8281046075564586,12.46608406158968,0.010975836958194617,0.012245045500962434,,1.8281046075564586,-0.11704636850809258,652.636361003861,-13.050711666151946,6.110153627877134,0.0,0.0,0.0,0.008391857630029241,12.335830212234706,-0.10491442087272079,-67.92558468957203,1.0,0.19230769230769237,-0.37804736386515275,3.0920467432543526,4.067710053596639,0.0,0.12698840657859262,0.12639355271994626,-6.180120106128961,-0.5239903920368434,7.80940131758342,Diagnostics & Research,Healthcare,EXAS
2012Q2,2012,Q2,2012-07-26,2012-06-30,-14836000.0,1036000.0,-14890000.0,-0.26,1036000.0,1.0,76082000.0,64024000.0,73212000.0,8639000.0,12058000.0,0.0,-247305000.0,611436640.0,671249640.0,1.122499430194435,8.474591966662809,0.013143713361899003,0.015619142821441959,,1.122499430194435,-0.23172560289891292,590.1898069498069,-10.303259638716636,9.550116206422594,0.0,0.0,0.0,0.013616887042927368,8.202917004282902,-0.19500013143713363,-47.306509864603484,1.0,-0.368421052631579,-2.8311269709328313,-0.5621176121141095,1.403822871544488,0.0,-0.3937059652418976,-0.39132872360306487,-2.398947046479627,-0.5483200275569315,4.0394876111900855,Diagnostics & Research,Healthcare,EXAS
2012Q1,2012,Q1,2012-05-04,2012-03-31,-10645000.0,1036000.0,-10702000.0,-0.19,1036000.0,1.0,88005000.0,75863000.0,85454000.0,7692000.0,12142000.0,0.0,-232469000.0,632972880.0,692924880.0,1.3375471631580804,11.109464378575144,0.011362990739162547,0.013181656406944096,,1.3375471631580804,-0.14031873245191992,610.9776833976834,-14.865497416627525,8.343631019073856,0.0,0.0,0.0,0.011772058405772398,10.860114404576183,-0.12095903641838532,-55.031549295774646,1.0,-0.006075323101777088,-1.618763278412497,-0.5817598718265173,1.6404014811734564,0.0,-0.07481825525040388,-0.07709339774557165,-0.477899126869436,-0.4478246764695511,36.34444994953564,Diagnostics & Research,Healthcare,EXAS
2011Q4,2011,Q4,2012-03-09,2011-12-31,-9904000.0,1042000.0,-9936000.0,-0.1888526590774746,1036000.0,0.9942418426103646,96953000.0,83495000.0,94395000.0,7977000.0,13458000.0,0.0,-221824000.0,425837159.99999994,448636159.99999994,1.5921095284404019,11.833396013538925,0.010314275989396925,0.01197676507575304,,1.5921095284404019,-0.1186178813102581,408.67289827255274,-10.749120557350565,5.100151625845859,0.0,0.0,0.0,0.010747475580951595,11.703773348376583,-0.10215258939898714,-45.06213333333333,0.9942418426103646,-0.25901772718316396,-1.0702865581576064,-0.5527411358966975,1.82722377954499,0.002904162633107454,-0.2741541232471375,-0.2668621700879765,-1.438608091349865,1.2853890754285686,18.820763990142815,Diagnostics & Research,Healthcare,EXAS
2011Q3,2011,Q3,2011-11-04,2011-09-30,-7773000.0,1039000.0,-7843000.0,-0.15,1033000.0,0.9942252165543792,78489000.0,64592000.0,76298000.0,7386000.0,13897000.0,0.0,-211920000.0,347697090.0,414138090.0,1.2316610415117366,10.330083942594097,0.012740638815630216,0.015481793410948724,,1.2316610415117366,-0.12033998018330444,334.6458999037536,-11.182847356233115,5.382974516968045,0.0,0.0,0.0,0.013237523729439794,10.212699702139183,-0.09903298551389367,-41.745358386360905,0.9942252165543792,-0.15384615384615377,-0.27699262122744334,-0.5443757737219209,0.9415656133314391,-0.0028957528957528956,-0.17328301886792452,-0.18081903041252634,-0.3392244768013746,0.6010083803859733,67.15744604238486,Diagnostics & Research,Healthcare,EXAS
2011Q2,2011,Q2,2011-08-05,2011-06-30,-6625000.0,1042000.0,-6642000.0,-0.13,1036000.0,0.9942418426103646,85498000.0,70891000.0,84079000.0,7066000.0,14607000.0,0.0,-204147000.0,447286000.0,455226000.0,1.3630263410882522,11.899094254174923,0.011696180027602985,0.014106162982607102,,1.3630263410882522,-0.09345332975977204,429.257197696737,-16.878716981132072,6.3094892158384,0.0,0.0,0.0,0.01218741958876231,11.812623832437023,-0.07748719268286977,-69.2178891983906,0.9942418426103646,-0.625,-0.036065804682568016,-0.5667864540004512,0.8950300925440777,0.0019342359767891683,-0.5149782757832152,-0.5088596092685143,-0.648349447450582,0.0,15.521070838123665,Diagnostics & Research,Healthcare,EXAS
2011Q1,2011,Q1,2011-05-06,2011-03-31,-4373000.0,1040000.0,-4402000.0,-0.08,1034000.0,0.9942307692307693,91233000.0,76278000.0,90201000.0,6383000.0,14955000.0,0.0,-197522000.0,381166200.0,327753200.0,1.4688619295205083,14.13144289519035,0.01096094614887157,0.013109939956475,,1.4688619295205083,-0.057329767429665175,366.5059615384615,-21.790887262748686,4.997065995437741,0.0,0.0,0.0,0.011399383994826434,14.058123139589535,-0.04793221750901538,-66.89473499473499,0.9942307692307693,0.10092359361880766,0.4664640620314334,-0.5575954101336648,0.798639844616199,-0.24470416362308253,-0.22390148334732718,-0.15145173947161913,0.09218934665975932,9.65944729518998,8.86692825459891,Diagnostics & Research,Healthcare,EXAS
2010Q4,2010,Q4,2011-03-11,2010-12-31,-3573000.0,1375000.0,-3823000.0,-0.08898020171834142,1369000.0,0.9956363636363637,96515000.0,79754000.0,95661000.0,7158000.0,16761000.0,0.0,-193149000.0,240126900.00000003,179037900.00000003,1.9861536545884697,13.364207879295893,0.010361083769362275,0.012538556059884144,,1.9861536545884697,-0.044800260801966044,174.63774545454547,-16.80149034424853,3.010844597136194,0.0,0.0,0.0,0.014246490182873129,13.32984073763621,-0.03702015230793141,-55.188899103654336,0.9956363636363637,-0.11225252147926776,0.13195603585272198,-0.24028303824788652,1.1208710341897345,0.014074074074074074,-0.056475458308693084,-0.125736160188457,0.40184670071549383,0.7227644646083947,7.5337012223308975,Diagnostics & Research,Healthcare,EXAS
2010Q3,2010,Q3,2010-10-29,2010-09-30,-3382000.0,1356000.0,-3396000.0,-0.08,1350000.0,0.995575221238938,35973000.0,17801000.0,35180000.0,7538000.0,18172000.0,0.0,-189576000.0,290722200.0,284933200.0,0.44330718465944463,4.667020429822234,0.027798626747838655,0.05617661929105106,,0.44330718465944463,-0.1899893264423347,214.39690265486726,-21.49040508574808,16.331790348856806,0.0,0.0,0.0,0.037694937870069216,4.622048288670735,-0.09401495566119034,-74.56327263400873,0.995575221238938,-0.3333333333333334,0.32674869374939214,-0.25705056087576955,-0.5725136006498879,0.03211009174311927,-0.3653613241824788,-0.3671497584541063,0.4575757081951064,7.073813970862907,0.2288970047141613,Diagnostics & Research,Healthcare,EXAS
2010Q2,2010,Q2,2010-08-09,2010-06-30,-2477000.0,1314000.0,-2484000.0,-0.06,1308000.0,0.9954337899543378,39094000.0,20535000.0,38357000.0,7584000.0,18559000.0,0.0,-186194000.0,171894800.0,161754800.0,0.5256354467965291,5.057621308016878,0.025579372793779098,0.048697345994643294,,0.5256354467965291,-0.12062332602873144,130.8179604261796,-17.349091643116672,8.37082055028001,0.0,0.0,0.0,0.033611295851025735,4.921413502109704,-0.06336010641019083,-61.21609686609687,0.9954337899543378,0.0,0.5787355933903425,0.41723904289050945,-0.5483616092610734,0.01160092807424594,-0.166195856873823,-0.1700423928403203,0.06613878300397859,-0.1891515335101557,0.12564378663883852,Diagnostics & Research,Healthcare,EXAS
2010Q1,2010,Q1,2010-05-10,2010-03-31,-2124000.0,1299000.0,-2123000.0,-0.06,1293000.0,0.9953810623556582,24087000.0,4737000.0,23498000.0,7410000.0,19350000.0,0.0,-183717000.0,158451150.0,145501150.0,0.13303563905973545,3.171120107962213,0.04151617054842861,0.21110407430863415,,0.13303563905973545,-0.4483850538315389,121.97933025404157,-18.650088276836158,33.44968334388854,0.0,0.0,0.0,0.053929505542408766,3.0218623481781375,-0.08818034624486237,-52.019418910045964,0.9953810623556582,-0.13048543689320385,0.6590970144543216,-0.2334185075607864,-0.8967253406919996,0.04527081649151172,-0.14563106796116504,-0.1444743935309973,0.16767945909512172,-0.1646651155455604,-0.7373793552125626,Diagnostics & Research,Healthcare,EXAS
2009Q4,2009,Q4,2010-03-12,2009-12-31,-1854000.0,1244000.0,-1855000.0,-0.05307454482995534,1237000.0,0.9943729903536977,25770000.0,6094000.0,25312000.0,6526000.0,19676000.0,0.0,-181593000.0,118419480.0,99899480.0,0.17445322340547348,3.8786392889978547,0.038804811796662786,0.16409583196586808,,0.17445322340547348,-0.3042336724647194,95.1925080385852,-15.968106796116505,19.432143091565475,0.0,0.0,0.0,0.04827318587504851,3.727857799570947,-0.0719441210710128,-32.757809128630704,0.9943729903536977,-0.7691514943318448,0.6951071532383796,-0.2699390861348547,-0.8799500209732706,-0.011191047162270184,-0.7809798270893372,-0.7239776951672863,0.4181733141670351,-0.19836680271791976,-0.6902108222960164,Diagnostics & Research,Healthcare,EXAS
2009Q3,2009,Q3,2009-11-12,2009-09-30,-1041000.0,1256000.0,-1076000.0,-0.03,1251000.0,0.9960191082802548,27969000.0,7249000.0,27349000.0,7347000.0,20720000.0,0.0,-179739000.0,97110960.0,74331960.0,0.20751746249856864,3.722471757179801,0.0,0.0,,0.20751746249856864,-0.14360601462270658,77.31764331210191,-23.321556195965414,13.396462960408332,0.0,0.0,0.0,0.044906861167721406,3.667347216550973,-0.037219779041081195,-59.76059076923077,0.9960191082802548,0.625,0.8230905850785819,-0.25471315608265044,-0.8721607524384833,0.0008,0.5651629072681704,0.5595579205894392,0.7432475918460216,-0.17311526215682857,-0.6728736594132356,Diagnostics & Research,Healthcare,EXAS
2009Q2,2009,Q2,2009-08-13,2009-06-30,-2394000.0,1258000.0,-2443000.0,-0.08,1250000.0,0.9936406995230525,28942000.0,6968000.0,28224000.0,7355000.0,21974000.0,0.0,-178698000.0,82899950.0,70611950.0,0.22274078573026884,3.8373895309313393,0.0,0.0,,0.22274078573026884,-0.34357060849598164,65.89821144674086,-8.657054093567252,11.897237370838116,0.0,0.0,0.0,0.04346624283048856,3.7794697484704285,-0.08271715845484072,-97.18634232121923,0.9936406995230525,0.38461538461538464,0.5335579407066446,-0.14172733756818925,-0.8750795107381916,0.25,0.3764001041938005,0.3692228246837077,0.37755058569426103,-0.13045230297411997,-0.6903211045365688,Diagnostics & Research,Healthcare,EXAS
2009Q1,2009,Q1,2009-05-15,2009-03-31,-3839000.0,1000000.0,-3873000.0,-0.13,1000000.0,1.0,21976000.0,-1144000.0,21303000.0,7254000.0,23120000.0,0.0,-176304000.0,37787500.0,34192500.0,-0.037843202117102216,2.936724565756824,0.0,0.0,,-0.037843202117102216,3.355769230769231,37.7875,-2.46076452201094,-33.03103146853147,0.0,0.0,0.0,0.04550418638514744,2.8416046319272126,-0.174690571532581,-5.391282636610073,1.0,-0.6786581318160265,0.4491847327110311,-0.3550156812497559,-1.0171782507592646,10.174311926605505,-0.8202939781887151,-0.8294756731223429,0.19539544253127328,-0.2692539774625693,-1.0463394753500783,Diagnostics & Research,Healthcare,EXAS
2008Q4,2008,Q4,2009-03-31,2008-12-31,-2109000.0,-1896000.0,-2117000.0,-0.07744280835750744,-109000.0,-0.05748945147679325,5898000.0,-2433000.0,5127000.0,5031000.0,8331000.0,0.0,-172465000.0,15522809.999999998,10585809.999999998,-0.08934013880218852,1.0190816935002982,0.0,0.0,,-0.08934013880218852,0.8668310727496917,-8.187136075949367,-1.8400675675675673,-6.380110974106041,0.0,0.0,0.0,-0.3214649033570702,0.9813158417809581,-0.3575788402848423,-11.032558635394455,0.05748945147679325,0.29597446947720507,0.7420290691309365,-2.1330006866260764,-1.138993032431537,0.8355957767722474,0.30026542800265427,0.3059016393442623,0.2445087664091918,-2.544655381338817,-1.0953999264549912,Diagnostics & Research,Healthcare,EXAS
2008Q3,2008,Q3,2008-11-07,2008-09-30,-3014000.0,337000.0,-3050000.0,-0.11,-663000.0,-1.967359050445104,7287000.0,-507000.0,6324000.0,6106000.0,7794000.0,0.0,-170356000.0,23692710.0,17623710.0,-0.01861711893658429,1.0357025876187356,0.0,0.0,,-0.01861711893658429,5.944773175542406,70.30477744807122,-1.9652214664897145,-46.731183431952665,0.0,0.0,0.0,0.04624674077123645,0.993940386505077,-0.4136132839302868,-13.325483689538808,-1.967359050445104,-0.375,0.6931692472859327,-0.7435553926748649,-1.0198783224251882,-3.541095890410959,-0.43523809523809526,-0.40942698706099817,0.11531025399908895,-0.7277464102974993,-1.0179527095789955,Diagnostics & Research,Healthcare,EXAS
2008Q2,2008,Q2,2008-08-08,2008-06-30,-2100000.0,0.0,-2164000.0,-0.08,-146000.0,0.0,9535000.0,2242000.0,8150000.0,5268000.0,7293000.0,0.0,-167342000.0,48915000.0,43411000.0,0.08250229990800367,1.54707668944571,0.0,0.0,,0.08250229990800367,-0.936663693131133,0.0,-5.823214285714286,21.81757359500446,0.0,0.0,0.0,0.0,1.4707668944570995,-0.22024121657052964,-28.505244755244757,0.0,0.11111111111111106,0.8157175082859699,-1.0,-0.9342408961942353,-3.92,0.16600476568705322,0.1809235427706283,0.486561342405833,-1.0,-0.9291120753179823,Diagnostics & Research,Healthcare,EXAS
2008Q1,2008,Q1,2008-05-09,2008-03-31,-2518000.0,51000.0,-2642000.0,-0.09,50000.0,0.9803921568627451,11634000.0,4041000.0,9940000.0,5230000.0,7593000.0,0.0,-165242000.0,78991950.0,74992950.0,0.14886719469515564,1.9005736137667304,0.0,0.0,,0.14886719469515564,-0.6231130908191042,1548.8617647058823,-7.842727362986498,19.547624350408316,0.0,0.0,0.0,0.004383702939659618,1.8139579349904398,-0.21643458827574352,-25.423865465078855,0.9803921568627451,0.39499129136601147,0.7786818815712115,-0.9133910480751519,-0.9096633478148517,1.0833333333333333,0.37347598905200297,0.370952380952381,0.4698758896696183,-0.9605211136309018,-0.8844354120223629,Diagnostics & Research,Healthcare,EXAS
2007Q4,2007,Q4,2008-03-17,2007-12-31,-4019000.0,537000.0,-4200000.0,-0.14875818928822593,-600000.0,-1.1173184357541899,14595000.0,6288000.0,12862000.0,4406000.0,8307000.0,0.0,-162724000.0,86994740.0,82508740.0,0.23274234741088945,2.919201089423513,0.0,0.0,,0.23274234741088945,-0.6391539440203562,162.00137802607077,-5.411466782781787,13.835041348600509,0.0,0.0,0.0,0.0367934224049332,2.856786200635497,-0.2753682768071257,-35.42131107491857,-1.1173184357541899,0.07026131694858796,0.606263165027661,-0.09693476156901022,-0.8874147114299502,-9.955223880597014,0.04195470798569726,0.046538024971623154,0.14544141722732984,-0.5925265355799942,-0.8398383625141292,Diagnostics & Research,Healthcare,EXAS
2007Q3,2007,Q3,2007-11-06,2007-09-30,-4195000.0,113000.0,-4405000.0,-0.16,67000.0,0.5929203539823009,16876000.0,9746000.0,15056000.0,3842000.0,7130000.0,0.0,-158705000.0,91587630.0,84423630.0,0.3607358329940408,3.9187922956793337,0.0,0.0,,0.3607358329940408,-0.43043299815308844,810.51,-5.4581424314660305,9.397458444490049,0.0,0.0,0.0,0.0066958995022517185,3.8456533055700155,-0.24857786205261911,-39.99459825327511,0.5929203539823009,-1.2857142857142856,0.6114727188791694,-0.8105171250936736,-0.8507355740042616,-0.9398563734290843,-1.2986301369863014,-1.1352399418322832,0.07823861476137058,-0.9133040943439817,-0.7777719672205746,Diagnostics & Research,Healthcare,EXAS
2007Q2,2007,Q2,2007-08-08,2007-06-30,-1825000.0,1115000.0,-2063000.0,-0.07,1114000.0,0.9991031390134529,19392000.0,12552000.0,17299000.0,3464000.0,6840000.0,0.0,-154510000.0,77683200.0,73848200.0,0.4669642857142857,4.993937644341801,0.0,0.0,,0.4669642857142857,-0.1453951561504143,69.67103139013453,-10.641534246575343,6.188910133843212,0.0,0.0,0.0,0.05749793729372937,4.891166281755196,-0.09411097359735973,-47.83448275862069,0.9991031390134529,0.0,0.8415635717546502,18.077580795534313,-0.8331665728247973,-0.046232876712328765,0.049479166666666664,0.05323542909591556,0.5861761116721753,-0.114683341370509,-0.7381107961527119,Diagnostics & Research,Healthcare,EXAS
2007Q1,2007,Q1,2007-05-08,2007-03-31,-1920000.0,1170000.0,-2179000.0,-0.07,1168000.0,0.9982905982905983,21298000.0,13571000.0,19099000.0,6273000.0,7727000.0,0.0,-152685000.0,71797200.0,67946200.0,0.5065696155281821,3.044635740475052,0.0,0.0,,0.5065696155281821,-0.14147815194164026,61.36512820512821,-9.348593750000001,5.290487068012674,0.0,0.0,0.0,0.054934735655930135,2.9585525267017374,-0.09014930979434689,-28.38956109134045,0.9982905982905983,0.23262897234832838,0.8283838649969364,19.203766580355342,-0.8237200232908748,0.012131715771230503,0.20759389186958316,0.2000734214390602,0.689147389035407,-0.1484690232060747,-0.7700517029283122,Diagnostics & Research,Healthcare,EXAS
