Quarters,Year,Quarter,FillingDate,Date,NetIncome,Revenue,OperatingIncome,EPSDiluted,GrossProfit,GrossProfitRatio,TotalAssets,CommonStockEquity,CurrentAssets,CurrentLiability,TotalLiability,Inventory,RetainedEarnings,MarketCap,EnterpriseValue,bookValuePerShare,currentRatio,debtToAssets,debtToEquity,roic,shareholdersEquityPerShare,roe,priceToSalesRatio,peRatio,pbRatio,payoutRatio,inventoryTurnover,dividendYield,assetTurnover,quickRatio,returnOnAssets,priceToFreeCashFlowsRatio,grossProfitMargin,epsdilutedGrowth,fiveYNetIncomeGrowthPerShare,fiveYRevenueGrowthPerShare,fiveYShareholdersEquityGrowthPerShare,grossProfitGrowth,netIncomeGrowth,operatingIncomeGrowth,threeYNetIncomeGrowthPerShare,threeYRevenueGrowthPerShare,threeYShareholdersEquityGrowthPerShare,Industry,Sector,Symbol
2023Q1,2023,Q1,2023-05-05,2023-03-31,-48900000.0,996300000.0,-47500000.0,-1.4,37200000.0,0.0373381512,3741500000.0,376200000.0,1376300000.0,717800000.0,3365300000.0,502600000.0,210400000.0,729750000.0,2869750000.0,10.748571428571429,1.917386458623572,0.6388881464653214,6.354066985645933,-0.012539051770750018,10.748571428571429,-0.12998405103668262,0.7324601023788015,-3.730828220858896,1.939792663476874,-0.24130879345603273,1.9082769598089933,0.01616992120589243,0.2662835761058399,1.1696851490665923,-0.013069624482159562,30.921610169491526,0.03733815115928937,0.8655139289145053,-1.5040399002493767,0.10147289586305269,-0.38270742358078597,12.625,0.8657699698051057,0.8871733966745843,-0.481818181818182,0.28404217926186287,-0.3137313432835821,Specialty Chemicals,Basic Materials,TSE
2022Q4,2022,Q4,2023-02-27,2022-12-31,-364300000.0,975200000.0,-421000000.0,-10.41,-3200000.0,-0.0032813782,3760200000.0,420300000.0,1390700000.0,689400000.0,3339900000.0,553600000.0,264500000.0,794850000.0,2978050000.0,12.008571428571429,2.0172613867130837,0.6369076112972715,5.698072805139186,-0.11924607703566074,12.008571428571429,-0.86676183678325,0.815063576702215,-0.5454639033763382,1.8911491791577444,-0.030743892396376614,1.7673410404624277,0.014090708938793483,0.259347907026222,1.1570931244560487,-0.0968831445135897,-39.54477611940298,-0.003281378178835111,-2.1074626865671644,-4.866758802269548,0.1050778815431951,-0.2223257684816665,0.9189873417721519,-2.0899067005937235,-3.248234106962664,-72.58175438596493,0.22887488748874882,-0.29625355060547165,Specialty Chemicals,Basic Materials,TSE
2022Q3,2022,Q3,2022-11-04,2022-09-30,-117900000.0,1178100000.0,-99100000.0,-3.35,-39500000.0,-0.0335285629,4131900000.0,698100000.0,1571000000.0,717600000.0,3433800000.0,614000000.0,641000000.0,644864000.0,2793764000.0,19.832386363636363,2.189241917502787,0.578837822793388,3.4260134651196106,-0.02854024226702135,19.832386363636363,-0.16888697894284485,0.5473762838468721,-1.3673960983884648,0.9237415843002436,-0.09923664122137404,1.9830618892508143,0.018143360460500198,0.28512306686996297,1.2771739130434783,-0.028534088433892397,10.948455008488965,-0.03352856294032765,-4.316831683168317,-5.411286915139655,0.335139979271956,0.5219365265669419,-1.2839683680805176,-4.152406417112299,-3.1924778761061945,-6.969431818181818,0.4554786628348335,0.11227789256198349,Specialty Chemicals,Basic Materials,TSE
2022Q2,2022,Q2,2022-08-09,2022-06-30,37400000.0,1425500000.0,45200000.0,1.01,139100000.0,0.0975797966,4538100000.0,924600000.0,1909800000.0,859300000.0,3613500000.0,759700000.0,772000000.0,1396098000.0,3536398000.0,25.47107438016529,2.222506691493076,0.5298913642273197,2.600800346095609,0.007273637043203995,25.47107438016529,0.04044992429158555,0.9793742546474921,9.332205882352941,1.5099480856586631,0.32620320855614976,1.6932999868369094,0.008738641556681552,0.314118243317688,1.2962876760153614,0.008241334479187325,-12.182356020942409,0.09757979656260961,1.2444444444444445,-0.24811975537552758,0.5054417010305742,0.9958682774968928,-0.2096590909090909,1.1871345029239766,-0.30030959752321984,0.5012987012987012,0.6833524648382622,0.3947387393782632,Specialty Chemicals,Basic Materials,TSE
2022Q1,2022,Q1,2022-05-05,2022-03-31,17100000.0,1386700000.0,64600000.0,0.45,176000000.0,0.126920026,4700100000.0,972800000.0,1986400000.0,940500000.0,3727300000.0,682000000.0,746400000.0,1787416000.0,3744616000.0,26.080428954423592,2.112068048910154,0.5118827258994489,2.473170230263158,0.008037084115674468,26.080428954423592,0.017578125,1.288970938198601,26.13181286549708,1.8373930921052632,0.7251461988304093,1.7752199413489735,0.006937388945830182,0.2950362758239186,1.342902711323764,0.003638220463394396,-61.8483044982699,0.1269200259609144,11.711864406779661,-0.8278026741629646,0.4829510530462822,1.1514309009877643,0.4473684210526316,11.214285714285714,0.3657505285412262,-0.47112345919391324,0.5155540171739488,0.4302505853375307,Specialty Chemicals,Basic Materials,TSE
2021Q4,2021,Q4,2022-02-23,2021-12-31,1400000.0,1298500000.0,47300000.0,0.0354,121600000.0,0.0936465152,4712200000.0,1013100000.0,1978500000.0,914400000.0,3699100000.0,621000000.0,1200900000.0,2030202000.0,3832002000.0,26.17829457364341,2.163713910761155,0.5039684223929375,2.3440923896949957,0.0008185804662620492,26.17829457364341,0.0013818971473694602,1.5634978821717367,362.53607142857146,2.003950251702695,8.857142857142858,1.8951690821256038,0.006107766616326848,0.2755613089427444,1.7071303587051618,0.0002971011417172446,12.570910216718266,0.09364651520985753,-0.985,-0.9794508029353626,0.6309243071483418,1.6231056672163269,-0.27748068924539515,-0.9849624060150376,-0.5612244897959183,2.9082687338501287,0.32951680799699146,0.4371328619848469,Specialty Chemicals,Basic Materials,TSE
2021Q3,2021,Q3,2021-11-08,2021-09-30,93100000.0,1269300000.0,107800000.0,2.36,168300000.0,0.13259276766721814,4764100000.0,922000000.0,2007000000.0,1005100000.0,3842100000.0,617300000.0,1036400000.0,2094423999.9999998,4424724000.0,23.762886597938145,1.9968162371903293,0.5326924287903276,2.7524945770065075,0.028474408289053108,23.762886597938145,0.1009761388286334,1.650062239029386,5.624124597207304,2.2716095444685465,0.03329752953813104,1.7835736270856957,0.0014801205486568143,0.26643017568900734,0.9652770868570292,0.0195419911420835,12.071608069164263,0.13259276766721814,-0.38219895287958117,0.6363689631460236,0.6040279955523113,1.5739007073411937,-0.235,-0.3858839050131926,-0.2860927152317881,0.36838073945265587,0.16163448078514478,0.22524687614641117,Specialty Chemicals,Basic Materials,TSE
2021Q2,2021,Q2,2021-08-05,2021-06-30,151600000.0,1273700000.0,151000000.0,3.82,220000000.0,0.1727251315066342,4504700000.0,829800000.0,2112100000.0,814000000.0,3674900000.0,562900000.0,955800000.0,2321792000.0,4367692000.0,21.38659793814433,2.594717444717445,0.5356405531999912,2.907809110629067,0.038627369881368605,21.38659793814433,0.1826946252108942,1.8228719478684148,3.828812664907652,2.7980139792721137,0.020448548812664908,1.8719133060934448,0.0013351755885109432,0.28274912868781493,1.3955773955773956,0.033653739427708836,-60.46333333333333,0.1727251315066342,1.1104972375690607,0.9148639813158049,0.5894790617229254,1.1668437147679342,0.0891089108910891,1.1202797202797203,-0.0696241528034504,0.713133580140743,0.144151281114996,0.14961632718136778,Specialty Chemicals,Basic Materials,TSE
2021Q1,2021,Q1,2021-05-07,2021-03-31,71500000.0,1092600000.0,162300000.0,1.81,202000000.0,0.18488010250777961,3480100000.0,676300000.0,2205000000.0,677600000.0,2803800000.0,463000000.0,807300000.0,2451295000.0,3530795000.0,17.566233766233765,3.2541322314049586,0.4878882790724404,2.510572231258317,0.05108141464852869,17.566233766233765,0.10572231258317315,2.243542925132711,8.570961538461539,3.624567499630342,0.046153846153846156,1.9235421166306697,0.0013462271982768292,0.3139564955030028,1.8834120425029517,0.02054538662682107,63.83580729166667,0.18488010250777961,0.05847953216374274,0.17736570438304716,0.5443638260085037,1.0345576215616492,0.3457694870086609,0.08497723823975721,0.4687782805429864,-0.3300083125519534,0.09812605368953443,0.008832268697294485,Specialty Chemicals,Basic Materials,TSE
2020Q4,2020,Q4,2021-02-22,2020-12-31,65900000.0,859700000.0,110500000.0,1.71,150100000.0,0.17459578922880076,2374000000.0,590300000.0,1517000000.0,533000000.0,2255000000.0,384000000.0,739000000.0,1961343000.0,1413443000.0,15.412532637075717,2.8461538461538463,0.016891322662173545,0.06793156022361511,0.15516643292373866,15.412532637075717,0.11163815009317296,2.2814272420611843,7.440603186646434,3.3226207013383027,0.2321699544764795,1.8479166666666667,0.0078007773245169255,0.3621314237573715,2.5459662288930582,0.02775905644481887,18.45101599247413,0.17459578922880076,-0.3781818181818182,0.9458575036762491,0.22060147144277625,0.9325590260794709,0.4530493707647628,-0.3771266540642722,0.6273932253313697,-0.3607914188995303,-0.10974301270211503,-0.0018854827501350627,Specialty Chemicals,Basic Materials,TSE
2020Q3,2020,Q3,2020-11-06,2020-09-30,105800000.0,752100000.0,67900000.0,2.75,103300000.0,0.13734875681425343,2646800000.0,547600000.0,1363200000.0,457800000.0,2099200000.0,311600000.0,675600000.0,982012000.0,1666112000.0,14.297650130548304,2.977719528178244,0.448617198126039,2.168371073776479,0.07038776162877285,14.297650130548304,0.19320672023374727,1.305693391836192,2.3204442344045373,1.7933016800584367,0.1446124763705104,2.0821566110397947,0.01558025767505896,0.28415445065739764,2.2518567059851464,0.03997279734018437,25.051326530612243,0.13734875681425343,1.818452380952381,1.5885015673069227,-0.0681887098100221,1.0200108850311371,15.549295774647888,1.82398753894081,2.331372549019608,2.6381538272879164,-0.2166350739984832,0.09720109213151934,Specialty Chemicals,Basic Materials,TSE
2020Q2,2020,Q2,2020-07-30,2020-06-30,-128400000.0,569700000.0,-51000000.0,-3.36,-7100000.0,-0.012462699666491136,2589200000.0,458800000.0,1339500000.0,435600000.0,2130400000.0,313300000.0,585400000.0,846512000.0,1552912000.0,12.010471204188482,3.075068870523416,0.4975281940367681,2.8077593722755014,-0.05631676780074783,12.010471204188482,-0.2798605056669573,1.4858908197296823,-1.6481931464174455,1.8450566695727986,-0.1191588785046729,1.841046919885094,0.018074167879486645,0.2200293526958134,2.327823691460055,-0.04959060713733972,14.670918544194107,-0.012462699666491136,-2.5744680851063833,-217.84106207928195,-0.2929222421223077,1.0349368986930012,-1.1018651362984218,-2.5371900826446283,-0.4049586776859504,-3.4529311460754655,-0.42827629185131355,-0.05888074776710149,Specialty Chemicals,Basic Materials,TSE
2020Q1,2020,Q1,2020-05-08,2020-03-31,-36300000.0,853500000.0,-36300000.0,-0.94,69700000.0,0.08166373755125952,2657400000.0,603000000.0,1438200000.0,481500000.0,2054400000.0,405500000.0,729200000.0,697235000.0,1445635000.0,15.662337662337663,2.986915887850467,0.44724166478512833,1.970978441127695,-0.014616107145519275,15.662337662337663,-0.06019900497512438,0.816912712360867,-4.801893939393939,1.1562769485903814,-0.4380165289256198,1.9329223181257706,0.02280436294793004,0.32117859561977874,2.1102803738317757,-0.013659968390155791,-23.163953488372094,0.08166373755125952,-7.714285714285714,-2.219582613440029,0.06178047571496225,2.0688134081355676,0.16166666666666665,-7.368421052631579,-2.2410714285714284,-1.3541481844157173,-0.11570752582169622,0.29202005409279674,Specialty Chemicals,Basic Materials,TSE
2019Q4,2019,Q4,2020-02-28,2019-12-31,5700000.0,888800000.0,-11200000.0,0.14,60000000.0,0.0675067506750675,2758800000.0,668900000.0,1491100000.0,527600000.0,2089900000.0,438200000.0,781000000.0,1458632000.0,2190232000.0,17.06377551020408,2.826194086429113,0.4305495142815717,1.7757512333682164,0.001891331397760265,17.06377551020408,0.008521453132007775,1.6411251125112511,63.97508771929825,2.1806428464643446,2.754385964912281,1.8913738019169328,0.010763509918882898,0.32216905901116427,1.9465504169825625,0.002066115702479339,167.65885057471263,0.0675067506750675,-0.75,1.2388774925876302,-0.014803887344348201,1.5936151703447026,-0.29577464788732394,-0.7466666666666667,-1.2586605080831408,-0.9174025623088855,0.10209947479207487,0.7098167384054282,Specialty Chemicals,Basic Materials,TSE
2019Q3,2019,Q3,2019-11-05,2019-09-30,22500000.0,922100000.0,43300000.0,0.56,85200000.0,0.09239778765860536,2725400000.0,715000000.0,1554800000.0,538900000.0,2010400000.0,446700000.0,791000000.0,1722295000.0,2427295000.0,17.830423940149625,2.8851363889404342,0.43600939311660675,1.661958041958042,0.015546147284127563,17.830423940149625,0.03146853146853147,1.8677963344539639,19.13661111111111,2.408804195804196,0.72,1.8735169017237518,0.009406054131260904,0.33833565715124386,2.006865837817777,0.008255668892639612,99.55462427745665,0.09239778765860536,-0.1764705882352941,3.706697647572464,-0.14096302461618856,1.0849921849303767,-0.01160092807424594,-0.19642857142857142,-0.21415607985480944,-0.6173502589320258,0.12749088301685135,0.9313201114096372,Specialty Chemicals,Basic Materials,TSE
2019Q2,2019,Q2,2019-08-09,2019-06-30,28000000.0,951800000.0,55100000.0,0.68,86200000.0,0.0905652447993276,2804200000.0,745100000.0,1638500000.0,579100000.0,2059100000.0,458500000.0,784100000.0,1652400000.0,2302200000.0,18.262254901960784,2.829390433431186,0.42247343270808074,1.589987921084418,0.017644234007739994,18.262254901960784,0.037578848476714534,1.736079008194999,14.753571428571428,2.217688900818682,0.5857142857142857,1.887895310796074,0.009924957637375938,0.3394194422651737,1.993956138836125,0.00998502246630055,28.391752577319586,0.0905652447993276,-0.20930232558139528,1.598469638185836,-0.32304256241456347,0.39444331388397386,-0.11498973305954825,-0.21787709497206703,-0.09375,-0.6636678971200187,0.12954860997791218,0.8502920551578458,Specialty Chemicals,Basic Materials,TSE
2019Q1,2019,Q1,2019-05-03,2019-03-31,35800000.0,1013100000.0,60800000.0,0.86,97400000.0,0.09614055868127529,2806500000.0,753100000.0,1640100000.0,582800000.0,2053400000.0,447900000.0,772400000.0,1974966000.0,2641266000.0,18.234866828087167,2.8141729581331503,0.42141457331195437,1.570442172354269,0.023305564751789482,18.234866828087167,0.047536847696189086,1.9494284868226237,13.791662011173184,2.622448546009826,0.4860335195530726,2.044429560169681,0.008810278252891442,0.36098343132014965,2.0020590253946464,0.012756101906288972,15.405351014040562,0.09614055868127529,44.0,1.3981381449037615,-0.14685617845263566,1.3824316998152104,0.642495784148398,45.75,2.4350282485875705,-0.45046033615497927,0.3349082513039466,1.1120000893168538,Specialty Chemicals,Basic Materials,TSE
2018Q4,2018,Q4,2019-02-28,2018-12-31,-800000.0,1065000000.0,17700000.0,-0.02,59300000.0,0.05568075117370892,2726800000.0,768700000.0,1631300000.0,537000000.0,1958100000.0,510400000.0,753200000.0,1931916000.0,2647416000.0,18.21563981042654,3.03780260707635,0.4282675663781722,1.519188239885521,-0.001124947863909909,18.21563981042654,-0.0010407180954858852,1.814005633802817,-603.72375,2.513224925198387,-21.25,1.9704153605015673,0.008799554431973233,0.3905676984010562,2.0491620111731845,-0.00029338418659234265,19.814523076923077,0.05568075117370892,-1.0116279069767442,-1.0846340702252573,-0.04190028503939581,1.50885894157617,-0.5493920972644377,-1.0107095046854082,-0.8331762488218661,-1.0214388718770506,0.3723437008340042,1.2840372805939781,Specialty Chemicals,Basic Materials,TSE
2018Q3,2018,Q3,2018-11-09,2018-09-30,74700000.0,1199700000.0,106100000.0,1.72,131600000.0,0.10969409018921397,2910000000.0,826200000.0,1799100000.0,628200000.0,2083800000.0,585600000.0,770900000.0,3335154000.0000005,4082454000.0000005,19.3943661971831,2.8638968481375358,0.4016151202749141,1.414548535463568,0.0423106077045988,19.3943661971831,0.09041394335511982,2.779989997499375,11.161827309236948,4.036739288307916,0.23025435073627845,1.823941256830601,0.005157183146565346,0.4122680412371134,1.8696275071633237,0.025670103092783506,135.02647773279355,0.10969409018921397,-0.23214285714285723,15.792581926119114,0.016994584488056165,1.909334464300776,-0.19114935464044253,-0.24008138351983724,-0.20938897168405365,0.643132331594021,0.33633152323438353,1.7400887886384029,Specialty Chemicals,Basic Materials,TSE
2018Q2,2018,Q2,2018-08-03,2018-06-30,98300000.0,1236600000.0,134200000.0,2.24,162700000.0,0.13157043506388486,2874800000.0,801800000.0,1775300000.0,617800000.0,2073000000.0,531700000.0,713400000.0,3057945000.0,3776145000.0,18.603248259860788,2.8735836840401423,0.4068456936134688,1.4587178847592916,0.0563742221432876,18.603248259860788,0.12259915190820654,2.4728651140223192,7.7770727365208545,3.8138500873035674,0.15869786368260427,2.019747978183186,0.0051014651996684045,0.43015166272436345,1.9661702816445452,0.03419368303882009,27.13349600709849,0.13157043506388486,-0.17343173431734307,4.841566009627977,-0.004059618131168725,2.2812219777504588,-0.07134703196347032,-0.1828761429758936,-0.1413947536788228,146.13504032703568,0.36030499122782383,2.151952631661544,Specialty Chemicals,Basic Materials,TSE
2018Q1,2018,Q1,2018-05-03,2018-03-31,120300000.0,1121600000.0,156300000.0,2.71,175200000.0,0.15620542082738945,2886400000.0,755700000.0,1734600000.0,633400000.0,2130700000.0,588300000.0,632400000.0,3213770000.0,3985870000.0,17.412442396313363,2.7385538364382698,0.40569567627494457,1.5495567023951304,0.06721154699917256,17.412442396313363,0.1591901548233426,2.8653441512125535,6.678657522859518,4.252706100304354,0.13466334164588528,1.6087030426653068,0.0050408087697626155,0.3885809312638581,1.7802336596147774,0.04167821507760532,315.0754901960784,0.15620542082738945,0.03041825095057037,14.538542235323021,-0.12215031751828781,0.0,-0.04713215058792816,0.022680903155603917,-0.0050226304833565685,2.5854298239695868,0.2377707350360866,2.4117216628963423,Specialty Chemicals,Basic Materials,TSE
2017Q4,2017,Q4,2018-03-01,2017-12-31,117632000.0,1101829000.0,157089000.0,2.63,183866000.0,0.16687344406436933,2772000000.0,674800000.0,1646200000.0,626600000.0,2097200000.0,510400000.0,527900000.0,3172619999.9999995,3911819999.9999995,15.441647597254004,2.6271943823811044,0.4227994227994228,1.7368109069353883,0.0694692162120063,15.441647597254004,0.17432128037937167,2.8794123226017825,6.742680563112078,4.701570835803201,0.13405365886833515,1.7985168495297805,0.004970339971380122,0.39748520923520925,1.7847111394829238,0.04243578643578644,20.088773507250046,0.16687344406436933,2.554054054054054,251.96762963111405,-0.09717425280509183,1.5025971429166587,0.2497264231096007,2.541532440162577,0.2547044728434505,5.422119629677106,0.09556329224814356,1.347059209692792,Specialty Chemicals,Basic Materials,TSE
2017Q3,2017,Q3,2017-11-03,2017-09-30,33215000.0,1096582000.0,125200000.0,0.74,147125000.0,0.1341668931279193,2656552000.0,570042000.0,1545546000.0,595703000.0,2086510000.0,483158000.0,423456000.0,2935289499.9999995,3789510499.9999995,13.031020688078637,2.5944908788439878,0.441521189873189,2.057609790155813,0.05747045400328494,13.031020688078637,0.058267636419772575,2.67676243089892,22.093101761252445,5.149251283238779,0.4744242059310552,1.9651066524822107,0.0053684653592090325,0.41278393948245695,1.7421382803175407,0.01250304906510394,23.735238703625832,0.1341668931279193,-0.44776119402985076,30.928553739474985,-0.10641547604579225,0.0,0.17505411039318888,-0.4478797852357918,0.25513784461152883,4.662751340014668,-0.06353640242343996,0.5237762370378067,Specialty Chemicals,Basic Materials,TSE
2017Q2,2017,Q2,2017-08-03,2017-06-30,60159000.0,1145199000.0,99750000.0,1.34,125207000.0,0.10933208988132194,2601254000.0,560273000.0,1611494000.0,560421000.0,2040981000.0,473936000.0,406270000.0,3016067400.0,3813983400.0,12.761901507903968,2.875506092740993,0.46048713428215776,2.1379648849757174,0.043227896215657376,12.761901507903968,0.10737444067445692,2.6336622717973035,12.533733107265746,5.38321032782233,0.21976761581808207,2.1521724452246715,0.004383522728968191,0.4402488184544839,2.004193276126341,0.02312692263039288,125.36129514942434,0.10933208988132194,-0.48262548262548255,0.0,0.0,0.0,-0.36700842256397814,-0.48710931505447846,-0.363274841855982,2.1949797816856425,-0.24304078306723134,-0.02554485600615531,Specialty Chemicals,Basic Materials,TSE
2017Q1,2017,Q1,2017-05-03,2017-03-31,117294000.0,1104490000.0,156661000.0,2.59,197802000.0,0.17908899129915165,2553602000.0,534075000.0,1605646000.0,582970000.0,2019527000.0,481112000.0,362153000.0,2956224699.9999995,3717837699.9999995,12.122364210000681,2.7542515052232535,0.45886163936275115,2.1939802462201,0.07348285495054784,12.122364210000681,0.21962083976969526,2.676551802189245,6.300886447729637,5.535223891775499,0.11298105614950467,1.884567418813083,0.004482744495031113,0.43252237427758905,1.9021922225843526,0.04593276477696994,-47.86865780397363,0.17908899129915165,0.505813953488372,14.003398802256124,-0.1484331392123866,0.0,0.43511572226656026,0.4940578547135924,0.40703783871170546,6.365497694500456,-0.1280996474447434,0.5838176962239198,Specialty Chemicals,Basic Materials,TSE
2016Q4,2016,Q4,2017-03-01,2016-12-31,78507000.0,917452000.0,111341000.0,1.72,137830000.0,0.15023129275428032,2409490000.0,445053000.0,1432886000.0,542170000.0,1964437000.0,385345000.0,258540000.0,2644483500.0,3344738500.0,9.979885637403296,2.642872161868049,0.48365795251277244,2.618494875891186,0.05482404347028649,9.979885637403296,0.17639921537434866,2.882421641677167,8.42117104207268,5.9419518574192285,0.0,2.023179229002582,0.0,0.38076605422724313,1.8989283803972923,0.03258241370580496,70.02471865483913,0.15023129275428032,0.20279720279720284,0.0,0.0,0.0,-0.018192956462274902,0.16732090284592738,0.0791993796646312,6.859409276251659,-0.21896456555700247,0.37453998749882805,Specialty Chemicals,Basic Materials,TSE
2016Q3,2016,Q3,2016-11-03,2016-09-30,67254000.0,935410000.0,103170000.0,1.43,140384000.0,0.15007750612031087,2352777000.0,423437000.0,1391490000.0,492939000.0,1929340000.0,375747000.0,193285000.0,2594124400.0,3318710400.0,9.232246811294015,2.822844205875372,0.5061563420587671,2.8123971216497377,0.05162731086653935,9.232246811294015,0.1588288222332956,2.7732485220384646,9.64301156808517,6.126352680564051,0.0,2.115854551067607,0.0,0.39757699093454246,1.9838377568015515,0.0285849445145035,22.466565049451788,0.15007750612031087,-0.28500000000000003,58.79850648642756,-0.27298468900737777,0.0,-0.17294685990338166,-0.29800425869483527,-0.33904787530510655,13.042459977488368,-0.2634941663182714,0.38492248511476534,Specialty Chemicals,Basic Materials,TSE
2016Q2,2016,Q2,2016-08-03,2016-06-30,95804000.0,969694000.0,156093000.0,2.0,169740000.0,0.17504491107504017,2362627000.0,463413000.0,1392308000.0,463470000.0,1899214000.0,365139000.0,139427000.0,2015649360.0,2738723360.0,9.869930993354915,3.004095194942499,0.5029515873644042,2.5642073053626033,0.07277824124650162,9.869930993354915,0.20673567638370094,2.078644768349603,5.259825685775124,4.349574483236336,0.0,2.1908204820629953,0.0,0.4104304234227409,2.157794463503571,0.0405497778532117,29.595767773764425,0.17504491107504017,0.282051282051282,0.0,0.0,0.0,0.21527578899135116,0.2483093801712119,0.298481016870196,4.436858072236927,-0.28309438527978675,0.7408483745364428,Specialty Chemicals,Basic Materials,TSE
2016Q1,2016,Q1,2016-05-05,2016-03-31,76747000.0,894084000.0,120212000.0,1.56,139672000.0,0.15621798399255551,2331635000.0,420084000.0,1353943000.0,465255000.0,1911551000.0,367159000.0,58458000.0,1790990550.0,2550101550.0,8.633932792107696,2.9101095098386907,0.5135881044846213,2.8506203521200524,0.05781739309337798,8.633932792107696,0.18269441349825272,2.0031569181419195,5.834073481699611,4.263410532179279,0.0,2.0547283329565666,0.0,0.3834579597578523,2.092366551675963,0.03291552923163359,30.642460819874078,0.15621798399255551,0.7727272727272728,8.98133780398786,-0.4350768365712415,0.25785853512637025,0.24347423524803247,0.7793517573959009,0.38003398080543693,8.704242381158771,-0.3758014845195258,0.0,Specialty Chemicals,Basic Materials,TSE
2015Q4,2015,Q4,2016-03-11,2015-12-31,43132000.0,897012000.0,87108000.0,0.88,112324000.0,0.12522017542686162,2284572000.0,389014000.0,1289034000.0,449269000.0,1895558000.0,353097000.0,-18289000.0,1375539600.0,2152076600.0,7.975193734880479,2.869180824851036,0.5286758307464156,3.104767437675765,0.03525422255239258,7.975193734880479,0.11087518701126438,1.5334684485826278,7.972848465176667,3.5359642583557402,0.0,2.222301520545346,0.0,0.3926389713259201,2.060718634047753,0.01887968512264004,11.720185745324414,0.12522017542686162,-0.16981132075471703,0.0,0.0,0.0,0.006830282712751654,-0.17141484967822496,-0.0729049149620043,83.44214292956948,-0.34151568013214395,0.29252380158371094,Specialty Chemicals,Basic Materials,TSE
2015Q3,2015,Q3,2015-11-09,2015-09-30,52055000.0,1027952000.0,93958000.0,1.06,111562000.0,0.10852841377807525,2312139000.0,345251000.0,1291971000.0,489391000.0,1966888000.0,391247000.0,-61421000.0,1231644500.0,2131834500.0,7.078006478330395,2.639956599120131,0.5280655704522955,3.536444499798697,0.042629318988842785,7.078006478330395,0.15077436415825007,1.198153707566112,5.915111420612813,3.5673886534724013,0.0,2.3422288222018315,0.0,0.44458918776077044,1.7793073432081914,0.022513784854630278,12.901529356308595,0.10852841377807525,52.0,43.06475426080064,-0.24877195430764543,0.0,-0.21510936631559693,67.8558201058201,-0.2894834352951852,43.06475426080064,-0.24877195430764543,0.0,Specialty Chemicals,Basic Materials,TSE
2015Q2,2015,Q2,2015-08-07,2015-06-30,756000.0,1028673000.0,132239000.0,0.02,142137000.0,0.13817510520836068,2289056000.0,287853000.0,1266686000.0,525619000.0,2001203000.0,406797000.0,-113476000.0,1309013640.0,2299107640.0,5.902134465153472,2.409893858479241,0.5334945934044427,4.242439717494693,0.00802430564138558,5.902134465153472,0.002626340527977822,1.272526488009309,432.8748809523809,4.547507373555252,0.0,2.1793081069919396,0.0,0.4493874330728475,1.5913484862609608,0.00033026714942753694,82.2864998742771,0.13817510520836068,-0.974025974025974,-0.9705519546409264,-0.021077725261552018,0.0,0.378913260702956,-0.9799490770210058,0.5025280930792742,0.0,0.0,0.0,Specialty Chemicals,Basic Materials,TSE
2015Q1,2015,Q1,2015-05-08,2015-03-31,37704000.0,1018265000.0,88011000.0,0.77,103079000.0,0.10123003343923243,2195096000.0,248908000.0,1219535000.0,501814000.0,1946188000.0,390972000.0,-114232000.0,965646000.0,1945709000.0,5.103711297929054,2.4302530419637556,0.5461082339906774,4.816076622687901,0.041223928197770224,5.103711297929054,0.15147765439439473,0.9483248466754725,6.402808720560153,3.87952978610571,0.0,2.3407967834013688,0.0,0.4638817618910517,1.611676836437405,0.017176469730708816,63.34597218577801,0.10123003343923243,2.262295081967213,-0.24874562280450369,-0.07902538744984863,0.0,1.7093255532776113,2.270050864014552,22.81189591078067,4.775988626193193,-0.2907816790028414,0.0,Specialty Chemicals,Basic Materials,TSE
2014Q4,2014,Q4,2015-03-10,2014-12-31,-29687000.0,1122401000.0,-4035000.0,-0.61,38046000.0,0.03389697621438327,2356116000.0,320865000.0,1322663000.0,574005000.0,2035251000.0,473861000.0,-151936000.0,851036500.0,1832457500.0,6.579147016608571,2.3042708687206557,0.5102494953559162,3.746768890343291,-0.0024718182810125585,6.579147016608571,-0.09252177707135399,0.7582285653701306,-7.1667438609492375,2.65231951132096,0.0,2.2883398296124815,0.0,0.4763776486386918,1.4317854374090817,-0.012599973855277075,9.870179650441298,0.03389697621438327,-1.9047619047619049,0.0,0.0,0.0,-0.44243507825781114,-1.9363996043521265,-1.1372915957808778,0.0,0.0,0.0,Specialty Chemicals,Basic Materials,TSE
2014Q3,2014,Q3,2014-11-14,2014-09-30,-10110000.0,1305493000.0,29390000.0,-0.21,68236000.0,0.052268376774138196,2448081000.0,417071000.0,1421600000.0,604308000.0,2031010000.0,508467000.0,-122249000.0,767152100.0,1818639100.0,8.551794135739184,2.352442794071897,0.4916561175876125,2.885873148696505,0.028380471808871165,8.551794135739184,-0.024240477041079338,0.5876340202513534,-18.970131058358064,1.8393801055455785,0.0,2.433308356294509,0.0,0.5332719791542845,1.4535965103887423,-0.00412976531413789,-38.88646086780211,0.052268376774138196,0.8173913043478261,-7.171058027475906,-0.04578829730628877,0.0,-0.26159506546910505,0.7734250689137402,0.24639525021204411,-7.171058027475906,-0.04578829730628877,0.0,Specialty Chemicals,Basic Materials,TSE
2014Q2,2014,Q2,2014-08-11,2014-06-30,-44621000.0,1340935000.0,23580000.0,-1.15,92410000.0,0.06891460063314031,2741116000.0,509609000.0,1654214000.0,794596000.0,2231507000.0,526195000.0,-112139000.0,809369600.0,1822908600.0,13.096448396381579,2.081830263429466,0.48778782072703236,2.6237429087790836,0.014545343206231904,13.096448396381579,-0.08755928564840888,0.6035860052873555,-4.534689944196679,1.5882168486035373,0.0,2.3727420442991667,0.0,0.4891930877788463,1.3827102074513338,-0.01627840631334099,-145.6748740100792,0.06891460063314031,-4.194444444444444,-3.1784725106315546,0.5993985706117047,0.0,-0.06305447687799734,-3.6115533185063793,-0.6289477411131568,0.0,0.0,0.0,Specialty Chemicals,Basic Materials,TSE
2014Q1,2014,Q1,2014-03-31,2014-03-31,17086000.0,1359132000.0,63549000.0,0.36,98629000.0,0.07256763875767769,2594052000.0,361796000.0,1477050000.0,663152000.0,2232256000.0,509773000.0,-67518000.0,957208731.75,2155540731.75,7.653888600248866,2.2273174174246626,0.515572162778541,3.696616325221948,0.021417051456438338,7.653888600248866,0.04722550829749361,0.7042794458154175,14.005746396903898,2.6457139707183055,0.0,2.472675092639273,0.0,0.5239416943068219,1.4109736530991386,0.006586606590769962,-22.616216136234762,0.07256763875767769,0.6363636363636362,-0.6487542142915879,0.26829304708838825,0.0,-0.14370425677846171,0.6137136380808462,-0.03014162749526891,2.828944551487904,-0.11606862387397504,0.11507806865603559,Specialty Chemicals,Basic Materials,TSE
2013Q4,2013,Q4,2013-12-31,2013-12-31,10588000.0,1245111000.0,65524000.0,0.22,115181000.0,0.09250661186030804,2574781000.0,343202000.0,1476746000.0,666562000.0,2231579000.0,530191000.0,-84604000.0,957208731.75,2097126731.75,7.260527687930799,2.215466828292042,0.5190425904183695,3.8939778905717333,0.01693799310621868,7.260527687930799,0.030850636068554378,0.7687738135395158,22.601263972185492,2.7890534779808975,0.0,2.1311753688764994,0.0,0.48357938014922436,1.3711927772660308,0.004112194396338951,9.917103342795869,0.09250661186030804,1.1068357242726627,0.0,0.0,0.0,0.19337526031683538,1.1450567260940032,0.13050379572118703,0.0,0.0,0.0,Specialty Chemicals,Basic Materials,TSE
2013Q3,2013,Q3,2013-09-30,2013-09-30,4936000.0,1308959000.0,57960000.0,0.104422,96517000.0,0.0737356937841445,2531575000.0,315111000.0,1424300000.0,665630000.0,2216464000.0,485830000.0,-95192000.0,957208731.75,2196783731.75,6.66625526736896,2.139777353785136,0.5503692365424686,4.421619683222738,0.015311322442381651,6.66625526736896,0.015664321461326326,0.7312748006240073,48.48099330176256,3.0376874553728688,0.0,2.4956095753658687,0.0,0.5170532178584478,1.351223652780073,0.0019497743499600052,12.450685896852237,0.0737356937841445,1.175883146567043,5.115981571539817,-0.012885875786840842,0.0,0.4733395411317529,1.1758836944127709,1.9475183075671278,5.115981571539817,-0.012885875786840842,0.0,Specialty Chemicals,Basic Materials,TSE
2013Q2,2013,Q2,2013-06-30,2013-06-30,-28064000.0,1361759000.0,19664000.0,-0.593701,65509000.0,0.04810616269104886,2616700000.0,268000000.0,1524300000.0,811800000.0,2348700000.0,516200000.0,-100100000.0,957208731.75,2266608731.75,5.669609793548564,1.877679231337768,0.5073565941835135,4.953731343283582,0.013346363687142806,5.669609793548564,-0.10471641791044776,0.7029208044521829,-8.527016210714795,3.571674372201492,0.0,2.511139093374661,0.0,0.5204108227920663,1.1940133037694014,-0.010724958917720793,-67.39008249436779,0.04810616269104886,-1.8997660458823589,-2.127883610642231,0.33706081266838966,0.0,-0.1892751506750987,-1.8997726803058483,-0.47057239782456517,-2.127883610642231,0.33706081266838966,0.0,Specialty Chemicals,Basic Materials,TSE
2013Q1,2013,Q1,2013-03-31,2013-03-31,-9678000.0,1391585000.0,37142000.0,-0.204741,80803000.0,0.058065443361346954,,,,,,,,957208731.75,,,0.0,0.0,0.0,0.0,,0.0,0.6878550226899542,-24.726408652355857,0.0,0.0,0.0,0.0,0.0,0.0,0.0,-44.71684255582547,0.058065443361346954,-18.081174277726003,-1.1989556779870076,0.2985770182237596,0.0,0.2657706345849586,-18.088757396449704,0.3517487353058922,-1.1989556779870076,0.2985770182237596,0.0,Specialty Chemicals,Basic Materials,TSE
2012Q4,2012,Q4,2012-12-31,2012-12-31,-507000.0,1320111000.0,27477000.0,-0.01073,63837000.0,0.04835729722727861,2665696000.0,291665000.0,1547677000.0,769602000.0,2374031000.0,582740000.0,-62386000.0,957208731.75,2174435731.75,6.170249031475156,2.0110095867734232,0.5452924864650733,4.983745049971714,0.0006528831854277191,6.170249031475156,-0.0017382956474036994,0.7250971560346062,-471.99641605029586,3.2818772624415,0.0,2.155805333424855,0.0,0.49522188576641896,1.2106530388434542,-0.00019019423069997478,24.45164972411679,0.04835729722727861,0.5770595191170674,0.0,0.0,0.0,-0.23364945978391358,0.5775,-0.4580473372781065,0.0,0.0,0.0,Specialty Chemicals,Basic Materials,TSE
2012Q3,2012,Q3,2012-09-30,2012-09-30,-1200000.0,1326900000.0,50700000.0,-0.02537,83300000.0,0.06277790338382697,,,,,,,,957825000.0,,,0.0,0.0,0.0,0.0,,0.0,0.7218516843771196,-199.546875,0.0,0.0,0.0,0.0,0.0,0.0,0.0,-239.45625,0.06277790338382697,0.0,0.0,0.0,0.0,0.0,0.0,0.0,0.0,0.0,0.0,Specialty Chemicals,Basic Materials,TSE
2011Q1,2011,Q1,2011-03-31,2011-03-31,-9342000.0,1537599000.0,89986000.0,-0.197632,169810000.0,0.1104384172986585,2855658000.0,324458000.0,1740970000.0,873445000.0,2531200000.0,600681000.0,-26105000.0,957208731.75,2381247731.75,6.8639934865491785,1.993222240667701,0.5455968466812202,4.801971287501002,-0.1722843191521611,6.8639934865491785,-0.028792632636581623,0.6225346997168962,-25.61573356213873,2.950177624684859,-50.46745878826804,2.2770638658455984,0.4925435637617396,0.5384394769961949,1.2966437497495549,-0.0032714001466562174,-45.31809164615093,0.1104384172986585,0.0,-1.1920483512869007,0.4348320258150488,0.0,0.0,0.0,0.0,-1.1920483512869007,0.4348320258150488,0.0,Specialty Chemicals,Basic Materials,TSE
2010Q2,2010,Q2,2010-06-30,2010-06-30,24882000.0,1018472000.0,50305000.0,0.53,72041000.0,0.07073439426906189,,,,,,,,957208731.75,,,0.0,0.0,0.0,0.0,,0.0,0.9398478620423536,9.61748183174584,0.0,0.0,0.0,0.0,0.0,0.0,0.0,-5.884106122869244,0.07073439426906189,-0.48497487066067035,0.0,0.0,0.0,-0.41022513303315594,-0.4884877888331552,-0.39954403303970015,0.0,0.0,0.0,Specialty Chemicals,Basic Materials,TSE
2010Q1,2010,Q1,2010-03-31,2010-03-31,48644000.0,1071623000.0,83778000.0,1.029076,122150000.0,0.1139859820104645,,,,,,,,957208731.75,,,0.0,0.0,0.0,0.0,,0.0,0.8932327243349574,4.919459397613272,0.0,0.0,0.0,0.0,0.0,0.0,0.0,-5.002554204730747,0.1139859820104645,0.0,0.0,0.0,0.0,0.0,0.0,0.0,0.0,0.0,0.0,Specialty Chemicals,Basic Materials,TSE
2011Q4,2011,Q4,2011-12-31,2011-12-31,,,,,,,2576600000.0,120500000.0,1526200000.0,761000000.0,2456000000.0,488300000.0,-92700000.0,0.0,1406100000.0,0.0,2.0055190538764784,0.5916323837615463,12.650622406639004,,0.0,,0.0,0.0,0.0,0.0,,,,1.340867279894875,,0.0,0.0,0.0,0.0,0.0,0.0,0.0,0.0,0.0,0.0,0.0,0.0,Specialty Chemicals,Basic Materials,TSE
2012Q2,,,,,,,,,,,,,,,,,,0.0,,0.0,0.0,0.0,0.0,0.0,0.0,0.0,0.0,0.0,0.0,0.0,0.0,,0.0,0.0,0.0,0.0,0.0,0.0,-1.0,-1.0,0.0,0.0,0.0,0.0,-1.0,-1.0,0.0,Specialty Chemicals,Basic Materials,TSE
