Quarters,Year,Quarter,FillingDate,Date,NetIncome,Revenue,OperatingIncome,EPSDiluted,GrossProfit,GrossProfitRatio,TotalAssets,CommonStockEquity,CurrentAssets,CurrentLiability,TotalLiability,Inventory,RetainedEarnings,MarketCap,EnterpriseValue,bookValuePerShare,currentRatio,debtToAssets,debtToEquity,roic,shareholdersEquityPerShare,roe,priceToSalesRatio,peRatio,pbRatio,payoutRatio,inventoryTurnover,dividendYield,assetTurnover,quickRatio,returnOnAssets,priceToFreeCashFlowsRatio,grossProfitMargin,epsdilutedGrowth,fiveYNetIncomeGrowthPerShare,fiveYRevenueGrowthPerShare,fiveYShareholdersEquityGrowthPerShare,grossProfitGrowth,netIncomeGrowth,operatingIncomeGrowth,threeYNetIncomeGrowthPerShare,threeYRevenueGrowthPerShare,threeYShareholdersEquityGrowthPerShare,Industry,Sector,Symbol
2023Q1,2023,Q1,2023-03-09,2023-03-31,-1809000.0,30710000.0,-1447000.0,-0.04,11839000.0,0.385509606,316795000.0,174808000.0,131403000.0,69275000.0,141987000.0,79754000.0,-50293000.0,210070124.99999997,205675124.99999997,3.865295743504699,1.8968314687838326,0.07173724332770404,0.13000549173950848,-0.007145740575469037,3.865295743504699,-0.01034849663630955,6.84044692282644,-29.031249999999996,1.2017191718914464,0.0,0.23661509140607367,0.0,0.09693966129515932,0.7455647780584627,-0.005710317397686201,-52.94105972782258,0.3855096059915337,-1.5714285714285714,-2.3333333439490445,0.6300399442815482,0.7959630851422618,-0.22575371133346414,-1.614470108695652,-1.3601294176207068,-1.333333330778076,-0.1130272628513254,0.013635328277281316,Drug Manufacturers—Specialty & Generic,Healthcare,KMDA
2022Q4,2022,Q4,2022-12-31,2022-12-31,2944000.0,45439000.0,4018000.0,0.07,15291000.0,0.3365170888,322379000.0,176020000.0,139005000.0,75705000.0,146359000.0,68785000.0,-48484000.0,168649143.42999998,154991143.42999998,4.185258137957683,1.8361402813552605,0.0638999438549037,0.11703215543688217,0.020095150133059406,4.185258137957683,0.016725372116804908,3.7115505057329603,14.321428620074728,0.9581248916600387,0.0,0.4382932325361634,0.0,0.14094900722441597,0.9275477181163727,0.00913210848101148,29.253971106678225,0.3365170888443848,6.0,-0.549220535760227,0.21810352957051393,0.8828819382088747,0.18811188811188811,5.082644628099174,6.413284132841328,-0.4615384613590395,0.3895044919737356,0.2756952215724018,Drug Manufacturers—Specialty & Generic,Healthcare,KMDA
2022Q3,2022,Q3,2022-09-30,2022-09-30,484000.0,32217000.0,542000.0,0.01,12870000.0,0.3994785362,319637000.0,172551000.0,135162000.0,69150000.0,147086000.0,73029000.0,-51428000.0,218284000.0,208968000.0,3.565103305785124,1.9546203904555315,0.06862784971702275,0.12712763183058923,0.002683248730860624,3.565103305785124,0.0028049678066194923,6.775429121271379,112.74999999999999,1.265040480785391,0.0,0.26492215421271004,0.0,0.10079246144845559,0.898524945770065,0.0015142176906928798,56.316821465428276,0.39947853617655277,1.1111111111111112,2.6101896,0.16917641568322292,0.7143985981068053,0.7776243093922652,1.1234378984952818,1.2362685265911073,-0.928571428816761,-0.16270822119285092,0.13940135689558203,Drug Manufacturers—Specialty & Generic,Healthcare,KMDA
2022Q2,2022,Q2,2022-06-30,2022-06-30,-3921000.0,23590000.0,-2294000.0,-0.09,7240000.0,0.3069097075,304135000.0,171574000.0,118601000.0,49680000.0,132561000.0,64520000.0,-51912000.0,196485668.17,189688668.17,3.9381943080474806,2.3872987117552333,0.07607148141450343,0.13484560597759568,-0.011600092867041166,3.9381943080474806,-0.022853112942520428,8.32919322467147,-12.527777873629176,1.1451948906594238,0.0,0.25340979541227526,0.0,0.077564239564667,1.0885869565217392,-0.0128923011162806,19.24631875502008,0.3069097075031793,-1.2499999999999998,-1.6923076870107703,-0.37783216284631255,1.1552937914626675,-0.35940541497080164,-1.1449671772428884,-0.30192962542565266,-1.599999990525727,-0.3709766366213008,0.30063129856675275,Drug Manufacturers—Specialty & Generic,Healthcare,KMDA
2022Q1,2022,Q1,2022-03-31,2022-03-31,-1828000.0,28093000.0,-1762000.0,-0.04,11302000.0,0.4023066244,303096000.0,175150000.0,116163000.0,42229000.0,127946000.0,64761000.0,-47991000.0,252263999.99999997,254390999.99999997,3.8326039387308533,2.750787373605816,0.07949296592498746,0.13756208963745362,-0.008865104309933022,3.8326039387308533,-0.010436768484156438,8.979603459936637,-34.5,1.4402740508135883,0.0,0.2592764163616992,0.0,0.09268680550056747,1.217220393568401,-0.006031092459154855,50.94184168012924,0.4023066244260136,0.6363636363636365,0.6363636409353783,0.9080662840194202,1.1919805674289627,0.7137225170583775,0.6350568975843481,0.4663840096910963,-1.3333333333333335,-0.05888145240465454,0.3385027248587565,Drug Manufacturers—Specialty & Generic,Healthcare,KMDA
2021Q4,2021,Q4,2021-12-31,2021-12-31,-5009000.0,31469000.0,-3302000.0,-0.11,6595000.0,0.2095713242,318667000.0,176824000.0,130044000.0,54057000.0,141843000.0,71830000.0,-46163000.0,299629275.12,323380275.12,3.883138319958967,2.4056828902824794,0.1328596936614083,0.23943582319142198,-0.015868602065840922,3.883138319958967,-0.028327602587884,9.52141075725317,-14.95454557396686,1.6945056956069313,0.0,0.3462898510371711,0.0,0.09875198875314983,1.0017019072460551,-0.01571860280480878,-52.44692370383336,0.20957132416028473,-3.867256637168142,-1.2157642356243201,0.03752577204874893,1.1188803315761333,0.15095986038394416,-4.250524109014675,-3.4864130434782608,-1.2499999951858984,-0.421901589928894,0.3935822739375807,Drug Manufacturers—Specialty & Generic,Healthcare,KMDA
2021Q3,2021,Q3,2021-09-30,2021-09-30,-954000.0,23034000.0,-736000.0,-0.0226,5730000.0,0.2487626986,216527000.0,181613000.0,178943000.0,26589000.0,34914000.0,48163000.0,-41154000.0,223925000.0,128601000.0,4.298532544378698,6.729963518748354,0.0208565213576136,0.02486606135023374,-0.004359759513572976,4.298532544378698,-0.005252927929168066,9.72149865416341,-58.68055555555555,1.2329789167075043,0.0,0.35927994518613876,0.0,0.10637934299186706,4.91857535070894,-0.004405917044987461,-53.37902264600715,0.24876269861943215,-2.13,0.26291449342321327,-0.0234932592392816,1.1720825281405665,-0.3683862433862434,-2.0181430096051227,-1.7036328871892925,0.601502088563477,0.45078863194080865,0.8239333222612881,Drug Manufacturers—Specialty & Generic,Healthcare,KMDA
2021Q2,2021,Q2,2021-06-30,2021-06-30,937000.0,24239000.0,1046000.0,0.02,9072000.0,0.374272866,216350000.0,182343000.0,179347000.0,26147000.0,34007000.0,44601000.0,-40309000.0,272667000.0,208867000.0,3.892059765208111,6.859180785558572,0.021335798474693784,0.025314928459003086,0.004826510350728882,3.892059765208111,0.00513866723702034,11.249102685754362,72.75,1.4953521659729194,0.0,0.3400596399183875,0.0,0.11203605269239658,5.15340191991433,0.004330945227640397,-59.12120555073721,0.37427286604232846,-0.6666666666666666,1.5,0.07526321811298418,1.2226158441859023,0.015787705744037622,-0.6512839598064756,-0.5575296108291032,-0.8571428561378825,-0.37909107130587444,0.648330310360432,Drug Manufacturers—Specialty & Generic,Healthcare,KMDA
2021Q1,2021,Q1,2021-03-31,2021-03-31,2687000.0,24900000.0,2364000.0,0.06,8931000.0,0.3586746988,210528000.0,181220000.0,175087000.0,21977000.0,29308000.0,41155000.0,-41246000.0,277208831.27000004,220428831.27000004,4.046594745415666,7.966828957546526,0.022115823073415412,0.025692528418496854,0.013909565791894918,4.046594745415666,0.014827281756980466,11.13288478995984,25.791666474692967,1.529681223209359,0.0,0.3880208966103754,0.0,0.11827405380756954,6.094189379806161,0.012763147894816841,140.64375001014716,0.3586746987951807,0.4999999999999999,2.00000001614268,0.4397828134800389,1.187806343131067,-0.12139695031972454,0.6494782074892572,-0.10758776896942242,1.0000000308100576,0.33468856709390543,0.8802014814803394,Drug Manufacturers—Specialty & Generic,Healthcare,KMDA
2020Q4,2020,Q4,2020-12-31,2020-12-31,1629000.0,31542000.0,2649000.0,0.04,10165000.0,0.3222687211,210665000.0,178638000.0,177914000.0,24967000.0,32027000.0,43042000.0,-43933000.0,263898000.00000003,198640000.00000003,4.386445672191528,7.125966275483639,0.02344480573422258,0.027648092791007512,0.012001986859846391,4.386445672191528,0.009119000436637222,8.366558873882443,40.5,1.47727807073523,0.0,0.4966544305562009,0.0,0.1497258680843994,5.299755677494293,0.007732656112785703,24.818771748330672,0.32226872107031895,-0.7333333333333333,0.474442955465587,0.09920700114102826,1.2032193973838963,-0.31414884285810674,-0.7616678858814924,-0.6587659410021899,-0.7424117338451695,-0.1267806756308363,0.9733930517208695,Drug Manufacturers—Specialty & Generic,Healthcare,KMDA
2020Q3,2020,Q3,2020-09-30,2020-09-30,6835000.0,35325000.0,7763000.0,0.15,14821000.0,0.4195612173,206345000.0,176729000.0,174511000.0,23192000.0,29616000.0,42618000.0,-45562000.0,380937336.11999995,333447336.11999995,3.8784710762364956,7.524620558813384,0.024216724417843904,0.028274929411698138,0.039639288448270076,3.8784710762364956,0.0386750335259069,10.783788708280253,13.933333435259692,2.155488550945232,0.0,0.48111126753953726,0.0,0.17119387433666916,5.687004139358399,0.03312413676124936,-98.86772284453671,0.41956121726822365,0.8749999999999999,2.019124185168546,0.7152705995843349,0.9389817253254022,0.3334233018443545,0.976576055523424,0.9529559748427673,25.152843823314967,0.3616805005233845,0.8650919217706405,Drug Manufacturers—Specialty & Generic,Healthcare,KMDA
2020Q2,2020,Q2,2020-08-05,2020-06-30,3458000.0,33089000.0,3975000.0,0.08,11115000.0,0.3359122367,206091000.0,169765000.0,175120000.0,30267000.0,36326000.0,47646000.0,-52397000.0,335426000.0,283215000.0,3.9274725274725273,5.78583936300261,0.025173345755030545,0.030559891614879393,0.0198841526904339,3.9274725274725273,0.020369334079462786,10.137084831817221,24.25,1.9758254057078903,0.0,0.46119296478193345,0.0,0.16055528868315452,4.211649651435557,0.016778995686371555,34.74836838288615,0.33591223669497416,-0.3333333333333333,2.4015559425493715,0.5525435652100378,1.0368885509903514,-0.029342415509562483,-0.33729398236872365,-0.18041237113402062,-0.38461538461538464,-0.12040532349669503,1.1494259786278869,Drug Manufacturers—Specialty & Generic,Healthcare,KMDA
2020Q1,2020,Q1,2020-04-27,2020-03-31,5218000.0,33290000.0,4850000.0,0.12,11451000.0,0.3439771703,196793000.0,165815000.0,166201000.0,25357000.0,30978000.0,41787000.0,-55855000.0,253507831.39000002,209413831.39000002,3.8133001442184757,6.554442560239776,0.02639321520582541,0.031324065977143205,0.02562571488284832,3.8133001442184757,0.03146880559659862,7.615134616701713,12.14583324022614,1.5288594601815275,0.0,0.5226266542226051,0.0,0.16916252102462995,4.906495247860551,0.026515170763187716,-90.0240878515625,0.34397717032141784,-0.07692307692307698,1.8754030575580984,2.025744027354613,0.7752110036385672,-0.052775250227479524,-0.026855650876538604,-0.11577028258887875,2.0909090855565253,1.3763067857019273,1.1809401512719035,Drug Manufacturers—Specialty & Generic,Healthcare,KMDA
2019Q4,2019,Q4,2020-01-07,2019-12-31,5362000.0,32071000.0,5485000.0,0.13,12089000.0,0.3769449035,173797000.0,135319000.0,143562000.0,32739000.0,38478000.0,43173000.0,-61073000.0,281711231.82,244796231.82,3.2807664927983344,4.385045358746449,0.033067314165376845,0.04247001529718665,0.036489644798070923,3.2807664927983344,0.039624886379591925,8.783986524274265,13.134615433606864,2.0818305767852263,0.0,0.46283556852662544,0.0,0.18453137856234572,3.0280094077400044,0.030852086054419813,35.891353270480316,0.37694490349536963,-0.07142857142857148,3.0051017573214382,0.12228301668126029,0.4680488258208664,-0.060245646766169156,-0.07916881332646403,-0.037212568018255225,3.6186304714273256,0.16735606428991923,0.7901890227175475,Drug Manufacturers—Specialty & Generic,Healthcare,KMDA
2019Q3,2019,Q3,2019-10-02,2019-09-30,5823000.0,33066000.0,5697000.0,0.14,12864000.0,0.3890401016,156501000.0,130141000.0,126581000.0,20616000.0,26360000.0,34031000.0,-66435000.0,213371356.41,191972356.41,3.128926680848108,6.1399398525417155,0.03865789994952109,0.046488039895190604,0.04034813125595238,3.128926680848108,0.0447437779024289,6.4528928933043,9.160714254250387,1.6395398560791756,0.0,0.5936352149510741,0.0,0.2112829949968371,4.489231664726426,0.03720742998447294,39.800663385562395,0.3890401016149519,-0.06666666666666654,2.5555555662678926,0.4921235036708093,0.28148043895155067,-0.05411764705882353,-0.05209181181832981,-0.10886907555138432,5.570084681736178,0.4239525078205401,0.5810714249891418,Drug Manufacturers—Specialty & Generic,Healthcare,KMDA
2019Q2,2019,Q2,2019-07-31,2019-06-30,6143000.0,35253000.0,6393000.0,0.15,13600000.0,0.3857827703,156489000.0,124003000.0,126247000.0,26656000.0,32486000.0,35501000.0,-72258000.0,225652864.82999998,207727864.82999998,3.0279098406959943,4.736156962785114,0.037766232770354465,0.047660137254743835,0.04743388425274635,3.0279098406959943,0.04953912405345032,6.400954949366011,9.183333258587009,1.819737142085272,0.0,0.6099264809441988,0.0,0.22527461994133774,3.4043367346938775,0.039255155314431044,35.79518794892132,0.385782770260687,0.25,1.6521739230313015,0.9811371433484645,0.36504768723765163,0.21602288984263232,0.24781637213081453,0.22729890574006528,4.750000030522546,0.7890254338411051,0.7291307926093672,Drug Manufacturers—Specialty & Generic,Healthcare,KMDA
2019Q1,2019,Q1,2019-04-16,2019-03-31,4923000.0,26797000.0,5209000.0,0.12,11184000.0,0.4173601523,145095000.0,117469000.0,114197000.0,21571000.0,27626000.0,31708000.0,-78401000.0,230150250.0,214171250.0,2.863351614868982,5.294005841175652,0.04175195561528654,0.05157105278839524,0.041084026509572255,2.863351614868982,0.041908929164290155,8.588657312385715,11.687500000000002,1.959242438430565,0.0,0.49239939447458053,0.0,0.18468589544781006,3.824069352371239,0.033929494469140904,39.9774622199062,0.41736015225584955,-0.7272727272727273,2.3333333376041,0.7182326647996498,0.12985276400178433,-0.4738426797139631,-0.7225697379543533,-0.6614014560582423,3.000000017398869,0.6914206848160874,0.5480815895196488,Drug Manufacturers—Specialty & Generic,Healthcare,KMDA
2018Q4,2018,Q4,2019-01-02,2018-12-31,17745000.0,48211000.0,15384000.0,0.44,21256000.0,0.4408952314,138116000.0,112376000.0,110890000.0,23569000.0,25740000.0,29715000.0,-83024000.0,201647725.0,184832725.0,2.7864435366181293,4.704908990623276,0.009253091604158823,0.011372535060867089,0.15201133626286376,2.7864435366181293,0.1579073823592226,4.182608222189956,2.840909058889828,1.7944020520395816,0.0,0.9071176173649672,0.0,0.34906165831619795,3.3980652552081123,0.12847895971502216,36.530384963768114,0.440895231378731,8.760141093474427,9.174032171406873,0.754753109934916,0.11072040321322023,7.43826915442636,8.858724534986713,7.0950871632329635,15.218872692920812,0.6965793197464545,0.3995719788602433,Drug Manufacturers—Specialty & Generic,Healthcare,KMDA
2018Q3,2018,Q3,2018-10-22,2018-09-30,-2258000.0,14975000.0,-2524000.0,-0.0567,2519000.0,0.1682136895,115121000.0,93916000.0,90539000.0,18613000.0,21205000.0,28934000.0,-100769000.0,248664000.0,237258000.0,2.356737766624843,4.864288400580239,0.012725740742349355,0.015599045955960646,-0.02499032134528063,2.356737766624843,-0.024042761616763917,16.605275459098497,-27.531443755535875,2.64772775671877,0.0,0.4304969931568397,0.0,0.1300805239704311,3.309783484661258,-0.019614145116877025,491.4308300395257,0.16821368948247079,-1.405,-56.069303713249006,-0.22694076147969067,0.038279803050198694,-0.7639175257731958,-1.3971157228279987,-1.4881067491781086,0.6150259427947484,-0.168549801112564,0.17821465496243677,Drug Manufacturers—Specialty & Generic,Healthcare,KMDA
2018Q2,2018,Q2,2018-07-10,2018-06-30,5686000.0,33842000.0,5171000.0,0.14,10670000.0,0.3152886945,123693000.0,95899000.0,98604000.0,24984000.0,27794000.0,27373000.0,-98378000.0,211194287.20000002,200443287.20000002,2.3612134902482342,3.946685878962536,0.012975673643617666,0.016736358043358115,0.05313651833463694,2.3612134902482342,0.05929154631435156,6.24059710419006,9.285714351037635,2.202257450025548,0.0,0.8465276001899682,0.0,0.273596727381501,2.8510646813960934,0.04596864818542682,-59.608887157775904,0.31528869452160035,3.6666666666666674,3.666666686271953,0.5339656880212965,-0.13507594449737484,0.5208095781071835,3.5270700636942673,3.210912052117264,3.4527228822069307,0.6899441557795857,0.22458621698512657,Drug Manufacturers—Specialty & Generic,Healthcare,KMDA
2018Q1,2018,Q1,2018-04-23,2018-03-31,1256000.0,17441000.0,1228000.0,0.03,7016000.0,0.402270512,120531000.0,90106000.0,95233000.0,27449000.0,30425000.0,28175000.0,-104064000.0,184213334.8,168526334.8,2.1522133586607217,3.4694524390688186,0.015016883623300229,0.020087452555878633,0.01365785930826346,2.1522133586607217,0.013939138348167714,10.56208559142251,36.666666958598725,2.0444069740083903,0.0,0.3700088731144632,0.0,0.1447013631347952,2.44300338810157,0.01042055570766027,35.548694480895406,0.40227051201192593,-0.8125,1.4285714314772417,-0.03852782132818906,1.3433677097062438,-0.39673258813413587,-0.7991042866282789,-0.8094647013188518,1.2188507609694221,0.6464335559806531,0.0019229255439211026,Drug Manufacturers—Specialty & Generic,Healthcare,KMDA
2017Q4,2017,Q4,2018-01-04,2017-12-31,6252000.0,35710000.0,6445000.0,0.16,11630000.0,0.3256790815,122110000.0,89492000.0,96883000.0,29397000.0,32618000.0,21705000.0,-104563000.0,193253020.79999998,182556020.79999998,2.22279371479817,3.295676429567643,0.016247645565473753,0.022169579403745587,0.06846264419667081,2.22279371479817,0.0698609931613999,5.411733990478857,7.727647984644913,2.159444652035936,0.0,1.1094217922137757,0.0,0.2924412415035624,2.5293737456203016,0.05119973794120056,65.91167148703956,0.32567908148977875,26.806451612903228,0.5631892253869161,0.17903636102130516,1.2523077932850823,0.8036600496277916,26.008,30.03153153153153,3.7841426367945816,0.28020094769307047,-0.005363621515126589,Drug Manufacturers—Specialty & Generic,Healthcare,KMDA
2017Q3,2017,Q3,2017-10-26,2017-09-30,-250000.0,22918000.0,-222000.0,-0.0062,6448000.0,0.2813509032,111989000.0,83710000.0,87949000.0,23721000.0,28279000.0,23144000.0,-110815000.0,193222752.0,183169752.0,2.0795066618241727,3.7076430167362253,0.01877863004402218,0.025122446541631826,-0.002740487939186647,2.0795066618241727,-0.0029865010154103452,8.431047735404485,-193.22275199999999,2.3082397801935253,0.0,0.711631524369167,0.0,0.2046450990722303,2.7319674549976813,-0.002232362106992651,-85.83862816525989,0.2813509032201763,-1.0476923076923077,-2.679986684411973,-0.10268145993089264,0.0,-0.4494535519125683,-1.0514191690662278,-1.044187898089172,0.9309950135719113,0.06856649332805646,-0.148319094177433,Drug Manufacturers—Specialty & Generic,Healthcare,KMDA
2017Q2,2017,Q2,2017-07-20,2017-06-30,4862000.0,32549000.0,5024000.0,0.13,11712000.0,0.3598267228,100196000.0,68338000.0,75867000.0,26628000.0,31858000.0,24072000.0,-110579000.0,224400000.0,215354000.0,1.8272192513368983,2.849143758449752,0.01974130703820512,0.028944364775088532,0.0690682379729806,1.8272192513368983,0.07114636073633995,6.894221020615072,11.538461538461538,3.2836781878310752,0.0,0.8656114988368229,0.0,0.3248532875563895,1.945132942767012,0.048524891213222086,-148.80636604774537,0.3598267227871824,2.1818181818181817,2.0606515373352856,0.7632758764500565,0.0,4.096605744125326,2.2225295448830775,2.3538129884128267,1.5652173953599615,1.002966844002398,-0.17624977481488655,Drug Manufacturers—Specialty & Generic,Healthcare,KMDA
2017Q1,2017,Q1,2017-05-16,2017-03-31,-3977000.0,11648000.0,-3711000.0,-0.11,2298000.0,0.1972870879,93126000.0,63215000.0,70099000.0,24839000.0,29911000.0,27677000.0,-115441000.0,245850906.0,236839906.0,1.7484662025203193,2.822134546479327,0.01897429289349913,0.027952226528513802,-0.05838534760545515,1.7484662025203193,-0.06291228347702287,21.106705528846152,-15.454545260246416,3.8891229296844103,0.0,0.3378256313906854,0.0,0.12507785151300388,1.707878739079673,-0.04270558168502889,917.3541268656717,0.1972870879120879,-1.217741935483871,-0.5714286143510517,-0.25642943476632546,0.9037607140625125,-0.5374396135265701,-1.1996681415929205,-0.9603803486529319,-0.2222222415032248,-0.1525133883081244,-0.3100709806568135,Drug Manufacturers—Specialty & Generic,Healthcare,KMDA
2016Q4,2016,Q4,2017-01-23,2016-12-31,-1808000.0,24258000.0,-1893000.0,-0.0496,4968000.0,0.204798417,99696000.0,66743000.0,77077000.0,27206000.0,32953000.0,26823000.0,-111464000.0,198484133.15,190292133.15,1.832636917758582,2.833088289347938,0.01781415503129514,0.026609532085761802,-0.031734619542640514,1.832636917758582,-0.027088983114334088,8.182213420314948,-27.445261774059738,2.9738569310639322,0.0,0.7191589307683705,0.0,0.24331969186326433,1.8083143424244652,-0.018135130797624778,110.69946076408254,0.20479841701706653,-0.6209150326797386,-1.4997430590820813,-0.11458249980948106,0.8569705252672983,-0.2084130019120459,-0.7008466603951082,-0.8577036310107949,-2.1479145447783745,-0.022270086922679018,-0.26948197963244475,Drug Manufacturers—Specialty & Generic,Healthcare,KMDA
2016Q3,2016,Q3,2016-10-06,2016-09-30,-1063000.0,19373000.0,-1019000.0,-0.0306,6276000.0,0.3239560213,94598000.0,68671000.0,73807000.0,18934000.0,25927000.0,28086000.0,-109656000.0,178011000.0,173453000.0,1.9789913544668587,3.8981197845146296,0.02027527009027675,0.027930276244703005,-0.014740753693067783,1.9789913544668587,-0.01547960565595375,9.188613018118,-41.86523988711195,2.592229616577595,0.0,0.4663177383749911,0.0,0.20479291316941162,2.414756522657653,-0.011237024038563184,-84.44544592030361,0.3239560212667114,0.23500000000000004,-9.286795976609495,-0.12005737524261258,0.0,0.11494048676496714,0.32933753943217664,-1.2297592997811817,-30.77266859568502,0.14852822642921676,-0.1281394210028881,Drug Manufacturers—Specialty & Generic,Healthcare,KMDA
2016Q2,2016,Q2,2016-07-20,2016-06-30,-1585000.0,19066000.0,-457000.0,-0.04,5629000.0,0.2952375957,98572000.0,69388000.0,77361000.0,21821000.0,29184000.0,28423000.0,-108615000.0,145423750.0,140216750.0,1.7511167192429022,3.5452545712845422,0.01956945177129408,0.027800195999308237,-0.025583613998011998,1.7511167192429022,-0.022842566438000807,7.627386447078569,-22.9375,2.095805470686574,0.0,0.47275094113921823,0.0,0.19342206711845147,2.2427019843270246,-0.01607961692975693,-20.639192449616804,0.2952375957201301,0.3333333333333333,0.6736456808199122,-0.0251348814419651,0.0,0.1783546158676994,0.31056981296215747,0.768958543983822,-2.3333333483146066,-0.11421410501296377,-0.3585573770769898,Drug Manufacturers—Specialty & Generic,Healthcare,KMDA
2016Q1,2016,Q1,2016-04-06,2016-03-31,-2299000.0,14797000.0,-1978000.0,-0.06,4777000.0,0.3228357099,106641000.0,70871000.0,85095000.0,27364000.0,35770000.0,31605000.0,-107030000.0,146622557.9422,135924557.9422,1.8496128590725285,3.109742727671393,0.00850517155690588,0.012797900410605184,-0.031692836582408346,1.8496128590725285,-0.03243922055565746,9.90893815923498,-15.944166805371902,2.068865374302606,0.0,0.3170384432842905,0.0,0.1387552629851558,1.9547580763046337,-0.02155831246893784,22.158464249992445,0.3228357099412043,-3.0,0.14285713767778851,-0.1087086799220736,1.01389097041251,-0.40717299578059074,-3.326923076923077,-3.4943253467843634,0.14285713767778851,-0.1087086799220736,1.01389097041251,Drug Manufacturers—Specialty & Generic,Healthcare,KMDA
2015Q4,2015,Q4,2016-01-06,2015-12-31,988000.0,25661000.0,793000.0,0.03,8058000.0,0.3140173805,101992000.0,72507000.0,80594000.0,22939000.0,29485000.0,27132000.0,-104731000.0,150992100.186,146133100.186,1.9909254962987326,3.513405117921444,0.0018432818260255706,0.00259285310383825,0.013061602006943214,1.9909254962987326,0.01362627056697974,5.884108186976345,38.20650308350202,2.0824485937357773,0.0,0.6487910953855226,0.0,0.2515981645619264,2.2909891451240245,0.009687034277198211,-24.314347856038644,0.31401738046062116,1.2,-0.7269075749952091,-0.06336355799319617,1.0173608469874453,1.1731391585760518,1.1888018345117524,1.1977063076539516,-0.7269075749952091,-0.06336355799319617,1.0173608469874453,Drug Manufacturers—Specialty & Generic,Healthcare,KMDA
2015Q3,2015,Q3,2015-10-16,2015-09-30,-5233000.0,16069000.0,-4011000.0,-0.15,3708000.0,0.2307548696,108430000.0,71117000.0,87030000.0,30231000.0,37313000.0,26811000.0,-105719000.0,121594153.32,123517153.32,2.0002618000876753,2.8788329860077404,0.07110578253250946,0.10841289705696247,-0.05761007718555185,2.0002618000876753,-0.07358296891038711,7.567001886862903,-5.809007897955284,1.7097761902217474,0.0,0.461042109581888,0.0,0.1481969934519967,1.9919618934206609,-0.04826155123120907,-82.1582117027027,0.2307548696247433,-1.6269702276707532,-40.81502608255778,-0.2876569101888,0.0,0.01868131868131868,-1.3487432675044884,-0.63314332247557,-40.81502608255778,-0.2876569101888,0.0,Drug Manufacturers—Specialty & Generic,Healthcare,KMDA
2015Q2,2015,Q2,2015-07-01,2015-06-30,-2228000.0,19246000.0,-2456000.0,-0.0571,3640000.0,0.1891302089,110760000.0,75263000.0,89095000.0,27909000.0,35497000.0,24785000.0,-101097000.0,149107332.06,150224332.06,1.9281725186009608,3.1923393887276506,0.07154207295052366,0.10528413695972788,-0.028086731059775123,1.9281725186009608,-0.029602859306697846,7.7474452904499636,-16.731074064183122,1.9811505262878173,0.0,0.6296550332862618,0.0,0.17376309136872517,2.304274606757677,-0.02011556518598772,-22.974935602465333,0.18913020887457133,0.5921428571428572,0.5342971204039662,-0.001014780591780492,0.0,8.285714285714286,0.5394791236047953,0.5728695652173913,0.5342971204039662,-0.001014780591780492,0.0,Drug Manufacturers—Specialty & Generic,Healthcare,KMDA
2015Q1,2015,Q1,2015-04-01,2015-03-31,-4838000.0,8930000.0,-5750000.0,-0.14,392000.0,0.0438969765,110589000.0,75813000.0,88956000.0,27079000.0,34776000.0,27435000.0,-98755000.0,155996531.85999998,150396531.85999998,2.1480827554597917,3.285054839543558,0.06701389830815,0.09775368340522074,-0.06313950695908424,2.1480827554597917,-0.06381491300964215,17.46881655767077,-8.06100309322034,2.057648844657249,0.0,0.3112083105522143,0.0,0.08074944162620153,2.271908120683925,-0.04374756983063415,-61.977168001589185,0.0438969764837626,-3.8,-0.9582816599715739,-0.41602734274986497,1.3388702363847826,-0.9475304510774997,-5.142123287671233,-4.560371517027864,-0.9582816599715739,-0.41602734274986497,1.3388702363847826,Drug Manufacturers—Specialty & Generic,Healthcare,KMDA
2014Q4,2014,Q4,2015-04-01,2014-12-31,1168000.0,24931000.0,1615000.0,0.05,7471000.0,0.2996670811,119140000.0,80417000.0,97192000.0,30986000.0,38723000.0,25654000.0,-93461000.0,136740336.2,129686336.19999999,2.234780230122032,3.13664235461176,0.0628840020144368,0.09316438066577962,0.018658820608465177,2.234780230122032,0.01452429212728652,5.484751361758453,29.26805141267123,1.7003909148563114,0.0,0.6805956186169798,0.0,0.20925801577975492,2.2716388046214417,0.009803592412288065,-6511.44458095238,0.29966708114395735,1.5555555555555558,-0.6732561413690903,-0.07902242757597114,1.264453464607856,0.7076571428571429,1.4031756989989645,1.6467761313576292,-0.6732561413690903,-0.07902242757597114,1.264453464607856,Drug Manufacturers—Specialty & Generic,Healthcare,KMDA
2014Q3,2014,Q3,2014-10-06,2014-09-30,-2897000.0,17150000.0,-2497000.0,-0.09,4375000.0,0.2551020408,126236000.0,78594000.0,104313000.0,31451000.0,47642000.0,25549000.0,-94629000.0,143562444.94,141388444.94,2.441649974312565,3.316683094337223,0.12593079628632087,0.2022673486525689,-0.026758313313358466,2.441649974312565,-0.03686032012621829,8.370988043148689,-12.388888931653435,1.8266336481156322,0.0,0.5000195702375827,0.0,0.13585664945023607,2.504340084576007,-0.022949079501885357,-23.309375700600746,0.25510204081632654,0.6086956521739131,-25.34587370236954,-0.16025951995331275,0.0,67.28787878787878,0.6535517818703659,0.6835234474017744,-25.34587370236954,-0.16025951995331275,0.0,Drug Manufacturers—Specialty & Generic,Healthcare,KMDA
2014Q2,2014,Q2,2014-08-14,2014-06-30,-8362000.0,15797000.0,-7890000.0,-0.23,-66000.0,-0.0041780085,130899000.0,80645000.0,109071000.0,34514000.0,50254000.0,23871000.0,-91732000.0,259218366.2078,250972366.2078,2.2181714741580616,3.160195862548531,0.1286258871343555,0.20877921755843512,-0.08104463149436052,2.2181714741580616,-0.10368900737801476,16.409341407089954,-7.749891359955752,3.2143141696050592,0.0,0.6645301830673201,0.0,0.12068083025844353,2.468563481485774,-0.0638813130734383,-55.721918789294925,-0.004178008482623283,-1.5555555555555558,-0.8765373218207553,-0.11966796568303785,0.0,-1.020232985898222,-1.678411274823831,-1.9146656815663097,-0.8765373218207553,-0.11966796568303785,0.0,Drug Manufacturers—Specialty & Generic,Healthcare,KMDA
2014Q1,2014,Q1,2014-04-03,2014-03-31,-3122000.0,13187000.0,-2707000.0,-0.09,3262000.0,0.247364829,138261000.0,87911000.0,116615000.0,34180000.0,50350000.0,28614000.0,-83370000.0,502985421.6111,486035421.6111,2.534269690793499,3.4117905207723815,0.1183558631862926,0.18614280351719353,-0.026152871487999045,2.534269690793499,-0.03551318947571976,38.14252078646394,-40.27750012901185,5.7215299747597,0.0,0.3468581813098483,0.0,0.09537758297712298,2.574634289057929,-0.022580481842312726,-232.75586377191115,0.24736482899825585,-3.25,-0.2857143005500654,-0.12261674110786108,1.7593573551593693,-0.6320360970107163,-3.012894906511928,-2.131216046803176,-0.2857143005500654,-0.12261674110786108,1.7593573551593693,Drug Manufacturers—Specialty & Generic,Healthcare,KMDA
2013Q4,2013,Q4,2013-12-31,2013-12-31,1551000.0,24432000.0,2393000.0,0.04,8865000.0,0.3628438114,139379000.0,89970000.0,117686000.0,32578000.0,49409000.0,23288000.0,-80248000.0,533289694.80999994,490395694.80999994,2.508681328403785,3.612437841488121,0.11634464302369797,0.1802378570634656,0.022405912556921165,2.508681328403785,0.017239079693231078,21.827508792157822,85.95900947936815,5.927416859064132,0.0,0.6684558570937822,0.0,0.17529183018962685,2.8553625145803916,0.011127931754424985,186.9224307080266,0.36284381139489197,29.76923076923077,-0.564651339809824,-0.09441504412630339,1.5419913999287465,0.4962025316455696,40.91891891891892,1.4979123173277662,-0.564651339809824,-0.09441504412630339,1.5419913999287465,Drug Manufacturers—Specialty & Generic,Healthcare,KMDA
2013Q3,2013,Q3,2013-10-23,2013-09-30,37000.0,17480000.0,958000.0,0.0013,5925000.0,0.3389588101,139328000.0,81623000.0,118035000.0,26697000.0,57705000.0,22279000.0,-81799000.0,550182951.0,505261951.0,2.2698484162952552,4.421283290257333,0.18884215663757464,0.3223478676353479,0.02052527470491226,2.2698484162952552,0.0004533036031510726,31.474997196796338,3717.4523716216218,6.740538218394326,0.0,0.5186498496341847,0.0,0.12545934772622874,3.586770049069184,0.0002655604042259991,-87.74847703349282,0.33895881006864986,-0.9566666666666667,-0.7216643194083547,-0.23385198159810497,0.0,-0.20159008219916452,-0.9584269662921349,-0.4186893203883495,-0.7216643194083547,-0.23385198159810497,0.0,Drug Manufacturers—Specialty & Generic,Healthcare,KMDA
2013Q2,2013,Q2,2013-07-10,2013-06-30,890000.0,16115000.0,1648000.0,0.03,7421000.0,0.4605026373,140547000.0,80989000.0,120196000.0,28709000.0,59558000.0,23901000.0,-81836000.0,350956670.61,303017670.61,2.7299662614610534,4.186701034518792,0.1811778266345066,0.3144130684413933,0.015275054606508106,2.7299662614610534,0.010989146674239711,21.7782606645982,98.58333444101123,4.333386887231599,0.0,0.3637504706916029,0.0,0.11465915316584488,3.354174649064753,0.006332401260788206,-66.14336046174142,0.4605026372944462,1.4285714285714286,1.244765736634889,0.10056518632225722,0.0,0.769010727056019,1.4373464373464373,2.263803680981595,1.244765736634889,0.10056518632225722,0.0,Drug Manufacturers—Specialty & Generic,Healthcare,KMDA
2013Q1,2013,Q1,2013-06-25,2013-03-31,-2035000.0,12596000.0,-1304000.0,-0.07,4195000.0,0.3330422356,88600000.0,26700000.0,68800000.0,31100000.0,61800000.0,23700000.0,-74200000.0,293621432.9,296021432.9,0.9184275048880466,2.212218649517685,0.2200902934537246,0.7303370786516854,-0.02856195685633776,0.9184275048880466,-0.07621722846441947,23.310688543982216,-36.0714291031941,10.997057411985018,0.0,0.35447257383966246,0.0,0.14216704288939053,1.4469453376205788,-0.022968397291196388,-379.3558564599483,0.33304223563035884,-1.7049345417925479,0.0,0.0,0.0,-0.48107372587827807,-1.712036389083275,-1.3645512999720437,0.0,0.0,0.0,Drug Manufacturers—Specialty & Generic,Healthcare,KMDA
2012Q4,2012,Q4,2012-12-31,2012-12-31,2858000.0,21643000.0,3577000.0,0.0993,8084000.0,0.3735156864,89114000.0,28393000.0,69830000.0,29179000.0,60721000.0,20722000.0,-80691000.0,290577000.0,297828000.0,0.9868960722975322,2.3931594639980807,0.27063087730322954,0.8493994998767301,0.07000646646576317,0.9868960722975322,0.10065861303842497,13.425911380122903,25.417862141357592,10.234106998203782,0.0,0.6543287327478042,0.0,0.24286868505509795,1.6468007813838719,0.032071279484704986,-164.6328611898017,0.3735156863651065,25.83783783783784,0.0,0.0,0.0,0.41675429372590256,26.74757281553398,1.6166788588149232,0.0,0.0,0.0,Drug Manufacturers—Specialty & Generic,Healthcare,KMDA
2012Q3,2012,Q3,2012-09-30,2012-09-30,103000.0,17678000.0,1367000.0,0.0037,5706000.0,0.3227740695,,,,,,,,281411250.0,,,0.0,0.0,0.0,0.0,,0.0,15.918726665912434,683.0370145631067,0.0,0.0,0.0,0.0,0.0,0.0,0.0,-253.06767086330936,0.3227740694648716,1.0308333333333333,0.0,0.0,0.0,0.7396341463414634,1.0301610541727673,2.3106423777564715,0.0,0.0,0.0,Drug Manufacturers—Specialty & Generic,Healthcare,KMDA
2012Q2,2012,Q2,2012-06-30,2012-06-30,-3415000.0,13752000.0,-1043000.0,-0.12,3280000.0,0.2385107621,,,,,,,,281411250.0,,,0.0,0.0,0.0,0.0,,0.0,20.463296247818498,-20.601116398243047,0.0,0.0,0.0,0.0,0.0,0.0,0.0,-122.779777486911,0.2385107620709715,0.0,0.0,0.0,0.0,0.0,0.0,0.0,0.0,0.0,0.0,Drug Manufacturers—Specialty & Generic,Healthcare,KMDA
