Quarters,Year,Quarter,FillingDate,Date,NetIncome,Revenue,OperatingIncome,EPSDiluted,GrossProfit,GrossProfitRatio,TotalAssets,CommonStockEquity,CurrentAssets,CurrentLiability,TotalLiability,Inventory,RetainedEarnings,MarketCap,EnterpriseValue,bookValuePerShare,currentRatio,debtToAssets,debtToEquity,roic,shareholdersEquityPerShare,roe,priceToSalesRatio,peRatio,pbRatio,payoutRatio,inventoryTurnover,dividendYield,assetTurnover,quickRatio,returnOnAssets,priceToFreeCashFlowsRatio,grossProfitMargin,epsdilutedGrowth,fiveYNetIncomeGrowthPerShare,fiveYRevenueGrowthPerShare,fiveYShareholdersEquityGrowthPerShare,grossProfitGrowth,netIncomeGrowth,operatingIncomeGrowth,threeYNetIncomeGrowthPerShare,threeYRevenueGrowthPerShare,threeYShareholdersEquityGrowthPerShare,Industry,Sector,Symbol
2023Q1,2023,Q1,2023-04-27,2023-03-31,233000000.0,2144000000.0,412000000.0,0.06,1030000000.0,0.4804104478,10023000000.0,-3259000000.0,980000000.0,2796000000.0,13282000000.0,0.0,-3254000000.0,15439330000.0,25257330000.0,-0.8380046284391874,0.35050071530758226,0.9848348797765141,-3.028843203436637,0.04471668933648847,-0.8380046284391874,-0.0714943234120896,7.201180037313433,16.565804721030045,-4.737444001227371,0.4034334763948498,0.0,0.006088347097963447,0.2139080115733812,0.22889842632331903,0.023246532974159434,106.47813793103448,0.480410447761194,-0.3333333333333333,-0.07031464838951677,0.8006528153799765,-1.4057904309937215,-0.09965034965034965,-0.36164383561643837,-0.2669039145907473,-0.09926659335818104,0.24409326009889182,-3.9416471061239906,Entertainment,Communication Services,SIRI
2022Q4,2022,Q4,2023-02-02,2022-12-31,365000000.0,2283000000.0,562000000.0,0.09,1144000000.0,0.5010950504,10022000000.0,-3351000000.0,1038000000.0,2981000000.0,13373000000.0,0.0,-3351000000.0,22723440000.0,32488440000.0,-0.8612181958365459,0.34820530023482055,0.9800439034124925,-2.931065353625783,0.06663418278679205,-0.8612181958365459,-0.10892270963891376,9.953324572930354,15.563999999999998,-6.781092211280215,0.25753424657534246,0.0,0.004136697612685403,0.22779884254639793,0.2388460248238846,0.036419876272201154,42.95546313799622,0.5010950503723172,0.5,12.38819573845724,0.8770990313715717,-1.5382956061254547,-0.007805724197745013,0.4777327935222672,0.20342612419700215,0.7058834727814426,0.257419008425771,-4.170819575274044,Entertainment,Communication Services,SIRI
2022Q3,2022,Q3,2022-11-01,2022-09-30,247000000.0,2280000000.0,467000000.0,0.06,1153000000.0,0.5057017544,10059000000.0,-3616000000.0,1032000000.0,2751000000.0,13675000000.0,303000000.0,-3609000000.0,22269000000.0,32389000000.0,-0.9271794871794872,0.3751363140676118,1.0099413460582563,-2.80945796460177,0.04670518106057109,-0.9271794871794872,-0.06830752212389381,9.767105263157895,22.539473684210524,-6.158462389380531,0.3481781376518219,3.7194719471947195,0.0038618707620458933,0.22666269012824336,0.2533624136677572,0.02455512476389303,67.68693009118542,0.5057017543859649,-0.14285714285714296,0.06083896098243895,0.9570722041926657,-3.077756400428296,0.033154121863799284,-0.1541095890410959,-0.05846774193548387,0.14566395663956652,0.2936541330375244,-4.515974221856575,Entertainment,Communication Services,SIRI
2022Q2,2022,Q2,2022-07-28,2022-06-30,292000000.0,2253000000.0,496000000.0,0.07,1116000000.0,0.4953395473,10270000000.0,-3579000000.0,1133000000.0,2884000000.0,13849000000.0,328000000.0,-3586000000.0,24078640000.0,34200640000.0,-0.9111507128309573,0.39285714285714285,0.9978578383641675,-2.8633696563285835,0.05293977457317599,-0.9111507128309573,-0.08158703548477228,10.687367953839326,20.61527397260274,-6.727756356524169,0.2945205479452055,3.466463414634146,0.0035716302914118076,0.21937682570593964,0.2725381414701803,0.02843232716650438,55.48073732718894,0.49533954727030627,-0.0885416666666665,0.711217422060341,0.9802415783102425,-3.069407660909943,0.008130081300813009,-0.05501618122977346,-0.027450980392156862,0.2911649229863783,0.3252845606346715,-7.51152649532068,Entertainment,Communication Services,SIRI
2022Q1,2022,Q1,2022-04-28,2022-03-31,309000000.0,2186000000.0,510000000.0,0.0768,1107000000.0,0.5064043916,10163000000.0,-3587000000.0,1056000000.0,2821000000.0,13750000000.0,317000000.0,-3612000000.0,26135760000.0,36287760000.0,-0.9085612968591692,0.3743353420772776,1.006395749286628,-2.851407861722888,0.05475424519992648,-0.9085612968591692,-0.08614441037078338,11.955974382433668,21.145436893203883,-7.286244772790633,3.472491909385113,3.4037854889589907,0.04105486123227333,0.215093968316442,0.25735554767812835,0.03040440814720063,101.3013953488372,0.5064043915827996,-0.02290076335877875,0.7803693797425478,1.0154352177371095,-3.646330298897183,-0.0398959236773634,-0.03134796238244514,0.07142857142857142,1.2083990018387185,0.4512350348103324,-27.967751220410793,Entertainment,Communication Services,SIRI
2021Q4,2021,Q4,2022-02-01,2021-12-31,319000000.0,2281000000.0,476000000.0,0.0786,1153000000.0,0.5054800526,10274000000.0,-2625000000.0,1180000000.0,2980000000.0,12899000000.0,0.0,-2636000000.0,25342850000.0,34394850000.0,-0.6577298922575796,0.3959731543624161,0.8996496009343975,-3.5211428571428574,0.05776070564802959,-0.6577298922575796,-0.12152380952380952,11.110412099956159,19.861167711598743,-9.654419047619045,0.27586206896551724,0.0,0.003472379783647064,0.2220167412886899,0.3063758389261745,0.031049250535331904,52.46966873706004,0.505480052608505,-0.01749999999999998,0.8732317290743986,1.1035134613595188,-2.9825355425685527,0.020353982300884955,-0.06997084548104957,-0.24203821656050956,0.40126069269993214,0.6815599014413669,-0.5932546889937746,Entertainment,Communication Services,SIRI
2021Q3,2021,Q3,2021-10-28,2021-09-30,343000000.0,2198000000.0,628000000.0,0.08,1130000000.0,0.5141037306642402,10094000000.0,-2555000000.0,1036000000.0,2832000000.0,12649000000.0,4000000.0,-2563000000.0,24668400000.0,33749400000.0,-0.6318001978239367,0.365819209039548,0.9158906280958986,-3.6183953033268104,0.06998717250575417,-0.6318001978239367,-0.13424657534246576,11.223111919927206,17.979883381924196,-9.65495107632094,0.17201166180758018,267.0,0.0023917238248123106,0.217753120665742,0.288135593220339,0.03398058252427184,67.95702479338843,0.5141037306642402,-0.20000000000000004,1.13037934926473,1.071858163569741,-5.074944620006871,0.03860294117647059,-0.20785219399538107,-0.04559270516717325,0.10608952452340281,0.6570486362530303,-1.0550426019052621,Entertainment,Communication Services,SIRI
2021Q2,2021,Q2,2021-07-27,2021-06-30,433000000.0,2159000000.0,658000000.0,0.1,1088000000.0,0.5039370078740157,11201000000.0,-2515000000.0,2129000000.0,3937000000.0,13716000000.0,5000000.0,-2539000000.0,26676660000.0,35824660000.0,-0.6165726893846531,0.5407670815341631,0.9170609766985091,-4.084294234592445,0.062076012689116646,-0.6165726893846531,-0.17216699801192842,12.356025937934229,15.402228637413396,-10.607021868787276,0.13856812933025403,214.2,0.002249157128366145,0.19275064726363716,0.45161290322580644,0.03865726274439782,48.503018181818184,0.5039370078740157,1.0,2.03021631479831,1.1157102310679048,-2.9286116451625013,0.05324298160696999,0.9771689497716894,1.5905511811023623,0.6273958011545401,0.6562668806659838,-1.0162703592479603,Entertainment,Communication Services,SIRI
2021Q1,2021,Q1,2021-04-28,2021-03-31,219000000.0,2058000000.0,254000000.0,0.05,1033000000.0,0.5019436345966958,9988000000.0,-2603000000.0,905000000.0,2850000000.0,12591000000.0,8000000.0,-2614000000.0,25194330000.0,34468330000.0,-0.6291999033115785,0.3175438596491228,0.93442130556668,-3.5854782942758354,0.04931872668208191,-0.6291999033115785,-0.08413369189396849,12.242142857142857,28.760650684931505,-9.678958893584324,0.2785388127853881,128.125,0.002421179686064285,0.20604725670804966,0.23508771929824562,0.021926311573888666,117.7305140186916,0.5019436345966958,1.3125,0.5649813533493419,1.0980702578713677,-4.651444514069307,-0.07437275985663082,1.3234859675036927,1.5049701789264414,-0.17855856776801826,0.6248115442061125,-0.8063421790265429,Entertainment,Communication Services,SIRI
2020Q4,2020,Q4,2021-02-02,2020-12-31,-677000000.0,2189000000.0,-503000000.0,-0.16,1116000000.0,0.5098218364550022,10333000000.0,-2285000000.0,967000000.0,3167000000.0,12618000000.0,10000000.0,-2285000000.0,26881400000.0,35777400000.0,-0.5414691943127962,0.3053362803915377,0.8678021871673279,-3.924288840262582,-0.07885217431575048,-0.5414691943127962,0.2962800875273523,12.280219278209229,-9.926661742983752,-11.764288840262584,-0.0915805022156573,107.3,0.002306427492615712,0.21184554340462597,0.23460688348594885,-0.06551824252395239,60.003125,0.5098218364550022,-3.666666666666667,-7.1910812641689805,1.2531542708694527,-15.89759130056729,0.09411764705882353,-3.488970588235294,-2.0523012552301254,-18.47598839941195,0.6594944928520922,-0.5958892687368569,Entertainment,Communication Services,SIRI
2020Q3,2020,Q3,2020-10-22,2020-09-30,272000000.0,2025000000.0,478000000.0,0.06,1020000000.0,0.5037037037037037,10702000000.0,-911000000.0,829000000.0,3014000000.0,11613000000.0,10000000.0,-891000000.0,23187360000.0,31464360000.0,-0.21058714748035137,0.27504976775049766,0.7764903756307232,-9.1218441273326,0.048073453112705805,-0.21058714748035137,-0.29857299670691545,11.450548148148147,21.311911764705883,-25.45264544456641,0.21323529411764705,100.5,0.0025013628114627967,0.1892169687908802,0.20404777704047777,0.02541581012894786,64.05348066298343,0.5037037037037037,0.1999999999999999,1.0000141347209344,1.1200928441491542,-19.31573348699703,0.0625,0.11934156378600823,0.15180722891566265,0.0531724848062756,0.567022099404212,0.07383295213076131,Entertainment,Communication Services,SIRI
2020Q2,2020,Q2,2020-07-30,2020-06-30,243000000.0,1874000000.0,415000000.0,0.05,960000000.0,0.512273212379936,12465000000.0,-668000000.0,2495000000.0,4552000000.0,13133000000.0,12000000.0,-607000000.0,25646030000.0,33685030000.0,-0.15289539940489816,0.5481107205623902,0.7869233854793422,-14.684131736526947,0.03307923764075774,-0.15289539940489816,-0.36377245508982037,13.685181430096051,26.384804526748972,-38.392260479041916,0.23868312757201646,76.16666666666667,0.002261558611605773,0.15034095467308464,0.49802284710017575,0.019494584837545126,50.88498015873016,0.512273212379936,-0.28571428571428575,1.9438085550583313,1.0787965533396113,-2.860869346172528,-0.04287138584247258,-0.17064846416382254,-0.11324786324786325,0.2803185850389604,0.48086682575216283,0.31713414598226664,Entertainment,Communication Services,SIRI
2020Q1,2020,Q1,2020-04-28,2020-03-31,293000000.0,1952000000.0,468000000.0,0.07,1003000000.0,0.5138319672131147,10935000000.0,-747000000.0,883000000.0,3102000000.0,11682000000.0,12000000.0,-850000000.0,21760700000.0,30060700000.0,-0.1695800227014756,0.2846550612508059,0.7626886145404664,-11.164658634538153,0.045469964734614295,-0.1695800227014756,-0.392235609103079,11.147899590163934,18.567150170648464,-29.130789825970552,0.20136518771331058,79.08333333333333,0.002711309838378361,0.17850937357110197,0.2076079948420374,0.0267946959304984,61.47090395480226,0.5138319672131147,0.4000000000000001,2.5058481752152177,1.2836299869274204,-2.063624152257993,-0.02810077519379845,0.205761316872428,0.17293233082706766,0.5130402750540969,0.6129827769689236,0.132777501870994,Entertainment,Communication Services,SIRI
2019Q4,2019,Q4,2020-02-04,2019-12-31,243000000.0,2062000000.0,399000000.0,0.05,1032000000.0,0.5004849660523764,11149000000.0,-736000000.0,1003000000.0,3293000000.0,11885000000.0,11000000.0,-1143000000.0,31595850000.0,39835850000.0,-0.16655351889567777,0.30458548436076527,0.7485873172481837,-11.339673913043478,0.039974223743840416,-0.16655351889567777,-0.33016304347826086,15.322914645974782,32.50601851851852,-42.92914402173913,0.24279835390946503,93.63636363636364,0.0018673338428939242,0.18494932280922055,0.23565138171879746,0.02179567674230873,77.44080882352941,0.5004849660523764,0.0,1.1428996201124582,1.3855304742187875,-1.7091898494048008,0.0029154518950437317,-0.012195121951219513,-0.16176470588235295,0.2887385569075328,0.7173799863743892,-0.008476757024351099,Entertainment,Communication Services,SIRI
2019Q3,2019,Q3,2019-10-31,2019-09-30,246000000.0,2011000000.0,476000000.0,0.05,1029000000.0,0.511685728493287,11088000000.0,-748000000.0,936000000.0,3251000000.0,11836000000.0,14000000.0,-1386000000.0,27834750000.0,36115750000.0,-0.16808988764044944,0.28791141187326974,0.753968253968254,-11.176470588235293,0.04594061021885897,-0.16808988764044944,-0.32887700534759357,13.841248135256091,28.28734756097561,-37.212232620320854,0.21951219512195122,70.14285714285714,0.0019400210168943497,0.18136724386724387,0.21870193786527223,0.022186147186147188,59.85967741935484,0.511685728493287,-0.1666666666666666,1.2840173972884192,1.4051771908306467,-1.805926989919512,0.03834510595358224,-0.06463878326996197,0.08428246013667426,0.38851017509282637,0.7226440140168594,-0.6162336797549834,Entertainment,Communication Services,SIRI
2019Q2,2019,Q2,2019-07-30,2019-06-30,263000000.0,1977000000.0,439000000.0,0.06,991000000.0,0.5012645422357107,11316000000.0,-489000000.0,1082000000.0,3264000000.0,11805000000.0,17000000.0,-1632000000.0,26083280000.0,34179280000.0,-0.10704903677758319,0.3314950980392157,0.734446800989749,-16.995910020449898,0.04109824073174283,-0.10704903677758319,-0.5378323108384458,13.193363682346991,24.79399239543726,-53.3400408997955,0.21292775665399238,58.0,0.002146969246199098,0.1747083775185578,0.25827205882352944,0.023241428066454576,54.912168421052634,0.5012645422357107,1.0,1.814880495822555,1.4516917721758424,-1.4225389825684842,0.11599099099099099,0.6234567901234568,0.3183183183183183,0.643497676142695,0.7299670177037462,0.31791644403264085,Entertainment,Communication Services,SIRI
2019Q1,2019,Q1,2019-04-24,2019-03-31,162000000.0,1744000000.0,333000000.0,0.03,888000000.0,0.5091743119266054,11225000000.0,154000000.0,907000000.0,3206000000.0,11071000000.0,20000000.0,-1895000000.0,26466090000.0,34032090000.0,0.033690658499234305,0.28290704928259514,0.679554565701559,49.532467532467535,0.026990881458966567,0.033690658499234305,1.051948051948052,15.175510321100917,40.842731481481486,171.85772727272726,0.35185185185185186,42.8,0.002153699318637547,0.1553674832962138,0.20399251403618215,0.014432071269487751,86.49049019607843,0.5091743119266054,-0.5,1.2982099671218563,1.33071310248849,-0.9246582861494397,-0.03829179829686676,-0.354715357774485,-0.2747831427370512,0.047742031735318304,0.6091459519784224,1.3026079408925053,Entertainment,Communication Services,SIRI
2018Q4,2018,Q4,2019-01-30,2018-12-31,251052000.0,1495908000.0,459173000.0,0.06,923357000.0,0.6172552055340301,8172736000.0,-1816921000.0,478233000.0,2802678000.0,9989657000.0,22198000.0,-2057309000.0,25131000460.0,31964552460.0,-0.4128215638097203,0.17063430047975545,0.8428001344959631,-3.7910195324948086,0.06818515652242346,-0.4128215638097203,-0.13817441704950298,16.79983024357113,25.025692346605485,-13.831641805009683,0.2128403677325813,25.792909271105504,0.0021262185755417393,0.18303637851510193,0.10255084601227826,0.030718231936037087,60.256940085934055,0.6172552055340301,-0.14285714285714296,4.349090589346266,1.0778533409201065,-1.9192215502909766,0.022942498072338276,-0.2681723840395513,-0.04845852407073154,1.201305418156975,0.4763483148444507,-11.882893687370132,Entertainment,Communication Services,SIRI
2018Q3,2018,Q3,2018-10-24,2018-09-30,343048000.0,1467383000.0,482557000.0,0.07,902648000.0,0.6151413775408329,8273507000.0,-1375375000.0,494448000.0,2814375000.0,9648882000.0,19514000.0,-2308361000.0,28184007600.0,34704526600.0,-0.3074389782665259,0.17568660892738175,0.7936855555932931,-4.774380078160502,0.08993548736589257,-0.3074389782665259,-0.24942143051894938,19.206987950657737,20.539405272731514,-20.49187138053258,0.14375830787528276,28.93999180075843,0.0017497866414143317,0.17735925043636272,0.10368625360870531,0.041463432616905986,97.92642178118746,0.6151413775408329,0.16666666666666682,6.539944125961041,1.1096605504091757,-1.670720186074525,0.13450581990897792,0.1734073992994746,0.33440534030921365,1.4391773014139178,0.48558550487410623,-27.73938299092898,Entertainment,Communication Services,SIRI
2018Q2,2018,Q2,2018-07-25,2018-06-30,292352000.0,1432299000.0,361627000.0,0.06,795631000.0,0.5554922540614774,8299154000.0,-1370568000.0,481338000.0,2943491000.0,9669722000.0,18967000.0,-2647277000.0,30342666099.999996,36727099100.0,-0.3057986180060822,0.1635262346648928,0.7769405170695712,-4.704581604123254,0.057373833497499055,-0.3057986180060822,-0.2133071835910367,21.18458932108449,25.947031403924033,-22.138752765276877,0.16858786668126094,33.56714293246164,0.0016243463853033008,0.1725837356434162,0.1055427042243377,0.03522672310936753,62.36289404994347,0.5554922540614774,0.0,2.302326130044584,1.1601741193594872,-1.5999900263140763,-0.053327384139449104,0.010057317380744262,-0.14628261695833952,2.4524415452209958,0.5487918891963819,-4.721833858731598,Entertainment,Communication Services,SIRI
2018Q1,2018,Q1,2018-04-25,2018-03-31,289441000.0,1375102000.0,423591000.0,0.06,840450000.0,0.6111910243749191,8299288000.0,-1564468000.0,500625000.0,2767796000.0,9863756000.0,17353000.0,-2939629000.0,28026098880.0,34759918880.0,-0.34832819086949574,0.18087496332822217,0.8208365585095975,-4.35442527427854,0.063195225057062,-0.34832819086949574,-0.18500921719076388,20.381105459813163,24.20709132431135,-17.914140065504697,0.1706634512733165,30.810349795424422,0.0017625357068603905,0.1656891530936148,0.11681424498048266,0.0348754013597311,84.08847134503274,0.6111910243749191,8.284077197534868,2.2637520492773495,1.1356615170579198,-1.5834208110410584,0.010772189302856429,8.82357552167802,0.06777059081536453,2.3966702439275043,0.5777881505139578,-3.184751899540252,Entertainment,Communication Services,SIRI
2017Q4,2017,Q4,2018-01-31,2017-12-31,-36996000.0,1403898000.0,396706000.0,-0.008237144990762267,831493000.0,0.5922745099715222,8329374000.0,-1523874000.0,470901000.0,2821538000.0,9853248000.0,20199000.0,-3243473000.0,24073700320.0,30751026320.0,-0.33928995258008593,0.16689514725656715,0.8099465818199543,-4.427103553180906,-0.011861761715905854,-0.33928995258008593,0.02427759775414503,17.147755976573798,-162.67772407827874,-15.79769739492898,-1.3619850794680506,28.338284073468984,0.002093072495304702,0.16854784044995458,0.11013461452583662,-0.004441630307391648,52.269135596605956,0.5922745099715222,-1.1372857498460378,-1.2751335062287104,0.8279467251882796,-1.4383381788270944,-0.03379031620828937,-1.1341786291989757,-0.08585715437880935,-1.3209935208116372,0.5980037884681395,-2.4447067343293307,Entertainment,Communication Services,SIRI
2017Q3,2017,Q3,2017-10-25,2017-09-30,275722000.0,1379596000.0,433965000.0,0.06,860572000.0,0.6237855140200464,8652416000.0,-1050101000.0,496562000.0,2682844000.0,9702517000.0,22469000.0,-3206477000.0,25493391359.999996,32152407359.999996,-0.22737490819267758,0.1850879141686956,0.7781143440167463,-6.411353765018793,0.054746186770889334,-0.22737490819267758,-0.26256712449564373,18.478881759587587,23.115122623512086,-24.27708511847908,0.16761810809438493,23.099559392941387,0.001812861982439672,0.15944633267748567,0.11128265378083854,0.03186647521339704,58.73674362022726,0.6237855140200464,0.4999999999999999,2.2321688116059404,0.3893543630643356,-1.2206976653745478,0.03170875278586012,0.36422425522861424,0.04230064392474655,1.4666481008462624,0.5898582622245129,-2.0901760832568557,Entertainment,Communication Services,SIRI
2017Q2,2017,Q2,2017-07-27,2017-06-30,202109000.0,1347569000.0,416353000.0,0.04,834123000.0,0.6189835177271071,8347704000.0,-1041690000.0,495237000.0,2644126000.0,9389394000.0,19581000.0,-3482199000.0,25448770220.0,31864949220.0,-0.22390254030907747,0.18729705014057574,0.7737357481769838,-6.200421430559955,0.04829749085431879,-0.22390254030907747,-0.19402029394541562,18.88494779859139,31.47901654552741,-24.43027217310332,0.2300788188551722,26.221643429855472,0.0018272395718145632,0.1614298973705824,0.10479455215069176,0.02421132804900605,61.0195924797211,0.6189835177271071,0.0,-0.9478067066623042,0.302253387192553,-1.2100666386998358,0.04663226088167647,-0.02397222235636708,0.05716280723136299,1.1239118488103077,0.6408044799626226,-1.8837777006183027,Entertainment,Communication Services,SIRI
2017Q1,2017,Q1,2017-04-27,2017-03-31,207073000.0,1294066000.0,393840000.0,0.04,796959000.0,0.6158565328198098,7931806000.0,-921078000.0,675732000.0,2576683000.0,8852884000.0,16972000.0,-3684308000.0,24258251000.0,30015613000.0,-0.19554384609178954,0.2622487904022342,0.7549163456594878,-6.500915231934755,0.05013542179202935,-0.19554384609178954,-0.22481592221288535,18.745760262614116,29.287076296764912,-26.336804266305354,0.22763469887431004,29.289830308743813,0.001943132668550589,0.16314897262994077,0.18040092630719418,0.02610666473688338,94.77360134396,0.6158565328198098,0.0,0.5367524265981922,0.2861895783073152,-1.86713571563279,0.06024412146206805,0.011953456777453611,0.19504794271149412,1.8507368499797665,0.6782541461295326,-1.4372906067662778,Entertainment,Communication Services,SIRI
2016Q4,2016,Q4,2017-02-02,2016-12-31,204627000.0,1302998000.0,329560000.0,0.04,751675000.0,0.5768811617515913,8003595000.0,-792015000.0,642649000.0,2668601000.0,8795610000.0,20363000.0,-3891381000.0,21340544600.0,26974854600.0,-0.16515355236060844,0.24081869114191293,0.7307027654447783,-7.384012929048061,0.05947652162280512,-0.16515355236060844,-0.2583625310126702,16.378033274034188,26.07249361032513,-26.944621755901093,0.0,27.074743407160046,0.0,0.16280159103502864,0.1637442240334917,0.025566885880657378,49.68116540565708,0.5768811617515913,0.0,1.2534571209406964,0.30609283771454887,-1.883634187228636,-0.04729102000413188,0.055316888515273256,-0.15966943666030053,3.001357796905191,0.6610470640435097,-1.3677441242070258,Entertainment,Communication Services,SIRI
2016Q3,2016,Q3,2016-10-27,2016-09-30,193901000.0,1277646000.0,392179000.0,0.04,788987000.0,0.6175317732767919,8422827000.0,-506514000.0,1041369000.0,2901968000.0,8929341000.0,28030000.0,-4096008000.0,20309071770.0,25838779770.0,-0.10400098064156874,0.3588492361046021,0.7244705370299069,-12.047228704438574,0.044490727042209834,-0.10400098064156874,-0.38281469021586767,15.895695497813948,26.18484660986792,-40.09577577322641,0.0,17.433428469496967,0.0,0.1516885007848315,0.27767397848632375,0.023020893103942418,56.92929840052475,0.6175317732767919,0.3333333333333334,0.4320186824584815,0.28918737950654216,-1.6336970641834345,0.053037107823967734,0.12071785683322256,0.08290073890809485,2.914726837779221,0.6872825560554686,-1.2268923657018316,Entertainment,Communication Services,SIRI
2016Q2,2016,Q2,2016-07-26,2016-06-30,173015000.0,1235566000.0,362156000.0,0.03,749249000.0,0.6064014386928743,8139845000.0,-775119000.0,933377000.0,2538828000.0,8914964000.0,26276000.0,-4586856000.0,19508339000.0,25134305000.0,-0.1569441688500492,0.3676408957203875,0.7496971993938459,-7.872880164207045,0.04181587166994083,-0.1569441688500492,-0.22321088761854632,15.788989823287466,28.188797214114384,-25.16818578824671,0.0,18.50803014157406,0.0,0.15179232528383527,0.2764397588178482,0.021255318743784432,49.37557485301227,0.6064014386928743,0.0,-0.24317804673634033,0.2583964183792099,-2.188121214930325,0.020800237608006734,0.009781777645486434,0.039978864786321844,0.7735340054213857,0.6910750809958598,-1.3079312019530087,Entertainment,Communication Services,SIRI
2016Q1,2016,Q1,2016-04-28,2016-03-31,171339000.0,1201010000.0,348234000.0,0.03,733982000.0,0.611137292778578,7928242000.0,-563944000.0,562153000.0,2504458000.0,8492186000.0,21755000.0,-4759871000.0,20008010050.0,25620878050.0,-0.11133435031436323,0.22446094124956378,0.7208180577737158,-10.1336657540465,0.0412697408580325,-0.11133435031436323,-0.3038227199863816,16.65932011390413,29.193601646443604,-35.478717833685614,0.0,21.467616639852906,0.0,0.15148503287361814,0.13181374972149662,0.021611222260874478,60.26236781470717,0.611137292778578,0.0,0.6172905623659715,0.22350081466773355,-2.392540970631457,0.01151975612680414,0.2726374662972674,0.1849973967992541,0.7131074131143281,0.6539233967088606,-1.186475796848355,Entertainment,Communication Services,SIRI
2015Q4,2015,Q4,2016-02-02,2015-12-31,134633000.0,1196146000.0,293869000.0,0.03,725623000.0,0.6066341399795677,8046662000.0,-166491000.0,561889000.0,2496487000.0,8213153000.0,22295000.0,-4931210000.0,21146389110.0,26482929110.0,-0.03204416444221952,0.22507187099311954,0.6770979071818849,-32.72475989693137,0.034051244955002245,-0.03204416444221952,-0.808650317434576,17.678769238872178,39.26672715827472,-127.01220552462296,0.0,21.104418030948644,0.0,0.1486512046858685,0.13884310232739044,0.016731534144220298,70.68871966384532,0.6066341399795677,0.0,2.1883846606561868,0.16850503744461318,-1.5764381523341524,-0.00450127863202836,-0.1916361453017112,-0.16415707199417492,-0.1344812405205663,0.3463203842258012,-1.0413987522378017,Entertainment,Communication Services,SIRI
2015Q3,2015,Q3,2015-10-22,2015-09-30,166550000.0,1169712000.0,351584000.0,0.03,728904000.0,0.6231482621363207,8140881000.0,60912000.0,1416122000.0,2421850000.0,8079969000.0,26743000.0,-5065843000.0,19813760780.0,25067182780.0,0.011497609289295154,0.5847273778309969,0.6640518391068485,88.75044326241135,0.03837826472959287,0.011497609289295154,2.734272392960336,16.939007875442844,29.741460192134493,325.28501411872867,0.0,16.48311707736604,0.0,0.14368371187344464,0.16092862894068585,0.020458473720473252,124.69405584679576,0.6231482621363207,0.4999999999999999,0.7149594496185432,0.13519422040701543,-0.8423680466811139,0.2194189180372298,0.619364310785715,0.6022677039042241,0.7020036006432253,0.026912098134655428,-0.9888400371540299,Entertainment,Communication Services,SIRI
2015Q2,2015,Q2,2015-07-28,2015-06-30,102849000.0,1123210000.0,219429000.0,0.02,597747000.0,0.532177420072827,8408071000.0,447264000.0,1630366000.0,2591276000.0,7960807000.0,24599000.0,-5232393000.0,20304590700.0,25126947700.0,0.08216342523959372,0.6291749701691367,0.6085117501981132,11.439351255634257,0.027357671783380295,0.08216342523959372,0.22995143807684051,18.077288040526703,49.355343027156316,45.39732842348144,0.0,21.361152892394,0.0,0.13358712123149294,0.20622195397171122,0.012232175489479098,54.74204451705786,0.532177420072827,0.0,3.55712168383585,0.08616972736406296,0.6774379940776445,-0.1139500755981145,-0.02689891382507664,-0.3007495076575974,-0.9773001395217027,-0.07231718432535483,-0.9229138064252371,Entertainment,Communication Services,SIRI
2015Q1,2015,Q1,2015-04-28,2015-03-31,105692000.0,1080990000.0,313806000.0,0.02,674620000.0,0.624076078409606,8550009000.0,888178000.0,1803744000.0,2298061000.0,7661831000.0,22937000.0,-5335242000.0,21280257360.0,25907646360.0,0.15943603982804463,0.7848982250688733,0.5975937569188524,5.752711731207032,0.0226063995951425,0.15943603982804463,0.11899866918568125,19.68589659478811,50.33554422283616,23.95945110101804,0.0,17.716789466800368,0.0,0.12643144586163593,0.30524167983356404,0.012361624414664358,75.94721361323064,0.624076078409606,-0.3333333333333333,0.6774736814548273,0.0751794277922268,2.85734238861883,0.007114983265009987,-0.261525132404522,0.06861406334601253,-0.33677438439345947,-0.09153337029088586,-0.2929837105226377,Entertainment,Communication Services,SIRI
2014Q4,2014,Q4,2015-02-05,2014-12-31,143122000.0,1090952000.0,293657000.0,0.03,669854000.0,0.6140086823251619,8375509000.0,1309837000.0,1549746000.0,2313792000.0,7065672000.0,19397000.0,-5440934000.0,19520637500.0,23874258500.0,0.23485039871264451,0.6697862210604929,0.537441366250099,3.4365688249759323,0.0317136688636563,0.23485039871264451,0.10926703093591035,17.89321390858626,34.09789812188203,14.903104355732811,0.0,21.709439604062485,0.0,0.13025500897915576,0.1591772294138799,0.017088155478073033,59.03287679103891,0.6140086823251619,0.4999999999999999,5.661961413098095,0.06394893870790874,22.075325306530218,0.024918600665883275,0.051053829771609015,-0.0012617845919436245,0.35522777214441353,-0.05972372850426276,0.2565387678349793,Entertainment,Communication Services,SIRI
2014Q3,2014,Q3,2014-10-28,2014-09-30,136170000.0,1057087000.0,294028000.0,0.02,653568000.0,0.6182726681909815,8449357000.0,1173415000.0,1259452000.0,2755816000.0,7275942000.0,24350000.0,-5584056000.0,19635012220.0,24300498220.0,0.20856714037736412,0.45701599816533467,0.5644300507127347,4.064266265558221,0.02991621019269486,0.20856714037736412,0.11604590021433167,18.574641652011614,36.04871157376809,16.73322074457886,0.0,16.571622176591376,0.0,0.12510857335061118,0.11262653239548649,0.016116019242647696,73.46535595224287,0.6182726681909815,0.0,1.5874513896237932,0.09974428715637373,97.78803747143739,0.017765042979942695,0.13511891364693526,0.033207064495498595,-0.12944073286078447,-0.07665392357805793,0.27083786832528006,Entertainment,Communication Services,SIRI
2014Q2,2014,Q2,2014-07-29,2014-06-30,119961000.0,1035345000.0,284578000.0,0.02,642160000.0,0.6202376985449295,8624534000.0,1485889000.0,1370118000.0,2768631000.0,7138645000.0,21555000.0,-5720226000.0,20293010720.0,24747324720.0,0.2533471258127833,0.49487201436377765,0.5361789981928299,3.1121396012757345,0.02701919159414064,0.2533471258127833,0.08073348682169394,19.600240229102376,42.290850192979384,13.657151186932536,0.0,18.24101136627233,0.0,0.12004648598985174,0.13445489846787095,0.0139092732430529,65.27896495596173,0.6202376985449295,0.0,1.466209375108271,0.07165017427958485,5.323350614680135,0.05761581878101443,0.27634378856875347,0.15024231327327037,-0.5581215176670828,-0.11204812786865373,0.9179246806384014,Entertainment,Communication Services,SIRI
2014Q1,2014,Q1,2014-04-25,2014-03-31,93988000.0,997711000.0,247407000.0,0.02,607177000.0,0.6085700167683828,8734175000.0,2725413000.0,1377785000.0,2799494000.0,6008762000.0,18987000.0,-5840187000.0,19503308800.0,22833825800.0,0.44717138458065125,0.4921550108698215,0.39519336399831695,1.2664825477826662,0.022048273443191917,0.44717138458065125,0.03448578252176826,19.548054296284196,51.87712473932843,7.156092966460497,0.0,20.568494232896192,0.0,0.11423070868170147,0.11235208934185964,0.010760947656762087,87.54161471167787,0.6085700167683828,1.0,2.077980422522772,-0.017243388115460927,5.4441776650000895,0.005636214875102273,0.44160007362301945,0.008359282022856584,-0.2626856014197105,-0.15528368503921938,4.59310286685364,Entertainment,Communication Services,SIRI
2013Q4,2013,Q4,2014-02-04,2013-12-31,65197000.0,1000078000.0,245356000.0,0.01,603774000.0,0.6037269093010745,8844780000.0,2745742000.0,1419013000.0,2738904000.0,6099038000.0,13863000.0,-5934175000.0,21337472610.0,24804262610.0,0.44909909224717687,0.5180951942820924,0.4072000660276457,1.3117019006155712,0.023288271094170396,0.44909909224717687,0.02374476553150296,21.33580841694348,81.81922715002224,7.771113458584238,0.0,28.58717449325543,0.0,0.11306985589240207,0.11965260556777456,0.0073712404378627845,70.37587480581676,0.6037269093010745,0.0,1.152852499892507,-0.07355363838316561,184.37834156972235,-0.03403114975721748,0.036617165389385316,-0.13767665158911746,1.4890546437122154,-0.16975832271458788,7.078783000152919,Entertainment,Communication Services,SIRI
2013Q3,2013,Q3,2013-10-24,2013-09-30,62894000.0,961509000.0,284529000.0,0.01,625045000.0,0.6500667180442409,8906312000.0,2834668000.0,1951265000.0,2653504000.0,6071644000.0,14242000.0,-5999372000.0,23963837000.0,26958248000.0,0.45837144110102235,0.7353540827524662,0.41669267818149647,1.3092168112808977,0.02203763936394952,0.45837144110102235,0.022187430767906507,24.923154125442405,95.25486135402423,8.453842566395782,0.0,23.624771801713244,0.0,0.10795815372288776,0.3393177474011722,0.007061733296565402,97.0270466149218,0.6500667180442409,-0.5,1.0052684140006,-0.1954019650141788,72.56796143879137,0.02694509936005389,-0.4989404247860933,0.0627222338422924,-0.44520939512642876,-0.2006163841256665,5.284261692004003,Entertainment,Communication Services,SIRI
2013Q2,2013,Q2,2013-07-26,2013-06-30,125522000.0,940110000.0,267736000.0,0.02,608645000.0,0.6474189190626629,8951186000.0,3238846000.0,1943963000.0,2212276000.0,5712340000.0,16688000.0,-6062266000.0,21479071900.0,24077079900.0,0.5096728355381128,0.8787163084533757,0.3630554654992087,1.003374967503858,0.025617322708777118,0.5096728355381128,0.03875516156062993,22.847402857112467,42.77949662210609,6.631705212288574,0.0,19.862476030680728,0.0,0.1050263060112928,0.3906655408276363,0.01402294623304666,90.79756467703754,0.6474189190626629,0.0,1.3530817792466123,-0.21606800542302107,1.8426326357751575,0.07318109605900473,0.0155337292276824,0.08425430585872166,3.764276939446298,-0.22124293178231852,9.40541550437856,Entertainment,Communication Services,SIRI
2013Q1,2013,Q1,2013-04-30,2013-03-31,123602000.0,897398000.0,246931000.0,0.02,567141000.0,0.6319838020588412,8643197000.0,3737381000.0,1599253000.0,2255133000.0,4905816000.0,20095000.0,-6187788000.0,19280193240.0,21461764240.0,0.5970445076306714,0.7091612778492443,0.27632113441357403,0.6390298446960585,0.024587672235759556,0.5970445076306714,0.03307182221989142,21.484551157903184,38.996523599941746,5.1587443827642945,0.0,16.434784772331426,0.0,0.10382709083224645,0.18507289813948888,0.014300495522663662,135.31764403674876,0.6319838020588412,0.0,1.2798189042120551,-0.21758693475306753,2.0494413888775354,0.006398892704091139,-0.20892188550033602,0.15877820325111686,0.7457897697929393,-0.20567686063664462,13.444695751723954,Entertainment,Communication Services,SIRI
2012Q4,2012,Q4,2013-02-06,2012-12-31,156245000.0,892415000.0,213096000.0,0.02,563535000.0,0.6314719048873002,9054843000.0,4039565000.0,1828182000.0,2314588000.0,5015278000.0,25337000.0,-6311390000.0,15082410030.0,16996685030.0,0.7740369627121191,0.78985201686002,0.26894116220457936,0.6028421377054213,0.029919440667957382,0.7740369627121191,0.03867866960922773,16.90066844461377,24.13262829210535,3.733671826050577,0.0,12.980226546157793,0.0,0.09855665084419465,0.31604415127011803,0.0172554068579654,55.967323089140066,0.6314719048873002,1.0,1.265754206851938,0.009977612326754341,2.4406902192453246,0.018763242195691632,1.0968542824167271,-0.0804879416955413,6.772395586468484,-0.0698884101139362,75.0533293184445,Entertainment,Communication Services,SIRI
2012Q3,2012,Q3,2012-11-01,2012-09-30,74514000.0,867360000.0,231749000.0,0.01,553156000.0,0.637746725696366,9155042000.0,4156175000.0,1862728000.0,2298638000.0,4998867000.0,35823000.0,-6467635000.0,10347522930.0,12226005930.0,1.0302551583715118,0.8103616141384594,0.26594667725172644,0.5858158041949629,0.048161754094556426,1.0302551583715118,0.017928503973004023,11.929905610127284,34.716707363716885,2.4896745036000647,0.0,8.77101303631745,0.0,0.09474123657761482,0.32497766068428346,0.008139121590048412,53.00795017596705,0.637746725696366,-0.9791666666666666,1.2251110162910563,0.30197874194564756,3.355057585660516,0.017639007447090335,-0.9762252845250896,0.01670161707802862,1.4483168853532304,0.25845326991556344,486.9814001678304,Entertainment,Communication Services,SIRI
2012Q2,2012,Q2,2012-08-07,2012-06-30,3134170000.0,837543000.0,227942000.0,0.48,543568000.0,0.6490030959604463,9535081000.0,4013590000.0,2194415000.0,2295020000.0,5521491000.0,36884000.0,-6542148000.0,6966310050.0,8646387050.0,1.0658643452138625,0.9561637807077934,0.26726642385104016,0.6349445259730067,0.7910904960416252,1.0658643452138625,0.7808894281677999,8.317555098663592,0.5556742335291321,1.735680537872578,0.0,7.970258106496042,0.0,0.08783805821890764,0.47338890292895053,0.3286988332873103,30.285934361658654,0.6490030959604463,22.999999999999996,10.073302836666779,0.4364903824479323,3.889247187262518,0.060800565169111635,28.080947167220295,0.14406890251859586,19.971548881046697,0.35025059193850516,25.60315936425611,Entertainment,Communication Services,SIRI
2012Q1,2012,Q1,2012-05-01,2012-03-31,107774000.0,804722000.0,199238000.0,0.02,512413000.0,0.6367577871612805,7501724000.0,849579000.0,1337094000.0,2236580000.0,6652145000.0,36791000.0,-9676318000.0,8702793330.0,10583290330.0,0.22550546882859276,0.5978297221650913,0.35019590163541076,3.0922056689254327,0.05585526005606273,0.22550546882859276,0.12685577209417842,10.814658142812052,20.187599351420566,10.243654009809564,0.0,7.945122448424886,0.0,0.1072716084995929,0.428087079380125,0.014366564272425912,589.5801998509586,0.6367577871612805,0.0562381372920084,1.2879562913224818,0.5252923264256218,1.7787536409267777,0.05866517360924594,0.510772810743373,0.28977504450558345,2.9996965424320217,0.2823267940811764,2.2497546928754666,Entertainment,Communication Services,SIRI
2011Q4,2011,Q4,2012-02-09,2011-12-31,71337000.0,783738000.0,154475000.0,0.018935123902339066,484018000.0,0.6175762818697065,7495996000.0,704145000.0,1276954000.0,2247596000.0,6791851000.0,36711000.0,-9784092000.0,6856746260.0,8767942260.0,0.18690262865290863,0.5681421394236331,0.3582160396030094,3.813399228852012,0.04297043646466282,0.18690262865290863,0.10131009948235094,8.748773518701404,24.02941762339319,9.737690759715683,0.0,8.164310424668356,0.0,0.10455421801185592,0.43389203397763654,0.009516680638570245,35.59505305452884,0.6175762818697065,-0.05324380488304671,1.1123331466266728,0.5673842870027574,1.6999215718370249,-0.0024155485479915085,-0.31528530978547775,-0.16268266770738476,1.2714129931906648,0.17822482791515012,76.14934172173373,Entertainment,Communication Services,SIRI
2011Q3,2011,Q3,2011-11-03,2011-09-30,104185000.0,762550000.0,184488000.0,0.02,485190000.0,0.6362730312766376,7324837000.0,615012000.0,1033202000.0,2157578000.0,6709825000.0,36196000.0,-9855429000.0,22634181240.0,24732727240.0,0.16411781988540797,0.4788712157799162,0.36903729052264234,4.39526058028136,0.05270885272556533,0.16411781988540797,0.16940319863677455,29.682225742574257,54.31247598022748,36.802828627734094,0.0,7.662725163001436,0.0,0.10410470567467918,0.3646028092611252,0.014223524700959216,300.27967735516137,0.6362730312766376,-0.3333333333333333,1.2398417408583764,0.7111710087801663,2.1514311235466104,0.029983059698640954,-0.398882984554492,0.06651559121758334,1.0144023272414806,0.05305423451144982,25.340675622692654,Entertainment,Communication Services,SIRI
2011Q2,2011,Q2,2011-08-04,2011-06-30,173319000.0,744397000.0,172982000.0,0.03,471066000.0,0.6328155540659084,7303785000.0,494611000.0,965281000.0,2170962000.0,6809174000.0,32317000.0,-9959613000.0,32800725000.0,34970062000.0,0.1320944082790853,0.4446328401878983,0.36935150747181084,5.454112423702667,0.053380750166931015,0.1320944082790853,0.35041477039532076,44.06348359813379,47.312650373011614,66.3162060690118,0.0,8.457808583717547,0.0,0.10191934729732598,0.3300099218687384,0.023730024911740966,211.52751086634078,0.6328155540659084,1.9999999999999996,1.2732610714716472,0.8598681476756553,4.246738709465853,0.03953657729228732,1.2185967921557583,0.053663231245279344,1.8274106472310523,0.053473962467225335,1.2183892325786747,Entertainment,Communication Services,SIRI
2011Q1,2011,Q1,2011-05-03,2011-03-31,78121000.0,723839000.0,164172000.0,0.01,453150000.0,0.6260370054666853,7229420000.0,298626000.0,878514000.0,2211500000.0,6930794000.0,29248000.0,-10132932000.0,28760547200.0,31093657200.0,0.07995050247166369,0.3972480217047253,0.3827146576073876,9.265117571812233,0.05249949935667045,0.07995050247166369,0.26160146805703455,39.73334843798138,92.03846340932657,96.30958858237393,0.0,9.254957603938731,0.0,0.1001240763436071,0.2789690255482704,0.010805984435819194,-1704.4297262059974,0.6260370054666853,1.4586140169932715,1.0632632041378791,1.122038141035231,-0.1767821962454211,0.020153174935501734,1.9591989587937724,1.293866145032835,1.296396856749064,0.05766278124957664,1.1405311752858829,Entertainment,Communication Services,SIRI
2010Q4,2010,Q4,2011-02-16,2010-12-31,-81444000.0,735899000.0,71570000.0,-0.021804828525654754,444198000.0,0.603612724028705,7383086000.0,207636000.0,991775000.0,2349709000.0,7175450000.0,21918000.0,-10211053000.0,28413553065.6,31044440065.6,0.055589943712892914,0.4220841814880055,0.4358039443127169,15.496243425995493,0.020532021007390704,0.055589943712892914,-0.3922441195168468,38.61066948806833,-87.21806721673788,136.84309592556204,0.0,13.308741673510356,0.0,0.09967363240791181,0.3302217423519253,-0.011031159599116143,169.78012647127363,0.603612724028705,-3.1804828525654756,0.9028774148150074,2.415630767648849,-0.7627389425703588,0.016464417864408252,-2.204276272013485,-0.499751867979786,0.8064471386613796,0.16366930694696735,1.1034677826171841,Entertainment,Communication Services,SIRI
2010Q3,2010,Q3,2010-11-04,2010-09-30,67629000.0,717548000.0,143069000.0,0.01,437003000.0,0.6090226716540218,7231785000.0,269092000.0,778615000.0,2056401000.0,6962693000.0,18036000.0,-10129609000.0,20659772000.0,23370888000.0,0.07293958519968177,0.3786299462021269,0.4186201608593176,11.250319593298945,0.041306979017606806,0.07293958519968177,0.2513229676095908,28.792181150250574,76.37171923287346,76.77586847620888,0.0,15.55472388556221,0.0,0.09922142320326172,0.24588054567178289,0.00935163310303058,333.23287847995095,0.6090226716540218,3.1670737297014147,1.1349542016814311,2.8661912165374965,-0.8314262977853418,0.007755280878147772,3.4283001571503404,0.13877612748141427,1.2234103904655327,0.17778763984434864,1.1667324080094525,Entertainment,Communication Services,SIRI
2010Q2,2010,Q2,2010-08-06,2010-06-30,15272000.0,699761000.0,125634000.0,0.0023997655545961592,433640000.0,0.6196972966484271,7200932000.0,180428000.0,760172000.0,2041871000.0,7020504000.0,13726000.0,-10197238000.0,16322009445.0,19091385445.0,0.04898149769450767,0.37229188327764096,0.42053306433111715,16.78359234708582,0.035725318519946245,0.04898149769450767,0.08464318176779657,23.325120212472545,267.188473104374,90.46272998093423,0.0,19.388095585021127,0.0,0.09717644882634636,0.22303220918461547,0.002120836580598178,150.67351117449942,0.6196972966484271,-0.7600234445403842,1.0309235745009846,3.8198532866217407,-0.909539589301311,0.07625143640005262,-0.632866964757921,0.003947578711842736,1.0451957886488366,0.2268869303813525,1.1327745459140641,Entertainment,Communication Services,SIRI
2010Q1,2010,Q1,2010-05-07,2010-03-31,41598000.0,663784000.0,125140000.0,0.01,402917000.0,0.6070001687295867,7740354000.0,152019000.0,1304885000.0,2448606000.0,7588335000.0,13968000.0,-10212510000.0,14940720983.099998,18301130983.1,0.04133313140634444,0.5329093369860238,0.46883488791339517,23.871673935494904,0.03219417036855258,0.04133313140634444,0.27363684802557575,22.508407830107384,89.79230361495745,98.28193175260986,0.0,18.676045246277205,0.0,0.08575628453168938,0.17936041976536854,0.005374172809150589,-109.33328198502775,0.6070001687295867,1.5961015034940353,1.0767784057232415,4.48884698029353,-0.9359507001494568,0.00019362574130111533,1.936260323286511,0.4955661256782274,1.113849767475635,0.2887869162028219,1.142738563019339,Entertainment,Communication Services,SIRI
2009Q4,2009,Q4,2010-02-25,2009-12-31,14167000.0,676174000.0,83674000.0,0.003851929512979836,402839000.0,0.5957623333638975,7263528000.0,37432000.0,859780000.0,2076641000.0,7226096000.0,16193000.0,-10241238000.0,10298111600.0,12991197600.0,0.010177555271395583,0.41402437879248266,0.4235648296530281,82.19103975208378,0.02265354468216283,0.010177555271395583,0.37847296430861294,15.229972758491158,181.72710524458248,275.11518486856164,0.0,16.87982461557463,0.0,0.09309167666180952,0.2628316593961113,0.0019504295983990149,68.86204069623597,0.5957623333638975,1.0962982378244959,1.0193324137351447,8.582171941154623,-0.9866319789334765,0.14518375747651863,1.094959447684161,0.2610051993067591,1.02285167844736,0.3851926532994644,1.0381133777216276,Entertainment,Communication Services,SIRI
2009Q3,2009,Q3,2009-11-05,2009-09-30,-149190000.0,618656000.0,66355000.0,-0.04,351768000.0,0.5686003206951844,7268943000.0,7645000.0,811110000.0,2016444000.0,7261298000.0,20996000.0,-10255405000.0,10730293024.599998,13593645024.599998,0.0021112590726146086,0.4022477192523075,0.44624424761619397,424.2935251798561,0.020562000505461496,0.0021112590726146086,-19.51471550032701,17.344522682395382,-17.98091866847644,1403.570048999346,0.0,12.711373594970471,0.0,0.08510948565699304,0.25256094391909717,-0.02052430456532676,401.5227145861397,0.5686003206951844,0.0,0.6992393392734563,10.054307067259625,-0.9975709806699193,0.045693035312443335,0.05190711625719697,0.7820598898885457,0.64457237851667,0.4367003816219696,1.0148123427899298,Entertainment,Communication Services,SIRI
2009Q2,2009,Q2,2009-08-06,2009-06-30,-157358000.0,590829000.0,37235000.0,-0.04,336397000.0,0.5693644015442708,7507332000.0,143704000.0,966923000.0,2171460000.0,7363628000.0,27886000.0,-10106215000.0,7197515171.4,9972026171.4,0.040065329482856585,0.4452870418980778,0.44172803334127225,23.076594945165063,0.010838662489756134,0.040065329482856585,-1.095014752546902,12.182061427925847,-11.434936850048933,50.08569818098313,0.0,9.12400487699921,0.0,0.0787002626232595,0.30054617630534297,-0.020960575607952333,540.4757206127506,0.5693644015442708,-1.7961262422883895,0.6036284493396339,14.388354464815498,-0.9596547819323548,0.05774576143281179,-2.1215012596457123,-0.09317844183044738,0.7410000871078232,0.5410564410688009,1.9847627756101618,Entertainment,Communication Services,SIRI
2009Q1,2009,Q1,2009-05-11,2009-03-31,-50411000.0,586979000.0,41061000.0,-0.014305505736845211,318032000.0,0.5418115469207586,7484918000.0,244528000.0,839474000.0,2340217000.0,7240390000.0,19889000.0,-9948859000.0,5755566270.4,8472376270.4,0.06939153571282629,0.35871630707750607,0.413136924145328,12.645979192566905,0.012583743378666091,0.06939153571282629,-0.20615635019302492,9.805404061133363,-28.543206197060165,23.53745284957142,0.0,13.522399316204938,0.0,0.07842156721022195,0.22043383156348323,-0.006735010323426389,-1348.2235348793627,0.5418115469207586,0.7949472022908837,0.8790877471783879,20.829586036008397,-0.9373493816137398,-0.00419261611104327,0.7949472022908837,1.7732913990847285,0.9567293892016884,0.8239716904719262,-0.28550358205795545,Entertainment,Communication Services,SIRI
2008Q4,2008,Q4,2009-03-10,2008-12-31,-245844000.0,622183000.0,-53099000.0,-0.06976498685542787,319371000.0,0.5133071781131918,7490695000.0,8537000.0,793006000.0,2407336000.0,7482158000.0,24462000.0,-9712260000.0,1973377280.0000002,4844397280.0,0.002422608210022566,0.3294122631822064,0.4340673328709819,380.8675178634181,-0.016299624439885772,0.002422608210022566,-28.79746983717934,3.1716991303201794,-2.006737280551895,231.15582523134594,0.0,12.378873354590795,0.0,0.0830607840794479,0.21950404928933892,-0.032819918578983656,54.28972681504306,0.5133071781131918,0.9638523384168767,0.4251755598596285,42.43085086550636,-0.9977740714662238,0.47800150867953517,0.9496162151826434,0.9889995332482421,0.6892543378259506,2.0609424733142707,-0.9896601696771573,Entertainment,Communication Services,SIRI
2008Q3,2008,Q3,2008-11-12,2008-09-30,-4879427000.0,488443000.0,-4826977000.0,-1.93,216083000.0,0.442391435643463,7503074000.0,15749000.0,738764000.0,2404080000.0,7487325000.0,31935000.0,-9466416000.0,6723660720.0,9736756720.0,0.006230585055457706,0.3072959302519051,0.44951615831058045,214.1566448663407,-1.4248712968354027,0.006230585055457706,-309.8245602895422,13.765497140915112,-0.34449028133836207,426.92619975871486,0.0,8.528573665257554,0.0,0.06509905140213199,0.20280148747129878,-0.6503237206510292,-58.508333942463324,0.442391435643463,-31.166666666666664,-17.060237130110817,44.2983622673936,-0.994950376700951,0.5315911088429588,-57.158345153100754,-69.93384179047452,-13.211359086917351,2.841135299804448,-0.9856002363204225,Entertainment,Communication Services,SIRI
2008Q2,2008,Q2,2008-08-11,2008-06-30,-83899000.0,283017000.0,-68049000.0,-0.06,141084000.0,0.49850009010059465,1456485000.0,-907119000.0,429559000.0,1251899000.0,2339332000.0,23616000.0,-4586989000.0,13437518080.000002,14497252080.000002,-0.6048576970547228,0.34312592309763007,0.878736821869089,-1.410914113804253,-0.1837495753431672,-0.6048576970547228,0.09248951901569695,47.47954391432317,-40.040757577563504,-14.813401637491884,0.0,6.010035569105691,0.0,0.19431508048486595,0.2832616688726487,-0.057603751497612404,-511.67154367527235,0.49850009010059465,0.14285714285714296,0.5339317428552471,83.81791396281513,-1.421832753981045,0.1377191426221312,0.19419312702894792,0.23216925246826517,0.5827355543674534,3.7880362591328387,-2.1170682454646292,Entertainment,Communication Services,SIRI
2008Q1,2008,Q1,2008-05-12,2008-03-31,-104118000.0,270350000.0,-88625000.0,-0.07,124006000.0,0.4586868873682264,1469823000.0,-839434000.0,458764000.0,1199982000.0,2309257000.0,25344000.0,-4503090000.0,19693002463.2,20723237463.2,-0.568916486388306,0.3823090679693529,0.8727193682504628,-1.5281046514675365,-0.20096506829606428,-0.568916486388306,0.12403357500410991,72.84262054078047,-47.28529760271999,-23.459858027194514,0.0,5.774305555555555,0.0,0.1839337117462443,0.3172580922047164,-0.07083710079376905,-110.31443763451101,0.4586868873682264,0.37863761332667556,-1.1651109671387108,36.74915490008364,-1.143091178447264,0.6149558513270649,0.3736245886549996,0.40819610828425285,0.5209796291995055,4.572399488875896,-1.881585821997724,Entertainment,Communication Services,SIRI
2007Q4,2007,Q4,2008-02-29,2007-12-31,-166223000.0,249816000.0,-149754000.0,-0.11265567646405006,76786000.0,0.3073702244852211,1694149000.0,-792737000.0,678857000.0,1073846000.0,2486886000.0,29537000.0,-4398972000.0,20863513440.0,21739111440.0,-0.5372681457625097,0.6321735146380394,0.7758573773617314,-1.658075755263095,-0.288396431127047,-0.5372681457625097,0.20968240412646313,83.51552118359112,-31.37880052700288,-26.31832933242677,0.0,5.8580763110674745,0.0,0.14745810433438852,0.5059952730652254,-0.0981159272295412,198.31294558243428,0.3073702244852211,-0.4081959558006257,0.6975341897533817,80.01785073367287,-1.3100506148052449,-0.3196711144188684,-0.383612042917669,-0.41690399371753506,0.4345934577263843,7.824442314336698,-1.705691268620379,Entertainment,Communication Services,SIRI
2007Q3,2007,Q3,2007-11-01,2007-09-30,-120137000.0,241786000.0,-105691000.0,-0.08,112866000.0,0.46680122091436227,1587128000.0,-640513000.0,576806000.0,838699000.0,2227641000.0,37035000.0,-4232749000.0,23845390871.4,24803019871.4,-0.4374649539971055,0.6877389862155553,0.8287542025595919,-2.053571121897604,-0.15734653014694566,-0.4374649539971055,0.18756371845692438,98.62188410991538,-49.621246725405165,-37.2285822011419,0.0,3.48103145673012,0.0,0.15234184010363375,0.527457407246223,-0.07569458796013932,-256.9574119484046,0.46680122091436227,0.11111111111111106,0.9417290921113052,745.53937922257,-1.1972961705393392,0.07815903098849872,0.10443766912416975,0.1379200652528548,0.40102405970497706,9.684758842264062,-1.503306696594043,Entertainment,Communication Services,SIRI
2007Q2,2007,Q2,2007-08-09,2007-06-30,-134147000.0,226427000.0,-122600000.0,-0.09,104684000.0,0.46233002247965127,1688272000.0,-539476000.0,649287000.0,825060000.0,2227748000.0,41937000.0,-4112612000.0,20609506374.6,21500096374.6,-0.3689072883458405,0.7869573121954767,0.7791037226228948,-2.4381788995247238,-0.15867406280655338,-0.3689072883458405,0.24866166428163625,91.02053365808847,-38.40843696579126,-38.20282343347989,0.0,2.902997353172616,0.0,0.13411760664158381,0.6241546069376772,-0.07945816787816182,-257.51904105409153,0.46233002247965127,0.10000000000000009,0.9378697697615577,168.689733898212,-1.0978319291253467,0.34600252012240595,0.07321841859822446,0.09215446702950868,0.17121886221843297,13.464513636122305,-1.3714844027783455,Entertainment,Communication Services,SIRI
2007Q1,2007,Q1,2007-05-10,2007-03-31,-144745000.0,204037000.0,-135045000.0,-0.1,77774000.0,0.38117596318314817,1506147000.0,-421910000.0,479802000.0,750702000.0,1928057000.0,34975000.0,-3978465000.0,21757982366.3,22596119366.3,-0.28957228188393913,0.6391377670500412,0.7086552640612105,-2.5297788627906423,-0.21003828475348765,-0.28957228188393913,0.34307079708942667,106.63743520194866,-37.57985140471173,-51.57019830366665,0.0,3.6100929235167976,0.0,0.1354695126040154,0.47818974772945855,-0.09610283723965854,-148.61502248078958,0.38117596318314817,0.40674723225446563,0.9070138265108332,312.4348927878771,-1.0519527072031696,0.5494989341143187,0.4106401951163899,0.43001911965187883,0.16033154617112869,17.35232669351456,-1.2614422975538193,Entertainment,Communication Services,SIRI
