Quarters,Year,Quarter,FillingDate,Date,NetIncome,Revenue,OperatingIncome,EPSDiluted,GrossProfit,GrossProfitRatio,TotalAssets,CommonStockEquity,CurrentAssets,CurrentLiability,TotalLiability,Inventory,RetainedEarnings,MarketCap,EnterpriseValue,bookValuePerShare,currentRatio,debtToAssets,debtToEquity,roic,shareholdersEquityPerShare,roe,priceToSalesRatio,peRatio,pbRatio,payoutRatio,inventoryTurnover,dividendYield,assetTurnover,quickRatio,returnOnAssets,priceToFreeCashFlowsRatio,grossProfitMargin,epsdilutedGrowth,fiveYNetIncomeGrowthPerShare,fiveYRevenueGrowthPerShare,fiveYShareholdersEquityGrowthPerShare,grossProfitGrowth,netIncomeGrowth,operatingIncomeGrowth,threeYNetIncomeGrowthPerShare,threeYRevenueGrowthPerShare,threeYShareholdersEquityGrowthPerShare,Industry,Sector,Symbol
2023Q1,2023,Q1,2023-05-11,2023-03-31,-230215.0,30785775.0,4152573.0,-0.0106,13606360.0,0.4419690588,144971229.0,31226391.0,106161962.0,8484824.0,113744838.0,26908105.0,-31820798.0,18488608.4,106470685.4,1.435610067332055,12.511981627432696,0.6749182142892642,3.133366356682077,0.019297396678892104,1.435610067332055,-0.007372449797352502,0.6005568610827565,-20.07754533805356,0.5920827802354746,0.0,0.6384475978520227,0.0,0.21235782584142954,8.99647759340677,-0.0015880047481697213,4.807806759988652,0.44196905876171705,-1.0321212121212122,0.9754906508025348,-0.6244081612192217,0.8596371018062503,2.540978862430131,-1.0291268818162047,1.7585170699416248,-5.075790318235671,0.13394818732380245,1.7561980815795526,Rental & Leasing Services,Industrials,FPAY
2022Q4,2022,Q4,2023-04-24,2022-12-31,7903867.0,21411335.0,-5474594.0,0.33,3842542.0,0.1794629807,148289510.0,31034673.0,109685473.0,12228312.0,117254837.0,31550441.0,-31590583.0,20023378.8,111711962.8,1.4336777429891103,8.96979673073438,0.6591180792221918,3.14939026423768,-0.06421762249929941,1.4336777429891103,0.2546785977090849,0.9351765688594382,0.6333412113336422,0.6451938062953008,0.0,0.5568477790849262,0.0,0.14438873660045137,6.09440289060338,0.05330024355734941,-3.7536060593449583,0.17946298070624742,2.137931034482759,1.485033849936905,-0.6809431585888392,0.20030263607931106,-0.39653428362374493,2.2584905756513005,-0.2035881238044296,7.437718241852773,-0.22035688002296958,1.546385497302883,Rental & Leasing Services,Industrials,FPAY
2022Q3,2022,Q3,2022-11-10,2022-09-30,-6280434.0,26141451.0,-4548561.0,-0.29,6367457.0,0.2435770302,122100179.0,23082979.0,97904379.0,9203942.0,99017200.0,30652824.0,-39494450.0,40328246.580000006,126070563.58000001,1.064622059747384,10.637222507486467,0.7454250824644573,3.943015154153197,-0.032516553181791724,1.064622059747384,-0.2720807396653612,1.542693501596373,-1.6053128884086674,1.7470988722902707,0.0,0.6450953426020389,0.0,0.21409838391801211,7.093796114751701,-0.051436730489969225,-4.460102475116125,0.24357703021152116,-1.5686274509803921,0.11266280388992889,-0.61337388543957,-0.45087600148940843,-0.6369050748553684,-1.4364679644575618,-1.9092408495435966,-4.68682392497406,-0.07118763711517857,0.7696270047565129,Rental & Leasing Services,Industrials,FPAY
2022Q2,2022,Q2,2022-08-10,2022-06-30,14389221.0,36548151.0,5002592.0,0.51,17536618.0,0.4798223035,120005240.0,28851667.0,98285379.0,11793850.0,91153573.0,36136995.0,-33214016.0,19438229.0298,94989159.0298,1.335401736449603,8.333612772758684,0.6711310106125365,2.791493399670806,0.24371487339602527,1.335401736449603,0.4987310091995724,0.5318525971341205,0.33772205301801955,0.6737298413225136,0.0,0.5260961239306146,0.0,0.30455462611465967,5.135997235847497,0.1199049391509904,-1.4020504280538346,0.479822303459346,5.636363636363637,3.2550770874758226,-0.46350670445556363,-0.40935442145195083,0.8717481443278723,7.043516937673645,4.900209488659,38.960790113491115,0.4461983709728824,1.5977806936044407,Rental & Leasing Services,Industrials,FPAY
2022Q1,2022,Q1,2022-05-12,2022-03-31,-2380935.0,28955236.0,-1282647.0,-0.11,9369112.0,0.3235722893,87025695.0,14204970.0,78524992.0,7467221.0,72820725.0,36597829.0,-47603237.0,36845487.99,98107454.99000001,0.6592530055944036,10.515959283915663,0.7535897070399725,4.616811439939683,-0.011535181797415995,0.6592530055944036,-0.16761281438820355,1.2724982794130915,-3.868804481222713,2.593844829661731,0.0,0.5351717447502146,0.0,0.3327205373079755,5.490013486945143,-0.027358988629737457,-3.8807318229171113,0.32357228930891807,-4.900709219858156,0.44594911884080124,-0.5926257363465464,-0.7416850024453058,-0.23312688549368268,-4.759450198951557,-2.444905559629741,-4.873364111292766,0.04346606589512559,0.2863422212608823,Rental & Leasing Services,Industrials,FPAY
2021Q4,2021,Q4,2022-03-30,2021-12-31,633320.0,31093598.0,887703.0,0.0282,12217291.0,0.3929198223,84812056.0,16143619.0,76893272.0,12586724.0,68668437.0,40942112.0,-45222302.0,48675014.2,100392739.2,0.7794040797629598,6.109077469244578,0.6698619238755396,3.519184081338887,-0.015137198801757635,0.7794040797629598,0.03923036092464769,1.565435244901539,19.21422590475589,3.0151240685251555,0.0,0.4610486874736701,0.0,0.3666176657714795,2.780201822173903,0.0074673345968643895,-3.500293952694737,0.39291982227338246,-0.43600000000000005,1.0462731946970458,-0.4459687908316804,-0.7162953827419681,-0.03717160429223514,-0.6265852526764083,-0.7703742677260921,1.2173913219314823,0.07293300045893099,0.6198830807947694,Rental & Leasing Services,Industrials,FPAY
2021Q3,2021,Q3,2021-11-15,2021-09-30,1696023.0,30860935.0,3865869.0,0.05,12688960.0,0.41116576668853355,64555540.0,15236187.0,57250170.0,12387089.0,49319353.0,33332854.0,-45855622.0,66825455.214999996,104672081.215,0.7050892230498964,4.621761416261722,0.6350276366675889,2.690604414345925,0.04278602814078526,0.7050892230498964,0.11131544919998684,2.165373641952196,9.85031677267938,4.385969745251879,0.0,0.5451670895027471,0.0,0.47805246459095535,1.8405596343095623,0.026272307535495792,-74.40957693446879,0.41116576668853355,4.0,1.1587782244263922,-0.3875092840960151,-0.7929837184128632,0.14460329885651163,0.8000783278178379,2.192260528995147,1.5077630904793398,0.1952975749639654,0.12241482354021979,Rental & Leasing Services,Industrials,FPAY
2021Q2,2021,Q2,2021-08-09,2021-06-30,942194.0,30688553.0,1211013.0,0.01,11085902.0,0.36123899357522654,62916829.0,13148937.0,56975114.0,12051891.0,49767892.0,37633318.0,-47551645.0,64168219.17,101112480.17,0.6085932163169302,4.727483346804249,0.669001834151559,3.2011313157862116,0.010375760339765009,0.6085932163169302,0.07165552622238588,2.090949650509752,17.026275684731594,4.880106975187425,0.0,0.5208855355246647,0.0,0.487763822299436,1.5182579231757074,0.014975230236094702,-614.6675527563581,0.36123899357522654,1.3333333333333335,1.064627575885481,-0.30704389010522004,-0.8449232093570253,0.08084311968439804,760.6766370250606,-0.13513527024768718,1.1207752857596598,-0.5927451386746923,0.25214789733446713,Rental & Leasing Services,Industrials,FPAY
2021Q1,2021,Q1,2021-05-10,2021-03-31,1237.0,32783670.0,1400234.0,-0.03,10256717.0,0.3128605491697543,63601007.0,11761381.0,57588243.0,8053216.0,51839626.0,39320781.0,-48493839.0,56202847.519999996,94969068.52,0.5503712604417876,7.150962174614465,0.7088258209496588,3.833056339217308,0.02377350165464783,0.5503712604417876,0.00010517472395461043,1.7143549675798957,11358.69998383185,4.778592541131012,0.0,0.5729019726235854,0.0,0.5154583480101188,2.1537195823382858,1.944937758611275e-05,-43.328782900645656,0.3128605491697543,0.4000000000000001,1.000115393839552,-0.21586039253523864,-0.19778900840855923,-0.0739762356442945,1.0029531201134456,0.05071477936050678,1.0001340449906706,-0.5928950786451623,-0.28706907329823944,Rental & Leasing Services,Industrials,FPAY
2020Q4,2020,Q4,2021-03-09,2020-12-31,-418879.0,28141573.0,1332649.0,-0.05,11076084.0,0.39358439558442593,68249379.0,11154046.0,62265367.0,17067745.0,57095333.0,42822340.0,-48495076.0,54894973.839999996,92338116.84,0.5221953161604785,3.6481308456389523,0.673769866829118,4.122663202213798,-0.03858758240154285,0.5221953161604785,-0.03755399610150433,1.9506718348686478,-32.76302574251753,4.9215301640319575,0.0,0.3985183668150783,0.0,0.41233449171749975,1.0882483889933907,-0.006137477089718282,-5.101186402987691,0.39358439558442593,-1.5,0.9702882535724815,-0.04141601439324528,-0.5588734210319675,0.2417777692073289,-2.447605059441526,0.07411404566469143,0.9739494327515307,-0.5750196443876351,-0.5628080176310217,Rental & Leasing Services,Industrials,FPAY
2020Q3,2020,Q3,2020-11-09,2020-09-30,289360.0,24570064.0,1240696.0,-0.02,8919538.0,0.36302461401809943,51694221.0,11236056.0,46057532.0,27239879.0,40458165.0,30658104.0,-48076197.0,37803909.57,64428609.57,0.5260783698356519,1.6908126500855603,0.6456179889044077,2.9703233056154223,0.026535259639273723,0.5260783698356519,0.025752808636767207,1.5386166503269996,32.661658116187446,3.3645177249027594,0.0,0.5104857756370061,0.0,0.47529614577227114,0.536174885358338,0.005597530911627433,-19.485496697343702,0.36302461401809943,0.5,1.0327918603504374,0.10728217309918725,-0.7144439933417798,0.2150659636537509,2.1041661896803046,0.5723761751354146,1.0415021382803973,-0.6311067323634089,-0.7286527596068847,Rental & Leasing Services,Industrials,FPAY
2020Q2,2020,Q2,2020-08-10,2020-06-30,-262062.0,24530130.0,789058.0,-0.04,7340785.0,0.299255853923318,50057364.0,10655110.0,44493524.0,19134194.0,39402254.0,26081242.0,-48365557.0,37152330.36,61815438.36,0.4990236472477362,2.3253409053969034,0.6894913004208532,3.239207948111282,0.016664644458277828,0.4990236472477362,-0.024594959601543297,1.5145590488105851,-35.44230979691829,3.48680871056235,0.0,0.6590692651830001,0.0,0.490040386465416,0.9313695680100244,-0.005235233721056506,8.286519929001358,0.299255853923318,0.3333333333333333,0.9646872382732736,0.3771361564579731,-0.7781821280355048,-0.0841210941910666,-6.070368578891361,-0.3754047894778087,0.9584424129274463,-0.6356482153318144,-0.779282815955122,Rental & Leasing Services,Industrials,FPAY
2020Q1,2020,Q1,2020-05-06,2020-03-31,51685.0,24842747.0,1263311.0,-0.06,8015017.0,0.3226300618043568,50063113.0,10367024.0,44573750.0,8692292.0,39696089.0,29898676.0,-48103495.0,25277362.45,54463448.45,0.5208660716102522,5.127962797384165,0.6919387134395738,3.341422379267184,0.026783106407509312,0.5208660716102522,0.00498551947019704,1.0174946615203222,122.26643344297186,2.4382467379259465,0.0,0.5628252568775955,0.0,0.49622857052456965,1.6007819341549963,0.0010323968467562134,-287.61862035614723,0.3226300618043568,0.3333333333333333,1.009691506543475,0.721275552382082,-0.7993101051415771,0.06182483517572468,1.0514706761047001,3.9177692915562097,1.013020474125116,-0.6216216635188186,-0.7959091321957446,Rental & Leasing Services,Industrials,FPAY
2019Q4,2019,Q4,2020-03-03,2019-12-31,-1004164.0,22461817.0,256887.0,-0.09,7548342.0,0.336052154640918,52214892.0,9968275.0,46876150.0,7549523.0,42246617.0,31063104.0,-48155180.0,44793308.449999996,73717396.44999999,0.5630246262820982,6.20915387634424,0.6854856656602871,3.5906473286501424,0.006842527678498954,0.5630246262820982,-0.10073598491213374,1.994197907052666,-11.151890639875557,4.493586748961079,0.0,0.4801025357929459,0.0,0.43018028266725133,2.005531210382431,-0.01923137177033709,-8.89339131247945,0.336052154640918,-3.25,0.665896424426073,1.5304878861796969,-0.5375132341354458,-0.0823763333842696,-1.7234704772828466,-0.8951385759351059,0.9141665569777234,-0.5317759254193422,-0.7950579291876576,Rental & Leasing Services,Industrials,FPAY
2019Q3,2019,Q3,2019-11-04,2019-09-30,1387982.0,22932335.0,2449776.0,0.04,8225967.0,0.3587060366944753,41458955.0,10628126.0,36100163.0,4963343.0,30830829.0,24341616.0,-47151016.0,27205937.22,51085729.22,0.6016081676454005,7.2733564857395505,0.6525044830483547,2.5453362144935054,0.061683417847762434,0.6016081676454005,0.13059517736240614,1.1863570465022424,4.900268378840647,2.559805672232339,0.0,0.6041656396189965,0.0,0.5531334545214659,2.246256605678874,0.03347846080539174,36.99766533123363,0.3587060366944753,1.7999999999999998,1.222546380604707,1.7972321590996656,-0.6984383228911761,0.39300537797742124,5.478141353655153,2.440513006328314,1.1589396617414154,-0.4432913690138857,-0.8233660623833018,Rental & Leasing Services,Industrials,FPAY
2019Q2,2019,Q2,2019-08-12,2019-06-30,-309946.0,20664340.0,712038.0,-0.05,5905194.0,0.28576736542275244,40027659.0,9081392.0,34631556.0,5014129.0,30946267.0,24425167.0,-48538998.0,19609474.23,44027895.230000004,0.51405483909295,6.906793981566889,0.6797861948409224,2.9962642290961563,0.018614786609069876,0.51405483909295,-0.0341297897943399,0.948952360927085,-15.816847313725617,2.1593026961065003,0.0,0.6042597784490071,0.0,0.5162515249767667,1.9323894538812225,-0.00774329570460266,7.511599711019747,0.28576736542275244,-4.0,0.9226045457708993,4.038501781368781,-0.737962413338691,-0.1427399280331674,-1.6155303519262505,-0.5775598978603839,0.9739993542256159,-0.4293478965301732,-0.8690127123935741,Rental & Leasing Services,Industrials,FPAY
2019Q1,2019,Q1,2019-05-07,2019-03-31,503543.0,22731397.0,1685536.0,-0.01,6888451.0,0.303036852508449,41321744.0,9046095.0,37674819.0,26543348.0,32275649.0,28181941.0,-48229052.0,14651968.0947,39966910.0947,0.5125020346049116,1.4193695158576076,0.6766896866695655,3.0910573015207112,0.04538386362525076,0.5125020346049116,0.05566412910764258,0.6445696274056539,7.274437384046645,1.6197008869241367,0.0,0.5621666016545844,0.0,0.5501073962415526,0.3449976996119706,0.012185908707047796,-14.366956413371534,0.303036852508449,0.9289020260540423,1.0637282942513127,25.208624078854953,-0.5374600075544479,-0.483071551630852,1.2028281537688779,2.233002954608465,1.0568704295037148,-0.34173772085492804,-0.2529864930755728,Rental & Leasing Services,Industrials,FPAY
2018Q4,2018,Q4,2019-03-11,2018-12-31,-2482609.0,24695948.0,-1367017.0,-0.14065098405759224,13325734.0,0.539591920099605,48626315.0,8492676.0,45199030.0,26113304.0,40133639.0,32364697.0,-48732595.0,13448180.329300001,37394793.3293,0.4811483550902685,1.7308813162823058,0.618755976059465,3.5427965225566123,-0.03543284911892923,0.4811483550902685,-0.2923235267658863,0.5445500747450553,-1.3542386587356285,1.5835032832172098,0.0,0.3513153236070772,0.0,0.5078720853101865,0.47934083714569403,-0.05105484550906233,-0.9051617712192571,0.539591920099605,0.2567037084883037,0.36198427149457985,5.992033610815527,-0.6670523496041769,0.28555028458055554,0.08640382011795822,0.10591358536620461,0.7869007967011521,0.017985075398016245,-0.5935480053370693,Rental & Leasing Services,Industrials,FPAY
2018Q3,2018,Q3,2018-11-05,2018-09-30,-2717403.0,21004700.0,-1528954.0,-0.189226,10365782.0,0.49349821706570435,34010897.0,11043490.0,30606398.0,12343167.0,22967407.0,18326430.0,-46249986.0,14591292.1,23263759.1,0.6281895144844644,2.479622774284752,0.4691017117249216,1.4447036217717406,-0.05663199503964359,0.6281895144844644,-0.24606378961723152,0.6946679600279937,-1.3423930955401167,1.3212573289784297,0.0,0.5805232115583886,0.0,0.6175873573696101,0.9801195268604889,-0.07989801033474654,-6.775110892568515,0.49349821706570435,0.5988059119232833,-0.08623444601370317,3.8483983412546405,-0.5368222595647882,0.06161207432464956,-0.375965742166969,-0.6448005955454577,0.6258640845488161,0.15004886415296081,-0.6590179344632823,Rental & Leasing Services,Industrials,FPAY
2018Q2,2018,Q2,2018-08-06,2018-06-30,-1974906.0,19076307.0,-929568.0,-0.471657,9764190.0,0.5118490701580762,27517206.0,2658393.0,24349972.0,23549529.0,24858813.0,17806583.0,-43532583.0,17459194.1421,34614653.1421,0.48603940286325936,1.033989766844169,0.6981597986365331,7.226699363111473,-0.042504641103256545,0.48603940286325936,-0.7428946735866367,0.9152292496708089,-2.210129765935695,6.567574524195632,0.0,0.5229592336721762,0.0,0.693250143201312,0.26160315138362217,-0.07176985919282648,-15.820749827694476,0.5118490701580762,0.13592828851670954,-43.27758441748395,9.912600716717362,-0.6748188493383482,0.06018357409766985,0.1362165973274363,0.3127938155228484,-0.03887469454316658,3.1808100800247563,-0.7839536730801463,Rental & Leasing Services,Industrials,FPAY
2018Q1,2018,Q1,2018-05-14,2018-03-31,-2286344.0,19951414.0,-1352677.0,-0.545854,9209905.0,0.46161665534081947,28126350.0,4087270.0,25210798.0,19175438.0,24039080.0,18955223.0,-41557677.0,15989393.02,32275708.02,0.7719839886705093,1.3147443098822567,0.6429747194356893,4.4245993046703544,-0.061008888677609514,0.7719839886705093,-0.5593816899788857,0.8014165321816288,-1.7483581888814632,3.9119982335397463,0.0,0.5666780601842564,0.0,0.7093495601100036,0.29062293127280847,-0.0812883292713061,-6.860345278538875,0.46161665534081947,0.2748889011639315,-16.20701636384195,13.037729392047828,-0.47789522504742926,-0.031715991485741474,0.4263531737767931,0.605524845766545,-0.6116522809629847,4.196697827206164,-0.7025542764962442,Rental & Leasing Services,Industrials,FPAY
2017Q4,2017,Q4,2018-03-08,2017-12-31,-3985630.0,16413647.0,-3429055.0,-0.7527867120999694,9511574.0,0.5794918094680603,34008626.0,6323912.0,30964740.0,22986682.0,27684714.0,21415322.0,-39271333.0,20119103.8,33942316.8,1.194430221091657,1.3470730573468586,0.55256945693719,2.9715985927697917,-0.13652848936376913,1.194430221091657,-0.6302475429765626,1.225754629668836,-1.26197764217953,3.181433233100018,0.0,0.3222960177764313,0.0,0.4826318769832101,0.4014665100426412,-0.11719467878531759,-2.161736209372833,0.5794918094680603,-0.7089020022291699,-23.454377315416803,10.738818909394011,-0.17510583893882814,0.17755143754494784,-1.3070101764453579,-1.8032904821271638,-3.4344630450437634,5.18346706473791,-0.018856113539186443,Rental & Leasing Services,Industrials,FPAY
2017Q3,2017,Q3,2017-11-14,2017-09-30,-1727617.0,16503840.0,-1223225.0,-0.440509,8077417.0,0.4894265213429117,21666192.0,10260486.0,18720718.0,7293844.0,11405706.0,11151635.0,-35285703.0,28790008.64,33187897.64,1.9387644004541709,2.5666463390223315,0.37956480769671014,0.8014945880731186,-0.06617675302325607,1.9387644004541709,-0.16837574750357828,1.7444430290162776,-4.166144556345532,2.8059108155305705,0.0,0.7556222024842097,0.0,0.7617323801062965,0.9899527601632281,-0.07973791610450051,-138.7062532942123,0.4894265213429117,-0.097992248158626,-6.479307270418789,9.607444773879928,0.37483898120716647,-0.030800405706139504,-0.1053190556895924,-0.20907997339129525,0.07533536965800967,5.719938755778705,-0.02817635204638512,Rental & Leasing Services,Industrials,FPAY
2017Q2,2017,Q2,2017-08-11,2017-06-30,-1563003.0,16687260.0,-1011699.0,-0.401195,8334111.0,0.4994295648296964,24762159.0,11965418.0,21913400.0,5592751.0,12796741.0,13515777.0,-33558086.0,23286036.400000002,27357960.400000002,2.260918874111182,3.9181790857486773,0.3879031711249411,0.8027567444781285,-0.04690145511015896,2.260918874111182,-0.13062669436203567,1.3954379808308854,-3.7245668114520574,1.9461114020421186,0.0,0.6180295072935873,0.0,0.6739016577674023,1.417030187827064,-0.06312062692110167,19.924222361024363,0.4994295648296964,-0.32305850616522624,-4.2641779537128475,9.396821105233427,0.6796345070617678,-0.03887632368978007,-0.48220644450366096,-1.029405038915189,-0.30283466141628995,12.582039382178934,0.15249518213751076,Rental & Leasing Services,Industrials,FPAY
2017Q1,2017,Q1,2017-05-15,2017-03-31,-1054511.0,17441617.0,-498520.0,-0.303233,8671216.0,0.4971566569773892,26627091.0,13494100.0,23885906.0,2857868.0,13132991.0,16135192.0,-31995083.0,25374189.409,30511439.409,2.5521282613674683,8.357945853342422,0.3858898067385581,0.7614530053875398,-0.020973340188696954,2.5521282613674683,-0.07814607865659808,1.4548071666176365,-6.015629379162474,1.880391386531892,0.0,0.5435572753023329,0.0,0.6550327634363062,2.5397513111172385,-0.03960293672335442,-92.39678324751841,0.4971566569773892,0.5410969244860382,-11.107467411698373,12.594247522229663,1.0411225094924712,0.05494879836039905,0.6981757065605814,0.8346067165226404,0.5544761388873016,66.13190375558766,1.303330147055919,Rental & Leasing Services,Industrials,FPAY
2016Q4,2016,Q4,2017-03-31,2016-12-31,-3493791.0,14326495.0,-3014149.0,-0.660777877028576,8219561.0,0.573731467466397,29155624.0,14525721.0,26526519.0,4473184.0,14629903.0,18570460.0,-30940572.0,31724346.0,36468570.0,2.747237909963534,5.930120245444855,0.34836225765567563,0.6992230540570069,-0.12211714076890291,2.747237909963534,-0.2405244462564027,2.2143829317638404,-2.2700517861543523,2.1840117953525335,0.0,0.32885205859197886,0.0,0.49138015361976134,1.6977352150056872,-0.11983248926519288,-2.9702113261150482,0.573731467466397,-0.10477466060409539,-53.97355377984089,11.055826816159486,1.2374063272997327,0.24174857810683353,-0.3368286568315495,-0.3992406222088526,-1.9973958690543192,12.540723838686906,0.9010486007565915,Rental & Leasing Services,Industrials,FPAY
2016Q3,2016,Q3,2016-11-14,2016-09-30,-2613492.0,12327924.0,-2154132.0,-0.598111,6619344.0,0.5369390661396031,28153378.0,18007448.0,25606932.0,6040246.0,10145930.0,10801877.0,-27446781.0,27492608.0,21437590.0,3.4059602348383975,4.239385614426962,0.24999895216836857,0.3908557725669956,-0.08600784092702626,3.4059602348383975,-0.1451339467980138,2.2301084919082887,-2.629872982201591,1.5267353819375182,0.0,0.5284803742905052,0.0,0.43788436329025954,2.3965576898689225,-0.0928304944436863,-5.786316795732717,0.5369390661396031,0.14140871839556493,-15.289994329857336,8.135006634328345,1.6727896830969382,0.3261883033425461,0.2602044542423661,0.2906759569031374,-2.4737115954380986,8.461823059975101,1.5112882803834933,Rental & Leasing Services,Industrials,FPAY
2016Q2,2016,Q2,2016-06-30,2016-06-30,-3532722.0,10731432.0,-3036880.0,-0.696619,4991255.0,0.4651061479959059,31272748.0,20546168.0,28949328.0,4959988.0,10726580.0,9494774.0,-24833289.0,31412448.0,20516622.0,3.9244635757136788,5.836572185255287,0.22127607717748374,0.33679813189495966,-0.11056838509785107,3.9244635757136788,-0.17194067526363066,2.9271441127335103,-2.2229634825497167,1.5288713691039615,0.0,0.6045617304845803,0.0,0.34315602837333004,3.8099630482976976,-0.11296487280235175,-11.887285077719227,0.4651061479959059,-0.38870803439181373,-7.908848990693109,5.291661969450166,2.1673195713118893,0.1535454398802648,-0.3516156961980761,-0.3674071459189591,-81.74545095494558,5.4134071813870035,1.6256339995532123,Rental & Leasing Services,Industrials,FPAY
2016Q1,2016,Q1,2016-05-16,2016-03-31,-2613703.0,10193735.0,-2220904.0,-0.501631,4326882.0,0.42446483060428786,14472527.0,3574694.0,12405216.0,3865291.0,10897833.0,9538356.0,-21300568.0,26859653.240000002,33250599.240000002,0.6860679624321167,3.209387339788906,0.555020004453956,2.2470572306328878,-0.1913378861255169,0.6860679624321167,-0.7311683181833186,2.6349177450659647,-2.5691187215992026,7.513832859539866,0.0,0.6150801039508276,0.0,0.7043507329438736,0.6449216889491632,-0.18059755563074784,-23.29868259255404,0.42446483060428786,0.2399828044840889,-53.30251956927924,6.96251711383198,-0.39856124451831165,0.257582759456542,0.2399825647193199,0.3086299229560664,-18.664932326829533,6.288024563160386,-0.536001569482457,Rental & Leasing Services,Industrials,FPAY
2015Q4,2015,Q4,2016-03-30,2015-12-31,-3439004.0,7161277.0,-3212323.0,-0.660025855940648,3440634.0,0.48044978570162833,17477297.0,6167959.0,15589570.0,2522568.0,11309338.0,11204136.0,-18686865.0,31262448.0,36653012.0,1.1837765871693733,6.18003954700131,0.502753371988815,1.4245830752117516,-0.21480315691444493,1.1837765871693733,-0.557559477940758,4.365485094348396,-2.2726382406068737,5.068523963923885,0.0,0.3320776363300124,0.0,0.4097473997266282,1.6445007627148207,-0.1967697865407906,-3.779604188189239,0.48044978570162833,-0.5975414701662298,-10.394584851639307,3.7056980153564485,0.04658253559131157,0.329238436500961,-0.5996647173634356,-0.5991930164309024,-20.687475043069174,4.204309178423923,-0.18246342271508523,Rental & Leasing Services,Industrials,FPAY
2015Q3,2015,Q3,2015-11-16,2015-09-30,-2149828.0,5406040.0,-2008715.0,-0.413151,2588425.0,0.47880241359664377,12996796.0,9586363.0,11221213.0,1619975.0,3410433.0,5858866.0,-15247861.0,24456403.0,21579300.0,1.8422948828574668,6.926781586135588,0.13776149137064242,0.18677135426647207,-0.17656206421811507,1.8422948828574668,-0.224258981221554,4.523903448735118,-2.8439953103225006,2.551165963567205,0.0,0.480914736742571,0.0,0.4159517468766918,3.1075072146175096,-0.16541215234893278,-7.09497172182808,0.47880241359664377,-0.18870139398385907,-6.055210616993242,3.6290107293600924,0.8042486526101057,0.23097310327871112,-0.18870320903663657,-0.09553265766809868,-7.9347382425856585,2.5338914135672,0.3064294038190476,Rental & Leasing Services,Industrials,FPAY
2015Q2,2015,Q2,2015-08-14,2015-06-30,-1808549.0,4340911.0,-1833551.0,-0.347565,2102747.0,0.4844022372262412,14879375.0,11706291.0,13430175.0,1853939.0,3173084.0,5053831.0,-13098033.0,36424430.0,29954009.0,2.249699912943044,7.2441299309200575,0.08865594152980216,0.11268684504767565,-0.13834405415054488,2.249699912943044,-0.15449376749646834,8.390964477272167,-5.035034992140107,3.1115261016491047,0.0,0.4428648286814498,0.0,0.29174014365522744,4.42448322193988,-0.12154737682194312,-13.655365058513734,0.4844022372262412,-0.2971505346246432,-0.14654065798593774,1.7813282838655742,1.3996500303376531,0.42003523839945545,-0.29763877040129205,-0.2765918486986575,-4.841425957604004,1.7507086403938021,0.6712999513520684,Rental & Leasing Services,Industrials,FPAY
2015Q1,2015,Q1,2015-05-15,2015-03-31,-1393723.0,3771833.0,-1436286.0,-0.267945,1480771.0,0.39258657528050683,15811163.0,13499940.0,14560736.0,1413390.0,2311223.0,4032448.0,-11289484.0,49934707.199999996,40650566.199999996,2.595377669501985,10.301994495503719,0.056784753910891946,0.06650644373234252,-0.09674121420386399,2.595377669501985,-0.10323919958162776,13.238843607338923,-8.957071670626085,3.698883639482842,0.0,0.5681566135508753,0.0,0.23855506391275583,7.323113224233934,-0.0881480381930159,-45.451755138895585,0.39258657528050683,-0.5783915702891157,-3.4387931016428857,0.7546874767813672,0.7139062762104538,0.5932153604978573,-0.5783898808950819,-0.3481392624631119,-14.5793147653683,1.9883470755488246,1.0757122053952504,Rental & Leasing Services,Industrials,FPAY
2014Q4,2014,Q4,2014-12-31,2014-12-31,-883003.0,2607830.0,-1065384.0,-0.16975825583693419,929423.0,0.3563970810980777,8505867.0,6332269.0,7372675.0,2173598.0,2173598.0,4241918.0,-9895761.0,52015320.0,51131971.0,1.2173853780001738,3.3919220573445505,0.2351318213651824,0.31584255185621457,-0.07288974947880343,1.2173853780001738,-0.13944496040834653,19.945824689492795,-14.72682425767523,8.214325702208798,0.0,0.39567172208420814,0.0,0.30659190885538185,1.3858050108621742,-0.10381105183046008,-6.952863843138261,0.3563970810980777,0.5191488262223671,0.6851911407181254,0.6457477160521067,-0.2246200490181803,0.7992651343414183,0.28065221730257717,0.21928327457473604,-14.609260248827797,1.2307272779807725,-0.008536633241232374,Rental & Leasing Services,Industrials,FPAY
2014Q3,2014,Q3,2014-11-14,2014-09-30,-1227505.0,1613540.0,-1364623.0,-0.353037,516557.0,0.3201389491428784,7538623.0,6936502.0,7285782.0,602121.0,602121.0,2572850.0,-9012758.0,23991203.400000002,19491289.400000002,1.9949755334073822,12.10019580781936,0.0,0.0,-0.19673071527983413,1.9949755334073822,-0.1769631148379976,14.868675954733073,-4.886172235550975,3.458689033752171,0.0,0.4263688127951493,0.0,0.2140364360971493,7.516022527033603,-0.16282880839113456,-10.672234010467964,0.3201389491428784,-0.5573696005081874,-0.19323834202555698,0.7206029545569339,0.14043072936891676,1.7852143812276238,-0.8236700262666841,-0.09690298528457826,-11.205723673882256,0.8180604069284211,0.5655350198106632,Rental & Leasing Services,Industrials,FPAY
2014Q2,2014,Q2,2014-08-14,2014-06-30,-673096.0,689329.0,-1244069.0,-0.226688,185464.0,0.2690500472198326,6844268.0,5824991.0,6624179.0,1019277.0,1019277.0,1619068.0,-7785253.0,22269510.0,17576691.0,1.961759935445369,6.49889971028484,0.0,0.0,-0.2135744072394275,1.961759935445369,-0.11555313991043076,32.30606865517046,-8.271297853500839,3.823097752425712,0.0,0.3112068177494707,0.0,0.1007162489838212,4.623093624206177,-0.09834448329609537,5.819965455771863,0.2690500472198326,0.49360437842064114,0.1565104761307442,-0.19347799063639307,-0.10506110237198213,2.540064897881275,0.28902991246703125,-0.035537613151597126,-3.3209959435599488,-0.2874171146541739,0.5832789673991849,Rental & Leasing Services,Industrials,FPAY
2014Q1,2014,Q1,2014-05-15,2014-03-31,-946729.0,103921.0,-1201375.0,-0.44765,52390.0,0.504132947142541,7508772.0,2343329.0,7337686.0,5165443.0,5165443.0,652044.0,-7112157.0,13746759.0,13083931.0,1.1080166968810612,1.420533727697702,0.03995327065464233,0.12802299634408998,-0.45449317886649754,1.1080166968810612,-0.4040102776861465,132.2808575745037,-3.6300670519229894,5.866337590666953,0.0,0.07902994276459871,0.0,0.013839946132336953,0.18873792625337266,-0.12608306657866292,-10.726331354021177,0.504132947142541,-1.0306131718815688,-0.7775686083532154,-0.8375328621089971,-0.5674064041236636,0.0,-1.0306137769503334,-1.5767971893579966,-47.674193730990986,-0.8000114524397545,-0.028661561658311307,Rental & Leasing Services,Industrials,FPAY
2013Q4,2013,Q4,2013-12-31,2013-12-31,-466228.0,423198.0,-466228.0,-0.220450653132131,0.0,0.0,6480395.0,3056258.0,0.0,0.0,3424137.0,0.0,-6165428.0,13323781.799999999,15595206.799999999,1.4451171363373723,0.0,0.5001148849722895,1.0604281444825665,-0.07403734993330369,1.4451171363373723,-0.1525486395454834,31.48356513972183,-7.144456038676355,4.359508195970366,0.0,0.0,0.0,0.06530435258961838,0.0,-0.07194437993363059,-15.702988731707144,0.0,-1.20450653132131,0.10832655526511152,-0.38313095756519244,-0.49180985572708574,0.0,-0.7582031353116645,-0.7582031353116645,-4.137820053272799,-0.3148873967720814,0.27763496352882755,Rental & Leasing Services,Industrials,FPAY
2013Q3,2013,Q3,2013-11-14,2013-09-30,-265173.0,459216.0,-265173.0,-0.1,0.0,0.0,6510299.0,2527304.0,0.0,0.0,3982995.0,0.0,-5699200.0,9317180.0,11738458.0,1.3562601559699394,0.0,0.5673908371950351,1.461590691107995,-0.04262417403235524,1.3562601559699394,-0.10492327001421277,20.289319187484757,-8.784057954618307,3.68660833837164,0.0,0.0,0.0,0.07053685245485652,0.0,-0.040731308961385645,4.14728381971838,0.0,-11.262415695892091,0.23410148165829664,-0.07148802955545498,-0.5146008307860305,0.0,-16.45018425901553,-16.45018425901553,-2.7411856703018334,0.09800972542920959,0.32825129232411543,Rental & Leasing Services,Industrials,FPAY
2013Q2,2013,Q2,2013-08-15,2013-06-30,-15196.0,595570.0,-15196.0,-0.008155,0.0,0.0,8366485.0,2785227.0,0.0,0.0,5581258.0,0.0,-5434027.0,9317180.0,13990154.0,1.4946727443282195,0.0,0.6483749149134912,1.947639815354368,-0.0018509482394675856,1.4946727443282195,-0.005455928726814726,15.644139227966486,-153.2834298499605,3.345213873052358,0.0,0.0,0.0,0.07118521099362517,0.0,-0.00181629441754811,15.786960632482861,0.0,-1.3188785485258467,0.9630536155074062,0.44778885209492536,-0.5152689709908468,0.0,-1.2871721218535037,-1.2871721218535037,0.9730989824418668,0.06557599117775179,0.5942977441733492,Rental & Leasing Services,Industrials,FPAY
2013Q1,2013,Q1,2013-05-14,2013-03-31,52916.0,500226.0,52916.0,0.025574,0.0,0.0,8887060.0,2755276.0,0.0,0.0,6131784.0,0.0,-5418831.0,4099559.2,9362715.2,1.4785997479924182,0.0,0.6713635330469244,2.1654629155119123,0.006067149109510918,1.4785997479924182,0.019205335509037934,8.195414072839077,19.36824022979817,1.4878942073316794,0.0,0.0,0.0,0.05628700605149509,0.0,0.005954275092100199,-4.545696592024217,0.0,-0.23717005596107055,1.0813259859903246,0.3818008123560092,-0.5907697295406408,0.0,-0.15296452810859265,-0.15296452810859265,1.470426996053956,-0.3504233951695106,-0.023578950429332623,Rental & Leasing Services,Industrials,FPAY
2012Q4,2012,Q4,2013-03-27,2012-12-31,62472.0,492119.0,62472.0,0.033525165339727256,0.0,0.0,7919985.0,2698218.0,0.0,0.0,5221767.0,0.0,-5471747.0,5590308.0,14929372.0,1.4479799681877994,0.0,1.257013239292751,3.689667032093033,0.0049370368169294404,1.4479799681877994,0.023153058796583522,11.35966707239509,22.371254321936227,2.0718518666764507,0.0,0.0,0.0,0.06213635505622801,0.0,0.007887893727071453,-9.449664293393376,0.0,-0.6647483466027274,1.074628565727737,0.8272423264991611,-0.6214428629952845,0.0,-0.43728044100956603,-0.43728044100956603,1.0621708735507611,-0.13309619326931282,-0.07774920165342049,Rental & Leasing Services,Industrials,FPAY
2012Q3,2012,Q3,2012-11-13,2012-09-30,111018.0,547830.0,111018.0,0.1,0.0,0.0,8015076.0,2627772.0,0.0,0.0,5387304.0,0.0,-5534219.0,5590308.0,9366044.0,1.4101756110754542,0.0,0.6478201828653902,1.9759431183527338,0.01419649365097633,1.4101756110754542,0.04224795758536129,10.20445758720771,12.588742366102794,2.127394614144606,0.0,0.0,0.0,0.06834994452953409,0.0,0.01385114751251267,1.760857814943095,0.0,0.0,1.3128243802818753,1.0092820965745675,-0.6767371649981653,0.0,-0.34153024911032026,-0.34153024911032026,1.2013658362245163,0.09002184070813511,-0.1938710155857157,Rental & Leasing Services,Industrials,FPAY
2012Q2,2012,Q2,2012-08-14,2012-06-30,168600.0,565140.0,168600.0,0.1,0.0,0.0,10458840.0,2508330.0,0.0,0.0,7950510.0,0.0,-5645237.0,9503523.6,15770294.6,1.3460778905205224,0.0,0.6775977068202592,2.8253403659008183,0.017571256342744136,1.3460778905205224,0.06721603616748992,16.816228899033867,14.091820284697508,3.788785207687983,0.0,0.0,0.0,0.05403467306125727,0.0,0.016120334568651973,-4.612384757400861,0.0,4.579735646876445,1.666234737251026,1.6973944891298185,-0.7116127331630282,0.0,3.585384427098915,3.585384427098915,1.3366628302199064,0.05361182835555356,-0.3859302345317821,Rental & Leasing Services,Industrials,FPAY
2012Q1,2012,Q1,2012-03-31,2012-03-31,36769.0,452173.0,36769.0,0.01792199600996874,0.0,0.0,7940133.0,2329957.0,0.0,0.0,5610176.0,0.0,-5813837.0,3167841.1999999997,8057905.199999999,1.250355257706731,0.0,0.6818190576908473,2.32353386779241,0.0047482524806322975,1.250355257706731,0.015780977932210765,7.005816800207,21.538804427642848,1.3596135894353416,0.0,0.0,0.0,0.05694778664286858,0.0,0.00463077885471188,-4.11786577788408,0.0,0.43677906370814445,1.1692243505399502,1.1648202890280217,0.0,0.0,0.581870590259852,0.0,1.078352884805708,-0.19769533057937716,-0.5118343626257648,Rental & Leasing Services,Industrials,FPAY
2011Q4,2011,Q4,2012-03-29,2011-12-31,23244.0,418809.0,0.0,0.012473731322138243,0.0,0.0,6888237.0,2288052.0,0.0,0.0,4600185.0,0.0,-5850606.0,14907488.0,19028260.0,1.2278672302134337,0.0,0.6427396444111897,1.934983558065988,0.0,1.2278672302134337,0.010158860025908501,35.594956173339156,160.33694716916193,6.51536241309201,0.0,0.0,0.0,0.06080060834143773,0.0,0.0033744483530401175,-41.59350909156857,0.0,-0.5823886182989235,1.0277671017700012,0.5550416291969772,-0.6789887198002856,0.0,-0.6217289415440698,-1.0,1.0504534453342809,-0.307152178310251,-0.5682079956150532,Rental & Leasing Services,Industrials,FPAY
2011Q3,2011,Q3,2011-11-14,2011-09-30,61448.0,453419.0,61448.0,0.029869232182629685,0.0,0.0,6301585.0,2263633.0,0.0,0.0,4037952.0,0.0,-5873850.0,17941246.099999998,17857705.099999998,1.2743091072141304,0.0,0.0,0.0,0.02714574314829303,1.2743091072141304,0.02714574314829303,39.568800822197566,72.99361289220153,7.925863468150535,0.0,0.0,0.0,0.0719531673380586,0.0,0.009751197516180452,81.02482556485374,0.0,-0.7013076781737032,1.1816344392748588,0.7445285042996115,-0.7078826414019896,0.0,-0.6458206047471382,-0.6458206047471382,1.186179959395337,-0.03826933848077388,-0.5439307280090562,Rental & Leasing Services,Industrials,FPAY
2011Q2,2011,Q2,2011-08-15,2011-06-30,173494.0,578726.0,173494.0,0.1,0.0,0.0,6626348.0,2200998.0,0.0,0.0,4425350.0,0.0,-5935300.0,5329083.0,5080607.0,1.2390488194685652,0.0,0.0,0.0,0.07882515113598468,1.2390488194685652,0.07882515113598468,9.208300646592688,7.679059506380624,2.4212121046906905,0.0,0.0,0.0,0.087337097297033,0.0,0.026182446198116972,4.3966175695309,0.0,11.075095380642132,1.7191796903654317,1.897641576243555,-0.7345429227829158,0.0,9.183365616012209,7.247088463183914,1.4424970425772436,0.4758039237077906,-0.5981692905469309,Rental & Leasing Services,Industrials,FPAY
2011Q1,2011,Q1,2011-04-01,2011-03-31,17037.0,436458.0,21037.0,0.008281508083183536,0.0,0.0,8026040.0,2026315.0,0.0,0.0,5999725.0,0.0,-6108794.0,6217263.5,5943506.5,1.1407112630822225,0.0,0.0,0.0,0.010381900148792266,1.1407112630822225,0.008407873405664963,14.244815079572376,91.23178229735281,3.0682611045173136,0.0,0.0,0.0,0.05438024231127679,0.0,0.002122715560849435,11.548245361487297,0.0,-0.8821238142616027,1.0822540730622259,1.1920120297036492,0.0,0.0,-0.8634855769230769,-0.731503107809728,1.027467472901164,0.2647505955562175,-0.6842867183353742,Rental & Leasing Services,Industrials,FPAY
2010Q4,2010,Q4,2011-04-01,2010-12-31,124800.0,518831.0,78351.0,0.07025598963273794,0.0,0.0,8133455.0,2009220.0,0.0,0.0,6124235.0,0.0,-6125831.0,8881805.0,14616057.0,1.1310876561689882,0.0,0.7251004646856717,2.9352544768616675,0.009909328587371464,1.1310876561689882,0.06211365604562965,17.118878787119506,17.79207732371795,4.420523884890654,0.0,0.0,0.0,0.06378974248950785,0.0,0.015344032763444317,4.57705147311941,0.0,-0.2974401036726207,1.156393076273987,1.020855137743882,-0.7042905881104206,0.0,-0.17973525429521645,0.5192546342976809,1.156393076273987,1.020855137743882,-0.7042905881104206,Rental & Leasing Services,Industrials,FPAY
2010Q3,2010,Q3,2010-11-15,2010-09-30,152146.0,417818.0,51572.0,0.1,0.0,0.0,10560420.0,1900875.0,0.0,0.0,8460325.0,0.0,-6250631.0,9308095.0,10593795.0,1.0210870215656371,0.0,0.0,0.0,0.027130663510225556,1.0210870215656371,0.08003998158742684,22.27786979019573,15.294675837682227,4.896742289734991,0.0,0.0,0.0,0.039564524895790126,0.0,0.014407192138191473,22.280429422888194,0.0,1.3333333333333335,1.429132504561042,0.5339313653958068,-0.7659302268579471,0.0,1.2701235339443155,1.073781585219648,1.429132504561042,0.5339313653958068,-0.7659302268579471,Rental & Leasing Services,Industrials,FPAY
2010Q2,2010,Q2,2010-08-16,2010-06-30,-563246.0,557296.0,-698982.0,-0.3,0.0,0.0,11071493.0,1741922.0,0.0,0.0,9158069.0,0.0,-6402774.0,9290135.0,9677184.0,0.9375116723276895,0.0,0.04335458641395519,0.27555768857618196,-0.31458440035248764,0.9375116723276895,-0.32334742887454204,16.670019163963136,-4.123480237764672,5.333266931584767,0.0,0.0,0.0,0.050336119979482445,0.0,-0.05087353620690543,-4.879464789842037,0.0,-1.9999999999999998,-1.2321854839664692,1.6676988728162034,-0.7991450340917556,0.0,-5.148235473905972,-8.255097717281924,-1.2321854839664692,1.6676988728162034,-0.7991450340917556,Rental & Leasing Services,Industrials,FPAY
2010Q1,2010,Q1,2010-04-15,2010-03-31,-91611.0,627175.0,-75524.0,-0.1,0.0,0.0,10425214.0,2298163.0,0.0,0.0,7809813.0,0.0,-5839528.0,8346992.5,10715140.5,1.5143054818846429,0.0,0.2552489569998275,1.1578921947659935,-0.0152291060552655,1.5143054818846429,-0.03986270773657047,13.30887312153705,-22.778357675388328,3.632028058932286,0.0,0.0,0.0,0.06015943653530757,0.0,-0.008787445514307908,-4.082191904762138,0.0,0.8145546101838649,0.482302808595316,2.6868299713816857,0.0,0.0,0.8880571573109084,0.9075844752099185,0.482302808595316,2.6868299713816857,0.0,Rental & Leasing Services,Industrials,FPAY
2009Q4,2009,Q4,2009-12-31,2009-12-31,-818373.0,462330.0,-817222.0,-0.5392423079330669,0.0,0.0,8194220.0,2382763.0,0.0,0.0,5510306.0,0.0,-5747917.0,8346992.5,12632107.5,1.570050110863284,0.0,0.582923206845801,2.0046479654082257,-0.11414729017828958,1.570050110863284,-0.343455475848836,18.05418748512967,-2.5498741099718587,3.5030729031800476,0.0,0.0,0.0,0.056421477578097734,0.0,-0.09987198293431224,-5.292714917264399,0.0,-0.3481057698326673,-0.2003782714554339,1.1077797932277544,-0.5895290763820465,0.0,-1.0617980358861439,-1.058898221816881,-0.2003782714554339,1.1077797932277544,-0.5895290763820465,Rental & Leasing Services,Industrials,FPAY
2009Q3,2009,Q3,2009-11-16,2009-09-30,-396922.0,361833.0,-396922.0,-0.4,0.0,0.0,6338602.0,2346825.0,0.0,0.0,3991777.0,0.0,-4808314.0,7378613.0,6993722.0,1.7493175885495011,0.0,0.0,0.0,-0.1691314861568289,1.7493175885495011,-0.1691314861568289,20.392316344833112,-4.647394828203022,3.1440831762061507,0.0,0.0,0.0,0.05708403840468292,0.0,-0.06261980165342453,-5.130346419102938,0.0,0.0,-0.5535126819282611,0.843341134586104,-0.5989936582708157,0.0,-0.14132822653922686,-0.14132822653922686,-0.5535126819282611,0.843341134586104,-0.5989936582708157,Rental & Leasing Services,Industrials,FPAY
2009Q2,2009,Q2,2009-08-14,2009-06-30,-347772.0,372484.0,-347772.0,-0.4,0.0,0.0,5286173.0,2836607.0,0.0,0.0,2449566.0,0.0,-4289539.0,7117203.5,6734555.5,2.192060196114949,0.0,0.0,0.0,-0.12260140371930267,2.192060196114949,-0.12260140371930267,19.107407298031593,-5.116285598035494,2.509055184592014,0.0,0.0,0.0,0.07046383082808678,0.0,-0.06578899328493411,-16.935158306009107,0.0,0.0,-0.9789376119004439,1.560140667118205,-0.5303672594642705,0.0,-0.0671748276211255,-0.0671748276211255,-0.9789376119004439,1.560140667118205,-0.5303672594642705,Rental & Leasing Services,Industrials,FPAY
2009Q1,2009,Q1,2009-05-14,2009-03-31,-325881.0,391379.0,-325881.0,-0.4,0.0,0.0,5369863.0,3314461.0,0.0,0.0,2055402.0,0.0,-3810691.0,7117203.5,6797816.5,2.5613340267704863,0.0,0.009311224513549042,0.015085409060477707,-0.09685979418397181,2.5613340267704863,-0.09832096380075071,18.184939662066693,-5.459971201143976,2.147318523283273,0.0,0.0,0.0,0.07288435477776621,0.0,-0.060687023113997506,-18.56174335087655,0.0,-0.617910279812958,-1.1597717934646137,1.6982521372975772,0.0,0.0,-0.018607311645120153,-0.018607311645120153,-1.1597717934646137,1.6982521372975772,0.0,Rental & Leasing Services,Industrials,FPAY
2008Q4,2008,Q4,2009-03-30,2008-12-31,-319928.0,419769.0,-319928.0,-0.24723249798885194,0.0,0.0,5228833.0,3679794.0,0.0,0.0,1549039.0,0.0,-3355175.0,7117203.5,6816099.5,2.8436543931896847,0.0,0.0,0.0,,2.8436543931896847,-0.08694182337380843,16.955047895390084,-5.561566586857043,1.9341309595047984,0.0,0.0,0.0,0.08027967234753912,0.0,-0.0611853543610974,-4.959402282639522,0.0,0.1758916733704935,0.4496490460457272,1.244420174988023,-0.25656038801142383,0.0,-0.33066585699609446,-0.33066585699609446,0.4496490460457272,1.244420174988023,-0.25656038801142383,Rental & Leasing Services,Industrials,FPAY
2008Q3,2008,Q3,2008-11-13,2008-09-30,-240427.0,343443.0,-240427.0,-0.3,0.0,0.0,4227109.0,3615627.0,0.0,0.0,611482.0,0.0,-2928753.0,7117088.0,6468115.0,2.794113055789109,0.0,0.0,0.0,,2.794113055789109,-0.0664966270027301,20.722763311524766,-7.400466669716796,1.9684242871291757,0.0,0.0,0.0,0.0812477274657455,0.0,-0.056877407230331654,-6.849722771076569,0.0,0.0,0.02441465845862707,0.8139470582583025,-0.35948905892565614,0.0,0.15453349837536748,0.15453349837536748,0.02441465845862707,0.8139470582583025,-0.35948905892565614,Rental & Leasing Services,Industrials,FPAY
2008Q2,2008,Q2,2008-08-14,2008-06-30,-284372.0,284418.0,-284372.0,-0.3,0.0,0.0,4442901.0,3972732.0,0.0,0.0,470169.0,0.0,-2565644.0,7086090.0,5398084.0,3.0835095235877614,0.0,0.0,0.0,,3.0835095235877614,-0.0715809674551417,24.914351412357867,-6.229595389138171,1.7836818592344008,0.0,0.0,0.0,0.06401628125407251,0.0,-0.06400592765852761,-8.088571356821777,0.0,0.4,-0.6252756994186912,0.9634326279358018,-0.3393808114407253,0.0,0.3275365883073489,0.3275365883073489,-0.6252756994186912,0.9634326279358018,-0.3393808114407253,Rental & Leasing Services,Industrials,FPAY
2008Q1,2008,Q1,2008-05-14,2008-03-31,-422881.0,235278.0,-422881.0,-0.5,0.0,0.0,4789819.0,4375804.0,0.0,0.0,414015.0,0.0,-2156494.0,6660973.0,4096905.0,3.6131240886278926,0.0,0.0,0.0,,3.6131240886278926,-0.09664075447620597,28.311074558607263,-3.93785308396452,1.5222283722031427,0.0,0.0,0.0,0.04912043649248542,0.0,-0.08828746973528645,-7.1242181617496065,0.0,-0.11302308238435735,-1.9945992249887894,0.7331575390479549,0.0,0.0,0.20363043326786073,0.17083945248239743,-1.9945992249887894,0.7331575390479549,0.0,Rental & Leasing Services,Industrials,FPAY
2007Q4,2007,Q4,2007-12-31,2007-12-31,-531011.0,170843.0,-510011.0,-0.4492269818240268,0.0,0.0,5201277.0,4521357.0,0.0,0.0,679920.0,0.0,-1529780.0,6501302.5,3002258.5,3.8249971448029068,0.0,0.0,0.0,,3.8249971448029068,-0.11744505023602428,38.05425156430173,-3.0608134765569828,1.4379095700693398,0.0,0.0,0.0,0.03284635676969329,0.0,-0.10209242845555043,-8.763434011756825,0.0,-0.49742327274675613,0.0,0.0,0.0,0.0,-1.3587803892129122,-1.2259461158078047,0.0,0.0,0.0,Rental & Leasing Services,Industrials,FPAY
2007Q3,2007,Q3,2007-09-30,2007-09-30,-225121.0,172953.0,-229121.0,-0.3,0.0,0.0,5643349.0,5156501.0,0.0,0.0,486848.0,0.0,-786943.0,6501302.5,2241389.5,4.362319012228704,0.0,0.0,0.0,-0.04365770509886452,4.362319012228704,-0.04365770509886452,37.58999554792342,-7.219786803541207,1.260797292582703,0.0,0.0,0.0,0.03064722738218033,0.0,-0.039891383644711675,-12.43202479022771,0.0,-0.4999999999999999,0.0,0.0,0.0,0.0,-0.4023696652941213,-0.39258732503084565,0.0,0.0,0.0,Rental & Leasing Services,Industrials,FPAY
2007Q2,2007,Q2,2007-06-30,2007-06-30,-160529.0,132903.0,-164529.0,-0.2,0.0,0.0,5775103.0,5517366.0,0.0,0.0,257737.0,0.0,-448607.0,6501302.5,1749476.5,4.667605145276658,0.0,0.0,0.0,-0.02909522406162651,4.667605145276658,-0.02909522406162651,48.91765046688186,-10.124810003176995,1.1783344624953282,0.0,0.0,0.0,0.023013096043481823,0.0,-0.027796733668646257,-11.934951939316504,0.0,-1.0,0.0,0.0,0.0,0.0,-0.23572247838838553,0.0,0.0,0.0,0.0,Rental & Leasing Services,Industrials,FPAY
2007Q1,2007,Q1,2007-03-31,2007-03-31,-129907.0,124881.0,0.0,-0.1,0.0,0.0,,,,,,,,6127605.0,,,0.0,0.0,0.0,0.0,,0.0,49.06755230979893,-11.792291793359865,0.0,0.0,0.0,0.0,0.0,0.0,0.0,-33.2757974650549,0.0,0.0,0.0,0.0,0.0,0.0,0.0,0.0,0.0,0.0,0.0,Rental & Leasing Services,Industrials,FPAY
