Quarters,Year,Quarter,FillingDate,Date,NetIncome,Revenue,OperatingIncome,EPSDiluted,GrossProfit,GrossProfitRatio,TotalAssets,CommonStockEquity,CurrentAssets,CurrentLiability,TotalLiability,Inventory,RetainedEarnings,MarketCap,EnterpriseValue,bookValuePerShare,currentRatio,debtToAssets,debtToEquity,roic,shareholdersEquityPerShare,roe,priceToSalesRatio,peRatio,pbRatio,payoutRatio,inventoryTurnover,dividendYield,assetTurnover,quickRatio,returnOnAssets,priceToFreeCashFlowsRatio,grossProfitMargin,epsdilutedGrowth,fiveYNetIncomeGrowthPerShare,fiveYRevenueGrowthPerShare,fiveYShareholdersEquityGrowthPerShare,grossProfitGrowth,netIncomeGrowth,operatingIncomeGrowth,threeYNetIncomeGrowthPerShare,threeYRevenueGrowthPerShare,threeYShareholdersEquityGrowthPerShare,Industry,Sector,Symbol
2023Q1,2023,Q1,2023-04-27,2023-03-31,2532453.0,0.0,-585138.0,0.59,0.0,0.0,210248462.0,202121532.0,126401.0,6923180.0,8126930.0,0.0,-6939416.0,209098750.0,209045344.0,10.0433059378882,0.01825765038609425,0.0,0.0,-0.0024834115418114265,10.0433059378882,0.01252935783209876,0.0,20.641918132340464,1.0345199144839254,0.0,0.0,0.0,0.0,0.007714085145843384,0.012045048871748702,-809.8638599481002,0.0,0.0,0.0,0.0,0.0,0.0,1.2025608809726174,0.15559018983916706,0.0,0.0,0.0,Shell Companies,Financial Services,ARTEU
2022Q4,2022,Q4,2023-03-31,2022-12-31,-12502182.0,0.0,-692955.0,0.0,0.0,0.0,208511564.0,199589079.0,267435.0,6210035.0,8922485.0,0.0,-7913028.0,0.0,-160940.0,0.0,0.04306497467405578,0.0,0.0,-0.006888150424536984,0.0,-0.06263960965519562,0.0,0.0,0.0,0.0,0.0,,0.0,0.0259161180250997,-0.05995917809143669,0.0,0.0,-1.0,0.0,0.0,0.0,0.0,-1.8367275901050204,0.040426560169715665,0.0,0.0,0.0,Shell Companies,Financial Services,ARTEU
2022Q3,2022,Q3,2022-11-09,2022-09-30,14941759.0,0.0,-722149.0,0.35,0.0,0.0,207059040.0,199764995.0,518747.0,5287795.0,7294045.0,0.0,-6775801.0,0.0,-331377.0,0.0,0.0981027063265501,0.0,0.0,-0.007597163327523422,0.0,0.07479668297240966,0.0,0.0,0.0,0.0,0.0,,0.0,0.06266827666352422,0.07216182881945168,0.0,0.0,0.5909090909090908,0.0,0.0,0.0,0.0,0.48693645249374373,0.07643423701327767,0.0,0.0,0.0,Shell Companies,Financial Services,ARTEU
2022Q2,2022,Q2,2022-07-21,2022-06-30,10048687.0,0.0,-781914.0,0.22,0.0,0.0,206343517.0,192655190.0,792055.0,4838953.0,13688327.0,0.0,-12620313.0,0.0,-497072.0,0.0,0.16368313558738842,0.0,0.0,-0.009027858075837095,0.0,0.05215892185411667,0.0,0.0,0.0,0.0,0.0,,0.0,0.10272304773367297,0.04869882585165009,0.0,0.0,0.0,0.0,0.0,0.0,0.0,4.696660527075145,0.8169862464782947,0.0,0.0,0.0,Shell Companies,Financial Services,ARTEU
2022Q1,2022,Q1,2022-05-03,2022-03-31,1763961.0,0.0,-4272433.0,0.0,0.0,0.0,206366517.0,188487641.0,1046730.0,4311714.0,17878876.0,0.0,-16787862.0,0.0,-634135.0,0.0,0.24276424642265235,0.0,0.0,0.03187880980580127,0.0,0.009358496878848412,0.0,0.0,0.0,0.0,0.0,,0.0,0.1470726026819033,0.008547709316623298,0.0,0.0,-1.0,0.0,0.0,0.0,0.0,0.9213356845890004,-14.737734688389809,0.0,0.0,0.0,Shell Companies,Financial Services,ARTEU
2021Q4,2021,Q4,2022-01-28,2021-12-31,918091.0,0.0,-271477.0,0.063,0.0,0.0,206688920.0,189741877.0,1404037.0,396587.0,16947043.0,0.0,-15533626.0,0.0,-953329.0,0.0,3.540300110694501,0.0,0.0,-0.004062940582574313,0.0,0.004838631379197329,0.0,0.0,0.0,0.0,0.0,,0.0,2.40383320683734,0.004441897514390225,0.0,0.0,0.0,0.0,0.0,0.0,0.0,1855.729292929293,-547.4383838383839,0.0,0.0,0.0,Shell Companies,Financial Services,ARTEU
2021Q3,2021,Q3,2021-10-22,2021-09-30,-495.0,0.0,-495.0,0.0,0.0,0.0,1043189.0,13811.0,521271.0,1029378.0,1029378.0,0.0,-11189.0,0.0,143106.0,0.0,0.5063941525853477,0.15614811889312483,11.794366809065238,-0.0028013106738425495,0.0,-0.03584099630729129,0.0,0.0,0.0,0.0,0.0,,0.0,0.019221316173456203,-0.00047450653716632366,0.0,0.0,0.0,0.0,0.0,0.0,0.0,0.9455924378984392,0.9455924378984392,0.0,0.0,0.0,Shell Companies,Financial Services,ARTEU
2021Q2,2021,Q2,2021-06-30,2021-06-30,-9098.0,0.0,-9098.0,0.0,0.0,0.0,419374.0,14306.0,35846.0,405068.0,405068.0,0.0,-10694.0,0.0,133528.0,0.0,0.08849378375976379,0.38722953735806226,11.35146092548581,-0.05148839841539332,0.0,-0.6359569411435761,0.0,0.0,0.0,0.0,0.0,,0.0,0.07126210907798197,-0.021694239509363958,0.0,0.0,0.0,0.0,0.0,0.0,0.0,0.0,0.0,0.0,0.0,0.0,Shell Companies,Financial Services,ARTEU
