Year,Date,FillingDate,NetIncome,Revenue,OperatingIncome,EPSDiluted,GrossProfit,GrossProfitRatio,TotalAssets,CommonStockEquity,CurrentAssets,CurrentLiability,TotalLiability,Inventory,RetainedEarnings,EnterpriseValue,bookValuePerShare,currentRatio,debtToAssets,debtToEquity,roic,shareholdersEquityPerShare,roe,priceToSalesRatio,peRatio,pbRatio,payoutRatio,inventoryTurnover,dividendYield,assetTurnover,quickRatio,returnOnAssets,priceToFreeCashFlowsRatio,grossProfitMargin,epsdilutedGrowth,fiveYNetIncomeGrowthPerShare,fiveYRevenueGrowthPerShare,fiveYShareholdersEquityGrowthPerShare,grossProfitGrowth,netIncomeGrowth,operatingIncomeGrowth,threeYNetIncomeGrowthPerShare,threeYRevenueGrowthPerShare,threeYShareholdersEquityGrowthPerShare,Industry,Sector,Price,MarketCap,AvgVolume,Symbol
2021,2021-05-31,2021-05-31,8210603.0,8346988.0,0.0,1.42,0.0,0.0,143808818.0,90309870.0,0.0,0.0,53498948.0,0.0,9357905.0,94260343.5,15.61882978806198,0.0,8.253318652546049e-05,0.00013142528053688927,0.0,15.61882978806198,0.09091589878271333,11.29131544216908,11.47887365885307,1.0436121157078402,0.4261397122720463,0.0,0.037123826338430546,0.05804225440473337,0.0,0.05709387723359217,31.44056652648006,0.0,6.473684210526316,3.3030301678776985,2.7851384806508563,0.08469395869739352,0.0,6.113329278773513,0.0,3.3030301678776985,2.7851384806508563,0.08469395869739352,Asset Management,Financial Services,11.27,65220166,9345,NMS
2020,2020-05-31,2020-05-31,1154256.0,1305523.0,0.0,0.19,0.0,0.0,139177176.0,85643938.0,0.0,0.0,53533238.0,0.0,4692501.0,83163866.64,14.097693312561974,0.0,0.0,0.0,0.0,14.097693312561974,0.013477381201224072,64.07638213957165,72.47368923358422,0.9767555368600636,2.9009240584411082,0.0,0.04002727181572569,0.009380295228867123,0.0,0.008293428801860443,22.079597182154348,0.0,-0.8303571428571429,-0.42424246119413966,-0.43652498167029885,-0.020945680617341207,0.0,-0.8208510450728201,0.0,-0.42424246119413966,-0.43652498167029885,-0.020945680617341207,Asset Management,Financial Services,11.27,65220166,9345,NMS
2019,2019-05-31,2019-05-31,6442996.0,6586372.0,0.0,1.12,0.0,0.0,141073938.0,87811663.0,0.0,0.0,53262275.0,0.0,6846978.0,79130220.4325,15.264492257949563,0.0,0.0,0.0,0.0,15.264492257949563,0.07337289580770154,12.02167800915284,12.289196428571428,0.9016939291139492,0.5649742759424342,0.0,0.045973248065993386,0.046687376090685156,0.0,0.04567105796678051,20.836571725544097,0.0,2.393939393939394,2.3939394113483186,2.0020306775274554,0.06008598335813569,0.0,2.304880125568083,0.0,2.3939394113483186,2.0020306775274554,0.06008598335813569,Asset Management,Financial Services,11.27,65220166,9345,NMS
2018,2018-05-31,2018-05-31,1949540.0,2253095.0,0.0,0.33,0.0,0.0,138673895.0,85066680.0,0.0,0.0,53607215.0,0.0,-339465.0,80185100.9697,14.399296375558869,0.0,0.0,0.0,0.0,14.399296375558869,0.02291778637652251,35.65995662397724,41.21242445381988,0.9444975396912163,2.180408711798681,0.0,0.05290658680471259,0.01624743431343008,0.0,0.014058449861814294,39.992986489538985,0.0,0.0,0.0,0.0,0.0,0.0,0.0,0.0,0.0,0.0,0.0,Asset Management,Financial Services,11.27,65220166,9345,NMS
2013,2013-08-31,2013-08-31,0.0,0.0,0.0,-1.023984,0.0,0.0,,,,,,,,,,0.0,0.0,0.0,0.0,,0.0,0.0,0.0,0.0,0.0,0.0,,0.0,0.0,0.0,0.0,0.0,-1.4195672162099704,0.0,0.0,0.0,0.0,0.0,0.0,0.0,0.0,0.0,Asset Management,Financial Services,11.27,65220166,9345,NMS
2012,2012-08-31,2012-08-31,0.0,0.0,0.0,2.440572,0.0,0.0,,,,,,,,,,0.0,0.0,0.0,0.0,,0.0,0.0,0.0,0.0,0.0,0.0,,0.0,0.0,0.0,0.0,0.0,15.807768327536932,0.0,0.0,0.0,0.0,0.0,0.0,0.0,0.0,0.0,Asset Management,Financial Services,11.27,65220166,9345,NMS
2011,2011-08-31,2011-08-31,0.0,0.0,0.0,0.145205,0.0,0.0,,,,,,,,,,0.0,0.0,0.0,0.0,,0.0,0.0,0.0,0.0,0.0,0.0,,0.0,0.0,0.0,0.0,0.0,-0.9481911594754643,0.0,0.0,0.0,0.0,0.0,0.0,0.0,0.0,0.0,Asset Management,Financial Services,11.27,65220166,9345,NMS
2010,2010-08-31,2010-08-31,0.0,0.0,0.0,2.802707,0.0,0.0,,,,,,,,,,0.0,0.0,0.0,0.0,,0.0,0.0,0.0,0.0,0.0,0.0,,0.0,0.0,0.0,0.0,0.0,0.0,0.0,0.0,0.0,0.0,0.0,0.0,0.0,0.0,0.0,Asset Management,Financial Services,11.27,65220166,9345,NMS
TTM,,,,,,,,,,,,,,,,65232035.0,15.61882978806198,0.0,8.253318652546049e-05,0.00013142528053688927,0.0,15.61882978806198,0.09332680086128059,7.813616839990665,7.936620008299024,0.7215649413513717,0.4261397122720463,0.0,0.043655723158828735,0.05804225440473337,0.0,0.05709387723359217,21.756945975725824,0.0,,,,,,,,,,,Asset Management,Financial Services,11.27,65220166,9345,NMS
