Year,Date,FillingDate,NetIncome,Revenue,OperatingIncome,EPSDiluted,GrossProfit,GrossProfitRatio,TotalAssets,CommonStockEquity,CurrentAssets,CurrentLiability,TotalLiability,Inventory,RetainedEarnings,EnterpriseValue,bookValuePerShare,currentRatio,debtToAssets,debtToEquity,roic,shareholdersEquityPerShare,roe,priceToSalesRatio,peRatio,pbRatio,payoutRatio,inventoryTurnover,dividendYield,assetTurnover,quickRatio,returnOnAssets,priceToFreeCashFlowsRatio,grossProfitMargin,epsdilutedGrowth,fiveYNetIncomeGrowthPerShare,fiveYRevenueGrowthPerShare,fiveYShareholdersEquityGrowthPerShare,grossProfitGrowth,netIncomeGrowth,operatingIncomeGrowth,threeYNetIncomeGrowthPerShare,threeYRevenueGrowthPerShare,threeYShareholdersEquityGrowthPerShare,Industry,Sector,Price,MarketCap,AvgVolume,Symbol
2022,2022-12-31,2023-03-23,-42305000.0,136092000.0,-35421000.0,-0.57,-6700000.0,-0.0492314023,164810000.0,2596000.0,81087000.0,151371000.0,162214000.0,15720000.0,-351519000.0,190650000.0,0.034880752435337586,0.5356838496145233,0.7255870396213822,46.06471494607088,-0.2649755587797869,0.034880752435337586,-16.296224961479197,0.6124974282103284,-1.9703581136981445,32.109399075500775,0.0,9.083460559796437,0.0,0.8257508646320005,0.40444999372402907,-0.2566895212669134,-1.8501764588373697,-0.04923140228668842,-0.3571428571428571,-0.19473947094420985,-0.6679588488376046,-0.9924181437326285,-3.057739557739558,-0.3858677848391535,-0.5099752749595021,0.5648016605841457,-0.09990513430011472,-0.9881735254416303,Oil & Gas Equipment & Services,Energy,0.78,68641560,220857,FTK
2021,2021-12-31,2022-03-31,-30526000.0,43268000.0,-23458000.0,-0.42,3256000.0,0.0752519183,50244000.0,20192000.0,42599000.0,18777000.0,30052000.0,9454000.0,-309214000.0,84626929.99999999,0.2752416133913115,2.268679767801033,0.2639718175304514,0.656844294770206,-0.5587241077663784,0.2752416133913115,-1.5117868462757529,1.915917768327632,-2.7156499377579766,4.105483854992076,0.0,4.23228263169029,0.0,0.8611575511503862,1.3235873675240986,-0.6075551309609107,-3.2032895397812893,0.07525191827678654,0.79,0.5249710214475928,-0.8741406311598174,-0.9462750915446749,-0.9345251261839168,0.7762843532429461,0.6220170477433493,0.6714082705060759,-0.8075905803156667,-0.9208296761862224,Oil & Gas Equipment & Services,Energy,0.78,68641560,220857,FTK
2020,2020-12-31,2021-03-16,-136450000.0,53141000.0,-62061000.0,-2.0,49729000.0,0.9357934551,86210000.0,47171000.0,66455000.0,28861000.0,39039000.0,11837000.0,-278688000.0,120283320.0,0.6905228949525706,2.302588267904785,0.17173181765456444,0.31385809077611243,-0.8348667225913233,0.6905228949525706,-2.892667104788959,2.712375002352233,-1.0563453279589592,3.0556553814843865,-0.03508977647489923,0.2882487116668075,0.033218092177014415,0.6164134091172718,1.7610962891098714,-1.5827630205312608,-2.9254190091534573,0.9357934551476261,-0.5267175572519084,-7.080469877005551,-0.8732962797345388,-0.8719391851680327,-0.5515384892864873,-0.7781976933602659,0.17444629198536749,-3.1983331217634916,-0.8587427068568163,-0.8499044609612344,Oil & Gas Equipment & Services,Energy,0.78,68641560,220857,FTK
2019,2019-12-31,2020-03-06,-76735000.0,119353000.0,-75175000.0,-1.31,110888000.0,0.9290759344,231847000.0,173276000.0,152395000.0,41324000.0,58571000.0,21697000.0,-139844000.0,34597000.0,2.9493787234042554,3.687808537411674,0.0762226813372612,0.1019875805073986,-0.35940274527887556,2.9493787234042554,-0.44284840370276324,0.9844746256901795,-1.5312438913142632,0.6781089129481289,0.0,0.39014610314790066,0.0,0.5147920827097181,2.827509437614945,-0.33097258105560995,-5.312895641164768,0.9290759344130437,-0.03149606299212601,-2.32825261367953,-0.7534463447387657,-0.4746012830217698,-0.34213352159803506,-0.04485233044212361,-1.2729334220233417,-0.4910804405160431,-0.5664796986409246,-0.424305431280475,Oil & Gas Equipment & Services,Energy,0.78,68641560,220857,FTK
2018,2018-12-31,2019-03-08,-73441000.0,177773000.0,-33074000.0,-1.27,168557000.0,0.9481586068,285883000.0,201624000.0,194782000.0,84259000.0,84259000.0,27289000.0,-107565000.0,109901550.0,3.476575566859212,2.3117055744786907,0.1739557791124341,0.24665218426377813,-0.11981072895234274,3.476575566859212,-0.364247311827957,0.35559140026888225,-0.8607528492259093,0.31352691147879225,0.0,0.3377184946315365,0.0,0.6218383044812038,0.5133220190128057,-0.25689180538891787,-2.5612637251326933,0.9481586067625567,-4.521739130434782,-2.797256616113283,-0.5758378880282434,-0.28525797969204214,0.8768177263111012,-1.6808176674575652,-17.888635065676755,-4.12280830745441,-0.5007341130025557,-0.35525222527563055,Oil & Gas Equipment & Services,Energy,0.78,68641560,220857,FTK
2017,2017-12-31,2018-03-08,-27395000.0,317098000.0,-1751000.0,-0.23,89810000.0,0.2832247444,329888000.0,264900000.0,138451000.0,64630000.0,64630000.0,75759000.0,-37225000.0,291688800.0,4.600555748523793,2.1422095002320902,0.08472572509457756,0.10551151377878444,-0.018533865810849228,4.600555748523793,-0.10341638354095885,0.8461825681650468,-9.79459025369593,1.0129211023027558,0.0,3.0001451972702915,0.0,0.9612292656901736,0.8266749187683738,-0.08304333592006984,38.28807077625571,0.2832247444007846,-7.804733727810652,-1.4604268680876966,-0.1517417591507417,0.43267484484339797,-0.009572332870155936,0.44239772033380825,0.770360655737705,-1.483832120605558,-0.3316440494098921,-0.18046262811874234,Oil & Gas Equipment & Services,Energy,0.78,68641560,220857,FTK
2016,2016-12-31,2017-02-08,-49130000.0,262832000.0,-7625000.0,0.0338,90678000.0,0.3450036525,386588000.0,287343000.0,188670000.0,91054000.0,98887000.0,58283000.0,-9830000.0,570232930.0,5.123165795995507,2.0720671250027456,0.12519529835380303,0.1684363287081989,-0.013775340117501773,5.123165795995507,-0.1709803266479434,2.0037778124429297,-10.719660696112356,1.8328510873764108,0.0,2.9537601015733577,0.0,0.6798762506854843,0.7108638829705449,-0.12708620029592227,-42.244078767947386,0.34500365252328485,1.1352,-2.2335347575283326,-0.1990893854140791,1.8939755803607408,-0.21224915298410216,-2.649532016045164,-8.741116751269036,-2.243216069960052,-0.35155573582925176,0.0532611188746648,Oil & Gas Equipment & Services,Energy,0.78,68641560,220857,FTK
2015,2015-12-31,2016-01-27,-13462000.0,334359000.0,985000.0,-0.25,115110000.0,0.3442706791,403090000.0,293651000.0,151742000.0,67003000.0,109081000.0,85492000.0,39300000.0,671348960.0,5.3921482215979,2.264704565467218,0.1253963134783795,0.1721295006657563,0.0018244294863137645,5.3921482215979,-0.04584353535319138,1.863299507415682,-46.27922745505868,2.1216033999543673,0.0,2.564555747906237,0.0,0.8294896921283088,0.8373505663925496,-0.03339700811233223,112.35544815148782,0.3442706791203467,-1.2577319587628866,0.8536620709475041,0.07482031786434488,41.181107990134834,-0.37084264780633913,-1.2511426599257505,-0.9878226683809712,-1.2392219016796513,-0.054308249688956624,0.6791873719233167,Oil & Gas Equipment & Services,Energy,0.78,68641560,220857,FTK
2014,2014-12-31,2015-01-27,53603000.0,449157000.0,80888000.0,0.97,182959000.0,0.4073386366,423276000.0,306003000.0,179599000.0,65542000.0,116922000.0,85958000.0,52762000.0,1063766030.0,5.613600924584029,2.740212382899515,0.10404794980107542,0.14392342558733084,0.15702240742479584,5.613600924584029,0.17517148524687667,2.2731272806613276,19.047274033169785,3.336539282294618,0.0,3.096837990646595,0.0,1.0611445014600402,1.2189130633792071,0.1266384108713936,36.2259093812092,0.40733863660145564,0.4477611940298506,1.3800138525229804,0.4345437303110444,2.4772241928691923,0.2401729852840497,0.48164630438387973,0.37737969553519735,0.3847513121408154,0.40825740599580884,2.1710127371507193,Oil & Gas Equipment & Services,Energy,0.78,68641560,220857,FTK
2013,2013-12-31,2014-02-10,36178000.0,371065000.0,58726000.0,0.67,147527000.0,0.3975772439,375581000.0,249752000.0,137661000.0,62564000.0,125829000.0,63132000.0,-841000.0,1089889220.0,4.864098469208897,2.200322869381753,0.1653571400044198,0.24866667734392517,0.11962604649708276,4.864098469208897,0.14485569685127647,2.77717979329767,28.484554701752444,4.126150020820654,0.0,3.540803396059051,0.0,0.9879759625753166,1.0828271849625983,0.09632542647258514,42.137480372914624,0.39757724387910476,-0.3092783505154639,1.416190611040633,-0.39686193466634523,0.8093997479951154,0.12086400899566171,-0.2734028238034986,0.0017911669879394755,1.4171141460405385,0.26513213749074493,37.246196846572296,Oil & Gas Equipment & Services,Energy,0.78,68641560,220857,FTK
2012,2012-12-31,2013-03-13,49791000.0,312828000.0,58621000.0,0.97,131619000.0,0.4207391921,219867000.0,154730000.0,96214000.0,41931000.0,65137000.0,45177000.0,-37019000.0,617074000.0,3.2111653004046903,2.294579189621044,0.14516503158727775,0.2062754475538034,0.3440113196690038,3.2111653004046903,0.32179280036192076,1.8791700231437083,11.806491132935669,3.799243844115556,0.0,4.011089713792416,0.0,1.4228056052067841,1.0722138751758843,0.22645963241414127,20.415954712787386,0.42073919214392574,0.732142857142857,0.13285127264435057,-0.24652881681910208,-0.23979358285045105,0.2438007938007938,0.5852967396841569,0.19908771068564882,1.3993314049836498,0.13029946820817354,0.989087186616612,Oil & Gas Equipment & Services,Energy,0.78,68641560,220857,FTK
2011,2011-12-31,2012-03-07,31408000.0,258785000.0,48888000.0,0.56,105820000.0,0.408910872,232012000.0,78298000.0,132061000.0,33699000.0,153714000.0,37888000.0,-86810000.0,495218840.00000006,1.7702864636324585,3.9188403216712664,0.43696015723324655,1.294796801961736,0.2176139574222288,1.7702864636324585,0.4011341285856599,1.702265741832023,14.025752674477841,5.626208076834658,0.0,4.0372941300675675,0.0,1.1153948933675844,2.7077658090744534,0.13537230832887953,19.84775129533679,0.4089108719593485,1.3313609467455623,0.08176342529663651,0.0051889690318432675,-0.42797935008680393,0.9977345667358882,1.7226043943402738,15.182720953326713,1.4194570543346234,-0.5116790664950122,-0.3414697705129519,Oil & Gas Equipment & Services,Energy,0.78,68641560,220857,FTK
2010,2010-12-31,2011-03-16,-43465000.0,146982000.0,3021000.0,-1.69,52970000.0,0.3603842647,184807000.0,-3453000.0,79757000.0,34232000.0,188260000.0,27845000.0,-113350000.0,253506950.0,-0.13419610586452138,2.3298960037391914,0.7204056123415239,-38.55661743411526,0.020659635649174207,-0.13419610586452138,12.587604981175788,0.9540892762379067,-3.226364891291844,-40.61220677671591,0.0,3.37626144729754,0.0,0.7953270168337779,1.4648866557606917,-0.23519130768856158,23.22138599105812,0.36038426473990015,0.34749034749034746,-4.195954558068081,0.5781545206805834,-1.0556776225565312,0.8026817315545876,0.14278670742530322,1.2068752995959735,-2.851897437095599,-0.33705060260945996,-1.0317693831649941,Oil & Gas Equipment & Services,Energy,0.78,68641560,220857,FTK
2009,2009-12-31,2010-03-31,-50705000.0,112550000.0,-14603000.0,-2.59,29384000.0,0.2610750777,178610000.0,31634000.0,56579000.0,24583000.0,146976000.0,27232000.0,-63633000.0,147911300.0,1.6143914263842818,2.3015498515234105,0.7174234365377079,4.050673326168047,-0.09518283313871341,1.6143914263842818,-1.6028640070809888,0.2332945357618836,-0.5178443940439799,0.8300341404817602,0.0,3.0539806110458283,0.0,0.6301438889199933,1.1269576536631005,-0.283886680477017,-6.0071608327613815,0.26107507774322525,-0.5325443786982248,-17.00248028105213,2.4961664484727333,3.458182909998378,-0.6762307726210939,-0.5874581259196644,-1.084689439192716,-4.941891361749435,-0.013229934958165603,-0.47835265540032085,Oil & Gas Equipment & Services,Energy,0.78,68641560,220857,FTK
2008,2008-12-31,2009-03-16,-31941000.0,226063000.0,172430000.0,-1.69,90756000.0,0.4014633089,243770000.0,50719000.0,77638000.0,48573000.0,193051000.0,38027000.0,-8477000.0,200846840.0,2.688238723697461,1.5983776995450147,0.629671411576486,3.026380646306118,0.6565161137119376,2.688238723697461,-0.6297639937695932,0.2103167701039091,-1.4885207100591717,0.9374167471756146,0.0,3.558182344123912,0.0,0.9273618574886163,0.7699339139027855,-0.131029248882143,42.64111210762332,0.4014633089006162,-2.9204545454545454,-0.19170033088387392,8.647635557876434,11.550702413178172,0.34034351877833735,-2.9095474382734503,4.808461901232905,-4.203046442926087,2.3103100546884034,0.11534340013549788,Oil & Gas Equipment & Services,Energy,0.78,68641560,220857,FTK
TTM,,,,,,,,,,,,,,,,110613560.0,0.5782730143308235,0.8279039190897598,0.3329803902367371,0.9521684343169169,-0.07092102586138796,0.5782730143308235,-0.3447428234699891,0.40089451644366053,-7.52786091033405,1.3488438517273966,0.0,11.01515342052314,0.0,1.047941097265405,0.6203590391908976,-0.06266066051362401,-1.9286212806608412,-0.023151365778730414,,,,,,,,,,,Oil & Gas Equipment & Services,Energy,0.78,68641560,220857,FTK
