Quarters,Year,Quarter,FillingDate,Date,NetIncome,Revenue,OperatingIncome,EPSDiluted,GrossProfit,GrossProfitRatio,TotalAssets,CommonStockEquity,CurrentAssets,CurrentLiability,TotalLiability,Inventory,RetainedEarnings,MarketCap,EnterpriseValue,bookValuePerShare,currentRatio,debtToAssets,debtToEquity,roic,shareholdersEquityPerShare,roe,priceToSalesRatio,peRatio,pbRatio,payoutRatio,inventoryTurnover,dividendYield,assetTurnover,quickRatio,returnOnAssets,priceToFreeCashFlowsRatio,grossProfitMargin,epsdilutedGrowth,fiveYNetIncomeGrowthPerShare,fiveYRevenueGrowthPerShare,fiveYShareholdersEquityGrowthPerShare,grossProfitGrowth,netIncomeGrowth,operatingIncomeGrowth,threeYNetIncomeGrowthPerShare,threeYRevenueGrowthPerShare,threeYShareholdersEquityGrowthPerShare,Industry,Sector,Symbol
2023Q1,2023,Q1,2023-05-11,2023-03-31,21343000.0,48007000.0,18511000.0,0.02,1880000.0,0.0391609557,163388000.0,57138000.0,81859000.0,98875000.0,106250000.0,15904000.0,-330176000.0,68177520.0,110149520.0,0.5782730143308235,0.8279039190897598,0.3329803902367371,0.9521684343169169,0.1519457811460753,0.5782730143308235,0.37353425041128496,1.4201578936405108,0.7985934498430398,1.1932080226819277,0.0,2.9003395372233403,0.0,0.29382206771611136,0.6203590391908976,0.13062770827722966,69.35658189216683,0.039160955693961295,1.076923076923077,183.60026153541256,-0.5402878274060845,-0.8759201269319719,2.236842105263158,2.1217217638093238,2.095519914777771,1.2020551508285515,0.49732214882320197,-0.6816931688008909,Oil & Gas Equipment & Services,Energy,FTK
2022Q4,2022,Q4,2023-03-23,2022-12-31,-19027000.0,48218000.0,-16897000.0,-0.26,-1520000.0,-0.0315234974,164810000.0,2596000.0,81087000.0,151371000.0,162214000.0,15720000.0,-351519000.0,83356000.00000001,190650000.0,0.034880752435337586,0.5356838496145233,0.7255870396213822,46.06471494607088,-0.12565562407701275,0.034880752435337586,-7.3293528505392915,1.728732008793397,-1.09523308981973,32.109399075500775,0.0,3.163994910941476,0.0,0.29256719859231844,0.40444999372402907,-0.11544809174200595,36.43181818181819,-0.031523497449085405,-0.040000000000000036,-0.8823826680831794,-0.48894917801847887,-0.9924687069977669,0.24715205547300645,-0.012397573693732043,-0.03796301984151361,0.5938238513508515,0.9577557972796391,-0.9881223948111992,Oil & Gas Equipment & Services,Energy,FTK
2022Q3,2022,Q3,2022-11-10,2022-09-30,-18794000.0,45623000.0,-16279000.0,-0.25,-2019000.0,-0.0442539947,164019000.0,20498000.0,83350000.0,133901000.0,143521000.0,19189000.0,-332492000.0,75312000.0,170976000.0,0.2721744210749947,0.622474813481602,0.6351215407971028,5.082056786027906,-0.12340068898023457,0.2721744210749947,-0.9168699385305884,1.6507463340858777,-1.0018090880068107,3.6741145477607575,0.0,2.4827765907551202,0.0,0.27815679890744366,0.4422446434305942,-0.11458428596686969,-3.2155757653387984,-0.04425399469565789,-5.999999999999999,-3.6339443175363195,-0.560843220159367,-0.9425999480003739,0.12407809110629067,-4.011858974358974,-3.7037037037037037,-0.31151352388848164,0.633705023902977,-0.9241448033351646,Oil & Gas Equipment & Services,Energy,FTK
2022Q2,2022,Q2,2022-08-11,2022-06-30,6240000.0,29373000.0,6021000.0,0.05,-2305000.0,-0.078473428,163471000.0,38558000.0,80518000.0,114998000.0,124913000.0,13249000.0,-313698000.0,74262112.0,138912112.0,0.5150612468441511,0.7001686985860623,0.5978675116687363,2.5347269049224543,0.04125335986797797,0.5150612468441511,0.16183412002697237,2.5282440336363328,2.975244871794872,1.9259845427667412,0.0,2.390972903615367,0.0,0.17968324656972795,0.545174698690412,0.03817190816719785,-4.809410789456641,-0.0784734279780751,1.3333333333333335,2.2604261099537863,-0.7334959995361183,-0.8922784958104808,-3.8121085594989563,1.5818724356583365,1.5854725787631272,1.334651293146323,-0.337142392867203,-0.8638250890712481,Oil & Gas Equipment & Services,Energy,FTK
2022Q1,2022,Q1,2022-05-16,2022-03-31,-10724000.0,12879000.0,-10284000.0,-0.15,-479000.0,-0.0371923286,72218000.0,13104000.0,57946000.0,48942000.0,59114000.0,10143000.0,-319938000.0,93061080.0,112178080.0,0.1774215386281784,1.1839728658411999,0.6086017336398127,3.354090354090354,-0.15923182026453175,0.1774215386281784,-0.8183760683760684,7.225800139762404,-2.169458224543081,7.10173076923077,0.0,1.3169673666568076,0.0,0.17833504112548118,0.8507825589473254,-0.14849483508266637,-10.981954212886476,-0.03719232859694076,0.3478260869565218,0.30088680954844865,-0.8742184486115532,-0.9633039653234869,0.9823018658784408,0.33757489653468403,0.372276139901117,-1.2568991293067446,-0.7646846503066534,-0.9559380571785956,Oil & Gas Equipment & Services,Energy,FTK
2021Q4,2021,Q4,2022-03-31,2021-12-31,-16189000.0,12154000.0,-16383000.0,-0.23,-27065000.0,-2.2268389008,50244000.0,20192000.0,42599000.0,18777000.0,30052000.0,9454000.0,-309214000.0,78336120.0,80065120.0,0.29126997865097226,2.268679767801033,0.2639718175304514,0.656844294770206,-0.38904045174884666,0.29126997865097226,-0.8017531695721077,6.445295376007898,-1.2097121502254617,3.879562202852614,0.0,4.148402792468796,0.0,0.2418995302921742,1.3235873675240986,-0.3222076267813072,-10.35370340999207,-2.2268389007734077,-24.0,0.030794864568132574,-0.7726348032331912,-0.9414425125139315,-3.721194450030163,-32.80550098231827,-26.92246835443038,-2.596784029549666,-0.7638772209547235,-0.9154651959056515,Oil & Gas Equipment & Services,Energy,FTK
2021Q3,2021,Q3,2021-11-09,2021-09-30,509000.0,10179000.0,632000.0,0.01,9946000.0,0.9771097357,64554000.0,35283000.0,46356000.0,17767000.0,29271000.0,8818000.0,-293025000.0,87348240.0,80195240.0,0.5089579366453176,2.6091067709799067,0.20717538804721627,0.37904940056117675,0.010975959942700418,0.5089579366453176,0.014426210923107445,8.581220159151194,42.90188605108055,2.475646628688037,0.0,0.02642322522113858,0.0,0.15768194070080863,1.8090842573310069,0.007884871580382315,-12.407420454545454,0.9771097357304254,1.106269925611052,1.1521381985717192,-0.8866080009715547,-0.9035853601593352,0.11602333931777378,1.0777574091047968,1.0839086563993627,1.1089007142247942,-0.8793741155112879,-0.8460601202851527,Oil & Gas Equipment & Services,Energy,FTK
2021Q2,2021,Q2,2021-08-09,2021-06-30,-6546000.0,9165000.0,-7532000.0,-0.0941,8912000.0,0.9723949809,71418000.0,33894000.0,52905000.0,29337000.0,37524000.0,11499000.0,-293534000.0,120288630.0,106022630.0,0.4874660223497433,1.8033541261887718,0.1892380072250693,0.39874314037882813,-0.13460597334224436,0.4874660223497433,-0.19313152770401842,13.12478232405892,-4.593974564619615,3.5489653035935564,0.0,0.022001913209844334,0.0,0.12832899269091824,1.2804649418822647,-0.09165756531966732,-20.084927366839207,0.9723949809056192,0.21583333333333327,-1.2673268038716543,-0.8999186798797779,-0.8994826719470338,-0.22254209194800664,0.21132530120481927,0.08603324839218542,0.9277356668797815,-0.8709032285258188,-0.8548156642733247,Oil & Gas Equipment & Services,Energy,FTK
2021Q1,2021,Q1,2021-05-10,2021-03-31,-8300000.0,11770000.0,-8241000.0,-0.12,11463000.0,0.9739167375,78717000.0,39631000.0,59901000.0,30161000.0,39086000.0,11616000.0,-286988000.0,114990960.0,95547960.0,0.5790027320408492,1.9860415768707933,0.18422958192004268,0.36592566425273143,-0.13096651832667341,0.5790027320408492,-0.2094320102949711,9.769835174171623,-3.46358313253012,2.9015407130781457,0.0,0.026429063360881543,0.0,0.1495229747068613,1.5092337787208647,-0.10544101020110014,-21.7621044663134,0.9739167374681393,0.5384615384615385,0.7800778253835836,-0.8697774021907463,-0.880827873331262,-0.03436947182208744,0.5305164319248826,0.5354304075765263,-104.63170196615793,-0.8372969891593093,-0.8757635516144461,Oil & Gas Equipment & Services,Energy,FTK
2020Q4,2020,Q4,2021-03-16,2020-12-31,-17679000.0,12106000.0,-17739000.0,-0.26,11871000.0,0.9805881381,86210000.0,47171000.0,66455000.0,28861000.0,39039000.0,11837000.0,-278688000.0,143937870.0,120082870.0,0.6914845273172376,2.302588267904785,0.17173181765456444,0.31385809077611243,-0.25089930849642006,0.6914845273172376,-0.3747853554090437,11.889795968941021,-2.0354356864076024,3.0514059485700957,0.0,0.01985300329475374,0.0,0.1404245447163902,1.7610962891098714,-0.20506901751536943,-15.424118088298329,0.9805881381133322,0.6060606060606061,-9.286792942841492,-0.874234469016645,-0.8714806265535612,-0.02863922755911955,0.6092261444265158,0.1712296766959447,-0.9081895801498662,-0.860014905429836,-0.8506978141772867,Oil & Gas Equipment & Services,Energy,FTK
2020Q3,2020,Q3,2020-11-16,2020-09-30,-45241000.0,12739000.0,-21404000.0,-0.66,12221000.0,0.9593374676,98473000.0,64129000.0,79037000.0,23503000.0,34344000.0,14370000.0,-261008000.0,184868070.0,150569070.0,0.9400735886949001,3.362847296089861,0.1512495811034497,0.23225061984437617,-0.2420938033955006,0.9400735886949001,-0.7054686647226683,14.511976607269016,-1.0215737384231118,2.8827530446443888,0.0,0.0360473208072373,0.0,0.12936540980776456,2.5773731013062164,-0.45942542625897453,-17.32109716106062,0.9593374676191224,-3.714285714285714,-19.326945846491736,-0.8841051867577085,-0.8261705171660351,0.45280551592962437,-3.731827214726493,-1.087584121720472,-11.315026448716528,-0.864623695481328,-0.8017437764304306,Oil & Gas Equipment & Services,Energy,FTK
2020Q2,2020,Q2,2020-08-17,2020-06-30,-9561000.0,8880000.0,-10253000.0,-0.14,8412000.0,0.9472972973,142196000.0,108706000.0,101289000.0,21600000.0,33490000.0,23338000.0,-215766000.0,79242000.0,34322000.0,1.6461876277731506,4.689305555555555,0.10553039466651663,0.1380420583960407,-0.07680592869183653,1.6461876277731506,-0.08795282689087999,8.92364864864865,-2.0720112958895514,0.7289570032932864,0.0,0.020053132230696716,0.0,0.06244901403696306,3.466666666666667,-0.06723817828912206,-9.079055912007332,0.9472972972972973,0.8691588785046729,0.373817332873674,-0.9161541437592754,-0.6917754119548465,-0.5116400580551524,0.8505323057201369,0.19038218572331017,-1.189361927736289,-0.9086623496929225,-0.6557112216684458,Oil & Gas Equipment & Services,Energy,FTK
2020Q1,2020,Q1,2020-06-12,2020-03-31,-63967000.0,19416000.0,-12664000.0,-1.07,17225000.0,0.8871549238,136774000.0,108705000.0,126186000.0,18171000.0,28069000.0,16322000.0,-205058000.0,53254040.0,-15887960.0,1.8167156895514407,6.94436189532772,0.08130931317355637,0.10230440182144336,-0.08820441791258118,1.8167156895514407,-0.5884457936617451,2.742791512154924,-0.20813091125111385,0.4898950370268157,0.0,0.134236000490136,0.0,0.14195680465585564,5.514005833470915,-0.46768391653384417,-2.592951601908657,0.8871549237742068,-0.6984126984126985,-37.420474886582184,-0.7855163170447769,-0.6760902346735187,-0.015601783060921248,-0.72241370025311,0.6510814161730266,-4.147325870709934,-0.7659387301652592,-0.6242493303991843,Oil & Gas Equipment & Services,Energy,FTK
2019Q4,2019,Q4,2020-03-06,2019-12-31,-37138000.0,19526000.0,-36295000.0,-0.63,17498000.0,0.896138482,231847000.0,173276000.0,152395000.0,41324000.0,58571000.0,21697000.0,-139844000.0,118008000.0,35105000.0,2.9366822588299097,3.687808537411674,0.0762226813372612,0.1019875805073986,-0.17857341426272186,2.9366822588299097,-0.21432858560908608,6.043634128853836,-0.7943884969572943,0.6810406519079388,0.0,0.09346914319952067,0.0,0.0842193343023632,2.827509437614945,-0.16018322428153048,-20.882675632631393,0.8961384820239681,-2.3157894736842106,-3.113779099507508,-0.8547424574719674,-0.47552904564643295,-0.11719893042732456,-2.3079184109735458,-2.0628691983122365,-1.6122597252475732,-0.5708390486475539,-0.409603641891098,Oil & Gas Equipment & Services,Energy,FTK
2019Q3,2019,Q3,2019-11-12,2019-09-30,-11227000.0,21879000.0,-11850000.0,-0.19,19821000.0,0.9059372001,249357000.0,211711000.0,166498000.0,19413000.0,37646000.0,24333000.0,-100281000.0,129808800.00000001,41693800.000000015,3.588078774320385,8.576623911811673,0.07571072799239645,0.08917344871074248,-0.04670629823946798,3.588078774320385,-0.0530298378449868,5.933031674208145,-2.8905495680057007,0.6131414994969558,0.0,0.08457650104795957,0.0,0.08774167157930196,6.300983876783599,-0.04502380121672943,13.86846153846154,0.9059372000548471,0.13636363636363635,-1.7304505242462092,-0.8260030714953835,-0.33864676882678024,-0.3914898842599699,0.23092204411563227,0.1452066652239775,-2.942633149712269,-0.7136435796090259,-0.3202909359735266,Oil & Gas Equipment & Services,Energy,FTK
2019Q2,2019,Q2,2019-08-08,2019-06-30,-14598000.0,34692000.0,-13863000.0,-0.22,32573000.0,0.9389196357,263816000.0,221676000.0,179179000.0,23575000.0,42140000.0,26442000.0,-89171000.0,195750720.0,117404720.0,3.782350532350532,7.600381760339342,0.07263774752099948,0.08644598422923547,-0.052542215135161045,3.782350532350532,-0.06585286634547718,5.642531995849187,-3.352355117139334,0.8830487738862123,0.0,0.08013765978367748,0.0,0.13150074294205052,5.585153764581124,-0.05533402068108075,245.60943538268506,0.9389196356508706,0.15384615384615388,-2.232759841751328,-0.6928713976013584,-0.26185222212196546,-0.20545906917748072,-1.4424709020368573,-0.05269952160376642,-4.99864352989353,-0.5505602628557869,-0.2200650879440921,Oil & Gas Equipment & Services,Energy,FTK
2019Q1,2019,Q1,2019-05-09,2019-03-31,32992000.0,43256000.0,-13169000.0,-0.26,40996000.0,0.9477529129,282792000.0,235047000.0,192673000.0,29083000.0,47745000.0,34358000.0,-74573000.0,192630900.0,115136900.0,4.026639028317887,6.6249355293470416,0.06810305807802201,0.08193680412853599,-0.04583196966254975,4.026639028317887,0.14036341667836646,4.453275846125393,1.459678861542192,0.819542049037001,0.0,0.06577798474882124,0.0,0.15296047978726413,4.720352095726025,0.11666525219949644,-7.235778679287807,0.9477529128906973,-3.6156941649899395,1.5371128147801367,-0.6102661157162198,-0.18267010448645915,-0.6928494365859507,2.8551063332554336,0.05019834114677245,2.0250427459392686,-0.4388245639838668,-0.1712247459686798,Oil & Gas Equipment & Services,Energy,FTK
2018Q4,2018,Q4,2019-03-08,2018-12-31,8558000.0,43449000.0,-13865000.0,0.0994,133472000.0,-10.41285692,285883000.0,201624000.0,194782000.0,84259000.0,84259000.0,27289000.0,-107565000.0,63783530.00000001,110470530.0,3.445562827896167,2.3117055744786907,0.1739557791124341,0.24665218426377813,0.018913932033516618,3.445562827896167,0.04244534380827679,1.468009160164791,1.8632720845992055,0.31634889695671153,0.0,-5.360768075048554,0.0,0.15198175477380607,0.5133220190128057,0.029935323191655327,14.559125770372063,3.0719234044511956,2.4747774480712166,-0.2990988433274636,-0.6116824337902774,-0.2723746970238491,8.568571223743637,3.176500508646999,-3.382111251580278,6.805039082659739,-0.4737994375301045,-0.3596073978262734,Oil & Gas Equipment & Services,Energy,FTK
2018Q3,2018,Q3,2018-11-06,2018-09-30,-3932000.0,70989000.0,-3164000.0,-0.0674,13949000.0,0.1964952317,293302000.0,192815000.0,160701000.0,97840000.0,100486000.0,93161000.0,-116124000.0,145797500.0,197370500.0,3.3062123836142594,1.6424877350776779,0.18207172129750224,0.2769597801000959,-0.011863813433850264,3.3062123836142594,-0.020392604309830666,2.0538041104959923,-9.269932604272636,0.7561522703109198,0.0,0.6122733761981946,0.0,0.24203380815678038,0.610619378577269,-0.013405977456682873,-19.40344689912164,0.19649523165560862,0.9481538461538462,-1.3965193955622495,-0.34747755938592123,-0.2668368635492481,0.49619221280703635,0.947845233515937,0.6603692571919278,-2.8631763276661903,-0.24455601308855054,-0.3886465956555651,Oil & Gas Equipment & Services,Energy,FTK
2018Q2,2018,Q2,2018-08-08,2018-06-30,-75391000.0,59086000.0,-9316000.0,-1.3,9323000.0,0.1577869546,281043000.0,194299000.0,147864000.0,83867000.0,86743000.0,90844000.0,-112192000.0,186916870.0,232946870.0,3.357566227168259,1.7630772532700585,0.17479887419362874,0.2528371221673812,-0.0556418475160421,3.357566227168259,-0.38801537836015626,3.1634713806993195,-0.6198248796275417,0.9620063407428757,0.0,0.5477852142133768,0.0,0.2102382909376857,0.583936470840736,-0.2682543240714054,-21.310782122905028,0.1577869546085367,-1084.3333333333335,-8.885567955045383,-0.442647919987929,-0.23817620128306607,-0.21078472868873274,-1126.2388059701493,-0.38466111771700356,-4.63437089944494,-0.36337830725126297,-0.3713447666939538,Oil & Gas Equipment & Services,Energy,FTK
2018Q1,2018,Q1,2018-05-09,2018-03-31,67000.0,60516000.0,-6728000.0,0.0012,11813000.0,0.195204574,338822000.0,266855000.0,141062000.0,71609000.0,71609000.0,82085000.0,-37158000.0,349279900.0,386155900.0,4.660490053965315,1.969892052674943,0.11729167527492311,0.14892357272676174,0.00019381235674900682,4.660490053965315,0.0002510726799198066,5.771695088902108,1303.2832089552237,1.3088752318674937,0.0,0.5933239934214534,0.0,0.17860705621240652,0.7122708039492243,0.00019774394814976596,-25.537756818015648,0.19520457399695948,1.0085714285714287,-0.9926790915943705,-0.3437695913805545,0.39232631152796404,-0.17026058860715038,1.0086251287332646,-4.170593779453346,1.0420533252962034,-0.30140816755418737,-0.16906192401573272,Oil & Gas Equipment & Services,Energy,FTK
2017Q4,2017,Q4,2018-03-08,2017-12-31,-7768000.0,72509000.0,2122000.0,-0.14,14237000.0,0.1963480396,329888000.0,264900000.0,138451000.0,64630000.0,64630000.0,75759000.0,-37225000.0,266533360.0,289899360.0,4.631442758234842,2.1422095002320902,0.08472572509457756,0.10551151377878444,-0.03092701322921572,4.631442758234842,-0.029324273310683276,3.6758658925098953,-8.577927394438724,1.0061659494148736,0.0,0.7691759394923375,0.0,0.2197988408187021,0.8266749187683738,-0.023547385779416043,19.74760020745351,0.19634803955371058,-1.356902356902357,-1.2832295907480928,-0.20031060014085217,0.44825002529848496,-0.3451241950321987,-1.5041908446163765,1.7469200985568463,-1.4561063317732834,-0.4435410652893298,-0.17285664932195396,Oil & Gas Equipment & Services,Energy,FTK
2017Q3,2017,Q3,2017-11-08,2017-09-30,-3102000.0,79458000.0,-2841000.0,-0.0594,21740000.0,0.2736036648,349743000.0,273132000.0,149331000.0,76253000.0,76253000.0,70716000.0,-28736000.0,267849300.00000003,303496300.0,4.741710357279261,1.9583622939425334,0.11605378806723794,0.14860580232268647,-0.00910104299002327,4.741710357279261,-0.011357145995342911,3.37095446651061,-21.586823017408125,0.9806588023373316,0.0,0.816194354884326,0.0,0.2271896792787847,0.8340524307240371,-0.008869369794391882,42.495525940028564,0.27360366482921794,-2.0618556701030926,-1.2657138005447057,-0.1511624032727931,0.7794653909670496,-0.16676248514813538,0.18923157344485103,-2.546816479400749,-1.2067344092709473,-0.3527148633687613,-0.12600986117754948,Oil & Gas Equipment & Services,Energy,FTK
2017Q2,2017,Q2,2017-08-01,2017-06-30,-3826000.0,85177000.0,-801000.0,-0.0194,26091000.0,0.3063150851,359177000.0,276624000.0,159069000.0,82195000.0,82195000.0,78410000.0,-25633000.0,517214760.0,556508760.0,4.781415286756317,1.935263702171665,0.11892743689044677,0.1544189947365377,-0.0017994314360324695,4.781415286756317,-0.01383104864364625,6.072234993014546,-33.79605070569785,1.8697392850945689,0.0,0.753551842877184,0.0,0.23714491740840868,0.8197943913863374,-0.010652129729910323,-65.29664941295292,0.30631508505817295,-0.5038759689922481,-1.2420205916785847,-0.09322237695571692,0.9994911384631124,-0.05951265229615745,0.6805810652863583,-1.955719557195572,-1.3273057198061888,-0.23609953278883472,-0.06687890536736961,Oil & Gas Equipment & Services,Energy,FTK
2017Q1,2017,Q1,2017-05-03,2017-03-31,-11978000.0,79954000.0,-271000.0,-0.0129,27742000.0,0.3469745103,377050000.0,278843000.0,176293000.0,90766000.0,97849000.0,64677000.0,-21808000.0,737637670.0,785497670.0,4.834896745444142,1.9422801489544543,0.13177562657472483,0.1781862912104661,-0.0005765687877248728,4.834896745444142,-0.04295607205488393,9.225775696025215,-15.395676865920853,2.6453512191448234,0.0,0.8072730646133865,0.0,0.21205145206206075,0.8486768173104466,-0.03176767007028246,-151.43454526791214,0.3469745103434475,-1.02015625,-3.7455040259445016,-0.1655392166415177,1.7370015908247152,0.6852144332401895,0.13944967310870035,-1.0419894638983576,-1.9322983487824343,-0.27087586172030886,-0.018609409986415196,Oil & Gas Equipment & Services,Energy,FTK
2016Q4,2016,Q4,2017-02-08,2016-12-31,-13919000.0,44545000.0,6454000.0,0.64,16462000.0,0.369558873,386588000.0,287343000.0,188670000.0,91054000.0,98887000.0,58283000.0,-9830000.0,542441520.0,586017520.0,4.97408599916909,2.0720671250027456,0.12519529835380303,0.1684363287081989,0.01226089527013363,4.97408599916909,-0.048440365695353635,12.177382871253789,-9.742824915583016,1.887784007266577,0.0,0.48183861503354325,0.0,0.11522602874377891,0.7108638829705449,-0.03600473889515453,1166.5409032258065,0.369558873049725,14.250517598343684,-12.470611594923485,-0.5143245547903311,1.9971063024444984,-0.35102105180162424,-4.068827385287691,2.5026775320139696,-2.154748084128647,-0.5967253379611219,0.050414986739550256,Oil & Gas Equipment & Services,Energy,FTK
2016Q3,2016,Q3,2016-11-02,2016-09-30,-2746000.0,73679000.0,-4295000.0,-0.0483,25366000.0,0.3442772025,382540000.0,300361000.0,160755000.0,72616000.0,81821000.0,73986000.0,4089000.0,827311460.0,866399460.0,5.278844970913373,2.2137683155227497,0.11126156741778638,0.1417028176094766,-0.0069410221102875445,5.278844970913373,-0.009142332060420626,11.228592407605966,-75.31968863801893,2.754390416865039,0.0,0.6530019192820263,0.0,0.19260469493386312,1.0372094304285557,-0.007178334291838762,-1983.960335731415,0.34427720245931676,-0.163855421686747,-1.1270779298913962,-0.18608017457846507,2.3190999818449116,0.06040717361314326,-0.2043859649122807,-0.549981955972573,-1.2838290829397236,-0.30584964351796057,0.17060070154394383,Oil & Gas Equipment & Services,Energy,FTK
2016Q2,2016,Q2,2016-07-26,2016-06-30,-2280000.0,72319000.0,-2771000.0,-0.0415,23921000.0,0.3307706135,365344000.0,266290000.0,153599000.0,83486000.0,98696000.0,78253000.0,6835000.0,724812000.0,785884000.0,4.849572026953196,1.8398174544234962,0.1776736445651222,0.24376431709790078,-0.005494127144816491,4.849572026953196,-0.008562093957715273,10.022428407472448,-79.475,2.721889669157685,0.0,0.618481080597549,0.0,0.19794768765875448,0.7814723426682318,-0.0062406937023736534,-447.9678615574784,0.33077061353171366,0.9245454545454546,-1.8739839912501992,0.053980736576776586,2.9635720820084854,-0.04043483493120462,0.9244657942686765,0.5032269630692005,-1.2513291460994769,-0.2810611009372631,0.1003563693934309,Oil & Gas Equipment & Services,Energy,FTK
2016Q1,2016,Q1,2016-05-03,2016-03-31,-30185000.0,72289000.0,-5578000.0,-0.55,24929000.0,0.3448519138,364582000.0,265976000.0,154430000.0,80023000.0,98248000.0,81084000.0,9115000.0,401273520.0,460028520.0,4.858541575332456,1.929820176699199,0.16795947139463824,0.23022753932685655,-0.011036996249289631,4.858541575332456,-0.113487683099227,5.550962387085172,-3.32345138313732,1.5086831894607033,0.0,0.5840856395836417,0.0,0.19827912513508622,0.7880109468527798,-0.08279344564460121,-36.82421950995687,0.3448519138458133,-20.825396825396826,-2.9969222871559684,-0.062239952919230096,11.098373908192983,-0.11297324224309707,-20.952727272727273,-1.6398485565546617,-4.449757621472265,-0.18009112793161275,0.4514944121020642,Oil & Gas Equipment & Services,Energy,FTK
2015Q4,2015,Q4,2016-01-27,2015-12-31,-1375000.0,77013000.0,-2113000.0,-0.0252,28104000.0,0.3649254022,403090000.0,293651000.0,151742000.0,67003000.0,109081000.0,85492000.0,39300000.0,624372320.0,672710320.0,5.380391366484664,2.264704565467218,0.1253963134783795,0.1721295006657563,-0.0033245465143194406,5.380391366484664,-0.004682429142076819,8.107362653058575,-113.52224,2.126239379399355,0.0,0.5720886164787349,0.0,0.19105658785879084,0.8373505663925496,-0.0034111488749410802,-844.8881190798376,0.36492540220482256,-1.6300000000000001,0.9747470908287375,-0.20639596207764616,42.5877919407691,-0.10000960707080411,-1.6962025316455696,-1.7608930500540152,-1.0525387996879747,-0.10989445684560224,0.6824459114327796,Oil & Gas Equipment & Services,Energy,FTK
2015Q3,2015,Q3,2015-10-21,2015-09-30,1975000.0,87942000.0,2777000.0,0.04,31227000.0,0.3550863069,400945000.0,295159000.0,152444000.0,62477000.0,105428000.0,84421000.0,40675000.0,911452600.0,956222600.0,5.408021547143537,2.44000192070682,0.11913853521056504,0.16183819568435995,0.006734070915507106,5.408021547143537,0.006691308752231848,10.364246889995679,115.37374683544303,3.088005447911126,0.0,0.6718115160919677,0.0,0.21933681677037997,0.908670390703779,0.004925862649490578,223.45001225790634,0.3550863068840827,1.173913043478261,1.8304592791019043,0.0756296872857691,6.831801144506837,0.06751675099138521,1.157408145373396,0.576049943246311,-0.8214502018554588,-0.008475929451629392,1.0295181383174556,Oil & Gas Equipment & Services,Energy,FTK
2015Q2,2015,Q2,2015-07-22,2015-06-30,-12547000.0,87030000.0,1762000.0,-0.23,29252000.0,0.3361139837,403393000.0,289817000.0,153102000.0,68854000.0,113218000.0,84601000.0,38700000.0,679927920.0,729611920.0,5.340870558749816,2.223574519998838,0.12930070675495112,0.17997218934707074,0.0033971238909360517,5.340870558749816,-0.04329283651407612,7.812569458807308,-13.547619351239339,2.346059478912555,0.0,0.6829470100826232,0.0,0.21574494351662027,0.8697824382025736,-0.031103663177100248,468.2699173553719,0.3361139836837872,-7.27338129496403,0.00768405168657942,0.3605303046145776,6.35889761507523,0.10272552493685679,-7.2818481848184815,2.163804491413474,-1.8461918493863505,-0.01219999230356826,1.2334440146786272,Oil & Gas Equipment & Services,Energy,FTK
2015Q1,2015,Q1,2015-04-22,2015-03-31,-1515000.0,82373000.0,-1514000.0,-0.0278,26527000.0,0.3220351329,415007000.0,305383000.0,167746000.0,62356000.0,109266000.0,98162000.0,51247000.0,802563520.0,848094520.0,5.608709227152512,2.6901340688947335,0.11573298763635312,0.15727791003428482,-0.003378536557057773,5.608709227152512,-0.004960983420819102,9.74304104500261,-132.43622442244225,2.628055654702456,0.0,0.5689166887390232,0.0,0.19848580867310672,0.9383218936429534,-0.0036505408342509885,1065.8214077025232,0.3220351328712078,-1.0958620689655172,0.9410132453574596,0.07543685082757332,3.775026975007798,-0.47874869819810967,-1.09309899834081,-1.0642396469789546,-1.3678248106667161,-0.08937151820097164,2.1750514820517663,Oil & Gas Equipment & Services,Energy,FTK
2014Q4,2014,Q4,2015-01-27,2014-12-31,16273000.0,124504000.0,23568000.0,0.29,50891000.0,0.4087499197,423276000.0,306003000.0,179599000.0,65542000.0,116922000.0,85958000.0,52762000.0,1023594500.0,1066369500.0,5.5993229643183895,2.740212382899515,0.10404794980107542,0.14392342558733084,0.04737081534722899,5.5993229643183895,0.05317921719721702,8.221378429608688,15.725350273459105,3.3450472707783914,0.0,0.8563833500081435,0.0,0.2941437738024362,1.2189130633792071,0.03844536425405645,399.6854744240531,0.40874991968129537,0.11538461538461527,1.8856388704390266,0.8230294095177046,2.4772301837906925,0.10445331828638396,0.14020459641255606,0.13052237732047778,13.175661354754547,0.43491988427712625,2.3738391633325624,Oil & Gas Equipment & Services,Energy,FTK
2014Q3,2014,Q3,2014-10-22,2014-09-30,14272000.0,116761000.0,20847000.0,0.26,46078000.0,0.394635195,412418000.0,297250000.0,169212000.0,58585000.0,114817000.0,81439000.0,36489000.0,1428349230.0,1464643230.0,5.4253591049298215,2.8883161218741997,0.10074972479377718,0.139784693019344,0.0431835345968776,5.4253591049298215,0.048013456686291,12.233102063188907,25.020130850616596,4.805211875525652,0.0,0.8679256867102985,0.0,0.2831132491792308,1.2718272595374243,0.034605667065937956,83.90702167655525,0.39463519497092353,0.3,1.2294767197795178,0.7590553622752283,1.7974062891429488,0.08905696052942567,0.29263653654560273,0.17946251768033947,-0.31409227270572343,0.339513114950035,2.4112214709648843,Oil & Gas Equipment & Services,Energy,FTK
2014Q2,2014,Q2,2014-08-06,2014-06-30,11041000.0,105318000.0,17675000.0,0.2,42310000.0,0.4017356957,408221000.0,280007000.0,162930000.0,69021000.0,128214000.0,82231000.0,22217000.0,1757383199.9999998,1812066199.9999998,5.124110165614421,2.360585908636502,0.13940733083305368,0.20324134753774012,0.03402793622924732,5.124110165614421,0.0394311570782159,16.68644676123739,39.79221085046644,6.276211666136917,0.0,0.7662317131008987,0.0,0.25799260694574755,0.9871198620709639,0.02704662425499913,-661.9145762711863,0.401735695702539,-0.09090909090909087,1.2007842317400375,0.6136937782164571,1.2207487140667255,-0.0313866440786612,-0.08129472457979697,-0.059740397914671776,3.25283030545141,0.5423533383168405,3.18795305744228,Oil & Gas Equipment & Services,Energy,FTK
2014Q1,2014,Q1,2014-04-28,2014-03-31,12018000.0,102575000.0,18798000.0,0.22,43681000.0,0.425844504,390516000.0,265779000.0,145734000.0,66481000.0,124737000.0,72009000.0,11177000.0,1502451800.0,1555760800.0,4.926577444946986,2.192115040387479,0.14077016050558747,0.20683725952765267,0.038282814356801795,4.926577444946986,0.04521801948235188,14.647348769193274,31.254197869861876,5.653011712738779,0.0,0.817869988473663,0.0,0.2626652941236723,1.0160196146267355,0.030774667363181022,133.49194135939584,0.42584450402144775,0.047619047619047665,3.1360308630533105,-0.10411464793925684,0.455731520211839,0.09748498781437652,0.09204906860517946,0.070501138952164,-0.19320469601149243,0.35027495560503885,11.267791700961242,Oil & Gas Equipment & Services,Energy,FTK
2013Q4,2013,Q4,2014-02-10,2013-12-31,11005000.0,100848000.0,17560000.0,0.21,39801000.0,0.3946632556,375581000.0,249752000.0,137661000.0,62564000.0,125829000.0,63132000.0,-841000.0,1058531940.0,1117906940.0,4.735353228925714,2.200322869381753,0.1653571400044198,0.24866667734392517,0.03610697988893286,4.735353228925714,0.0440637112015119,10.496310685387911,24.04661381190368,4.238332185528044,0.0,0.9669739593233225,0.0,0.2685119854305729,1.0828271849625983,0.02930126923353418,80.92133170246923,0.394663255592575,0.31249999999999994,1.0855109755600034,-0.39535353954012925,0.7713109773295735,0.061303397152151884,0.22714094558429973,0.16391595413269702,1.2091509241987521,0.0753953142248223,37.6019628381197,Oil & Gas Equipment & Services,Energy,FTK
2013Q3,2013,Q3,2013-11-06,2013-09-30,8968000.0,98388000.0,15087000.0,0.16,37502000.0,0.3811643696,380979000.0,237841000.0,144014000.0,76537000.0,143138000.0,70857000.0,-11846000.0,1213066000.0,1285336000.0,4.509518031170604,1.8816258802931916,0.20116331871310492,0.3222278749248447,0.029435873288779897,4.509518031170604,0.037705862319785066,12.329410090661463,33.816514272970565,5.100323325246698,0.0,0.8592799582257222,0.0,0.2582504547494744,0.870337222519827,0.02353935518755627,134.6205748529575,0.3811643696385738,0.0,-0.4485625526875385,-0.4363248081453249,-0.10945585419622474,-0.0024471990211203916,0.06255924170616113,0.11499519621609637,4.902185081563026,0.24528740902576843,5.530604245900348,Oil & Gas Equipment & Services,Energy,FTK
2013Q2,2013,Q2,2013-08-07,2013-06-30,8440000.0,93586000.0,13531000.0,0.16,37594000.0,0.4017053833,383110000.0,225150000.0,142959000.0,89338000.0,157960000.0,74467000.0,-20814000.0,911885100.0000001,995143100.0000001,4.407274008534628,1.6002037207011575,0.23168541672104617,0.3942305129913391,0.027623584394173194,4.407274008534628,0.037486120364201646,9.743819588399976,27.010814573459715,4.050122584943371,0.0,0.7519035277371184,0.0,0.24427971078802432,0.7137724148738499,0.022030226305760747,-722.5713946117276,0.4017053832838245,0.06666666666666674,-0.37569045351670954,-0.38011231621019853,-0.05995042090829125,0.15212994177137604,0.08692852543464263,0.0783391775581766,1.7090264308298728,0.5540322475174553,5.072545258984955,Oil & Gas Equipment & Services,Energy,FTK
2013Q1,2013,Q1,2013-05-09,2013-03-31,7765000.0,78243000.0,12548000.0,0.15,32630000.0,0.4170341117,218483000.0,162617000.0,95370000.0,33799000.0,55866000.0,44836000.0,-29254000.0,773425440.0,800282440.0,3.347268535671648,2.8216811148258825,0.12405999551452515,0.16667999040690704,0.042790233210851285,3.347268535671648,0.047750235215260395,9.884915455695717,24.901012234385064,4.756116765159854,0.0,1.017329824248372,0.0,0.3581193960170814,1.3732654812272553,0.035540522603589295,213.29990071704358,0.417034111677722,-0.6874999999999999,-0.12396058663991838,-0.35112129235179634,-0.2592879150754617,0.04249201277955272,-0.6653161501659411,0.07330425113335044,1.3388362541515495,0.14485916902255264,1.849728324843386,Oil & Gas Equipment & Services,Energy,FTK
2012Q4,2012,Q4,2013-03-13,2012-12-31,23201000.0,76702000.0,11691000.0,0.48,31300000.0,0.4080728012,219867000.0,154730000.0,96214000.0,41931000.0,65137000.0,45177000.0,-37019000.0,590284800.0,619501800.0,3.197958002645503,2.294579189621044,0.14516503158727775,0.2062754475538034,0.16370846291409016,3.197958002645503,0.1499450655981387,7.6958201872180645,6.360553424421361,3.8149344018613065,0.0,1.0049804103858158,0.0,0.348856354068596,1.0722138751758843,0.10552288428913843,105.20135448226698,0.40807280123073714,1.526315789473684,1.8506646915516947,-0.32269891247524657,-0.2344981695943389,-0.07514109269272819,1.3660004079135224,-0.1988624683067224,2.4262121955719373,0.268543766298667,0.9859608320784885,Oil & Gas Equipment & Services,Energy,FTK
2012Q3,2012,Q3,2012-11-07,2012-09-30,9806000.0,78628000.0,14593000.0,0.19,33843000.0,0.4304191891,218135000.0,128928000.0,113765000.0,85170000.0,89207000.0,42175000.0,-60220000.0,624153600.0,658196600.0,2.6646825396825395,1.3357402841376071,0.25650170765810165,0.4339786547530405,0.06072571328916758,2.6646825396825395,0.07605795482750062,7.938057689372743,15.912543340811748,4.841102010424423,0.0,1.0618850029638411,0.0,0.3604556811149059,0.7742632382294236,0.04495381300570747,58.78813224074597,0.43041918909294397,-0.24,-0.2557114713637044,-0.2778881589474896,-0.32457699514991184,0.024769114307342924,-0.25588101381089695,-0.06389120533709668,1.1785407231683156,0.3413760122104398,0.37395507853185006,Oil & Gas Equipment & Services,Energy,FTK
2012Q2,2012,Q2,2012-08-08,2012-06-30,13178000.0,78303000.0,15589000.0,0.25,33025000.0,0.4217590641,201678000.0,115326000.0,100083000.0,82336000.0,86352000.0,40977000.0,-70026000.0,450440180.0,494936180.0,2.3913160677628715,1.2155436261173727,0.27380775295272664,0.4788252432235576,0.06472230366732096,2.3913160677628715,0.11426738116296412,5.752527744786279,8.545306192138412,3.9057990392452697,0.0,1.104961319764746,0.0,0.3882575194121322,0.6451248542557326,0.06534178244528406,41.00502321347292,0.42175906414824466,2.571428571428571,0.011968214978935594,-0.2275690438260544,-0.34645186142504925,-0.012735045290125856,2.6544647809206876,-0.06920229281108192,1.271538165573457,0.35943080176241,0.03637742179079861,Oil & Gas Equipment & Services,Energy,FTK
2012Q1,2012,Q1,2012-05-09,2012-03-31,3606000.0,79195000.0,16748000.0,0.07,33451000.0,0.422387777,204192000.0,84207000.0,104905000.0,95390000.0,119985000.0,40222000.0,-83204000.0,572981380.0,628287380.0,1.7664939478487067,1.0997484012999266,0.33619338661651776,0.815229137720142,0.0756320473671537,1.7664939478487067,0.042823043214934624,7.235070143317128,39.72416666666666,6.804438823375729,0.0,1.1372880513152006,0.0,0.38784575301676855,0.6402977251284202,0.017659849553361542,362.4170651486401,0.4223877770061241,2.3333333333333335,-0.6357602727291056,-0.1555657098001297,-0.4683671687038157,0.05477076370057388,2.6387487386478305,0.07407169883922272,1.7253378715727203,-0.21720511215675795,-0.4780268961803598,Oil & Gas Equipment & Services,Energy,FTK
2011Q4,2011,Q4,2012-03-07,2011-12-31,991000.0,74904000.0,15593000.0,0.021,31714000.0,0.4233952793,232012000.0,78298000.0,132061000.0,33699000.0,153714000.0,37888000.0,-86810000.0,469892880.00000006,524590880.00000006,1.6596294883208276,3.9188403216712664,0.43696015723324655,1.294796801961736,0.027036144532106666,1.6596294883208276,0.012656772842218191,6.273268183274593,118.54008072653886,6.001339497816036,0.0,1.1399387668918919,0.0,0.3228453700670655,2.7077658090744534,0.004271330793234832,23.16226549021541,0.4233952792908256,-0.94,-0.9037613492091019,-0.15828957944961342,-0.45290791097037786,0.03245759677051795,-0.9446894011274208,-0.03179136914001863,1.0086084019481216,-0.49793921146313735,-0.37919732935541434,Oil & Gas Equipment & Services,Energy,FTK
2011Q3,2011,Q3,2011-11-09,2011-09-30,17917000.0,75058000.0,16105000.0,0.35,30717000.0,0.4092435183,211028000.0,75034000.0,111278000.0,27684000.0,135994000.0,36315000.0,-87801000.0,220321260.0,294882260.0,1.5904446988002883,4.0195780956509175,0.4741361335936463,1.3334754911106965,0.07983473123310814,1.5904446988002883,0.23878508409521018,2.9353467984758455,3.07419294524753,2.9362856838233333,0.0,1.2210106016797466,0.0,0.3556779195177891,2.5990102586331454,0.0849034251378964,24.01321634877384,0.4092435183458126,7.75,0.9090553766885734,-0.038807808895160834,-0.4153590913562201,0.3809117065276029,7.427563499529633,1.0370604604098153,0.2316378233661714,-0.5192704205683154,-0.6859173849730501,Oil & Gas Equipment & Services,Energy,FTK
2011Q2,2011,Q2,2011-08-10,2011-06-30,2126000.0,55918000.0,7906000.0,0.04,22244000.0,0.3977967738,193683000.0,54752000.0,94068000.0,25024000.0,138931000.0,36274000.0,-105718000.0,381261480.0,464299480.0,1.2235357214686362,3.759111253196931,0.5068849615092703,1.7930851841028639,0.03187635421094793,1.2235357214686362,0.03882963179427235,6.81822454308094,44.8331937911571,6.963425628287551,0.0,0.9283233169763467,0.0,0.2887088696478266,2.1631234015345266,0.010976699039151603,-118.58832970451012,0.39779677384741946,-0.6923076923076923,-0.6351334833623068,-0.030043535985895837,-0.5275275384748843,0.05197446204776543,-0.7950645845382688,-0.14842740198190435,-0.8204690397189685,-0.5771636487647268,-0.7390259290112335,Oil & Gas Equipment & Services,Energy,FTK
2011Q1,2011,Q1,2011-05-11,2011-03-31,10374000.0,52905000.0,9284000.0,0.13,21145000.0,0.3996786693,187620000.0,15088000.0,84641000.0,29190000.0,172532000.0,30650000.0,-107844000.0,315972110.0,429693110.0,0.4015863298820899,2.899657416923604,0.7074085918345592,8.796659597030754,0.054307876847947224,0.4015863298820899,0.6875662778366914,5.97244324733012,7.614519712743397,20.94194790562036,0.0,1.0362153344208809,0.0,0.28197953309881674,1.79136690647482,0.05529261272785417,-77.97929664363278,0.3996786693129194,1.13,1.6375070141671193,0.47075590328576516,-0.8227406662745137,0.20546149022290633,1.3896045367484133,1.229586935638809,0.5133907124914535,-0.43266786535297114,-0.911133557252983,Oil & Gas Equipment & Services,Energy,FTK
2010Q4,2010,Q4,2011-03-16,2010-12-31,-26627000.0,47456000.0,4164000.0,-1.0,17541000.0,0.3696266015,184807000.0,-3453000.0,79757000.0,34232000.0,188260000.0,27845000.0,-113350000.0,145460500.0,258733500.0,-0.1293742974896965,2.3298960037391914,0.7204056123415239,-38.55661743411526,0.029259688539837174,-0.1293742974896965,7.711265566174341,3.065165627107215,-1.3657237015059902,-42.12583260932523,0.0,1.0743400969653438,0.0,0.25678681002342985,1.4648866557606917,-0.14408004025821533,20.329909154437455,0.3696266014834794,-21.93577981651376,-6.910625101964895,0.6354048371518414,-1.0542963824829152,0.09174083525238065,-21.895098882201204,-0.30646235842771485,-6.9308216804364795,-0.2403397367173305,-1.0309685935380895,Oil & Gas Equipment & Services,Energy,FTK
2010Q3,2010,Q3,2010-11-10,2010-09-30,-1163000.0,39982000.0,6004000.0,-0.0436,16067000.0,0.4018558351,182074000.0,18430000.0,63780000.0,24148000.0,163644000.0,27183000.0,-85272000.0,36832200.0,162842200.0,0.6905207943049831,2.6412125227762133,0.7308511923723321,7.220238741182854,0.1138034973787465,0.6905207943049831,-0.06310363537710255,0.9212195487969587,-7.91749785038693,1.9984915897992401,0.0,0.8797778023029099,0.0,0.21959203400815053,1.4247970846446911,-0.006387512769533267,6.1623222352350675,0.40185583512580664,0.8104347826086956,-1.3637814902514989,0.6636808858567295,-0.6881168625978432,0.41547000264293893,0.8112625770853619,2.7591561675944916,-1.1600229775179636,-0.3343515147501304,-0.824972159776862,Oil & Gas Equipment & Services,Energy,FTK
2010Q2,2010,Q2,2010-08-12,2010-06-30,-6162000.0,31174000.0,-3413000.0,-0.23,11351000.0,0.3641175338,185748000.0,19193000.0,63585000.0,27877000.0,166555000.0,26812000.0,-82918000.0,31998450.0,163444450.0,0.7257704670069957,2.2809125802632995,0.7360025410771583,7.122961496378888,-0.017138421196660685,0.7257704670069957,-0.3210545511384359,1.0264467184191954,-1.298216893865628,1.6671937685614546,0.0,0.739333134417425,0.0,0.16782953248487198,1.2537575779316281,-0.033173977647134825,-57.24230769230769,0.3641175338423045,0.5106382978723404,-2.5942740082128717,0.2873431788943194,0.0961886233868733,0.4167498751872192,0.3522548092084516,0.08596679164434923,-1.862950209364934,-0.4391838962604095,-0.801646489086306,Oil & Gas Equipment & Services,Energy,FTK
2010Q1,2010,Q1,2010-05-21,2010-03-31,-9513000.0,28370000.0,-3734000.0,-0.47,8012000.0,0.2824109975,189543000.0,23688000.0,63542000.0,27177000.0,165855000.0,27183000.0,-75483000.0,25612090.0,59792090.0,1.174592155501562,2.3380799941126686,0.21439989870372422,1.7155521783181358,-0.04795998502741304,1.174592155501562,-0.4015957446808511,0.9027878040183293,-0.6730813097866079,1.0812263593380615,0.0,0.7489239598278336,0.0,0.14967579915902987,1.2364131434669021,-0.05018913913993131,-3.9198178757269666,0.28241099753260485,-0.3823529411764704,-5.331027561466906,0.7169661368816755,1.2546051333872075,0.16385822196397443,-0.44027252081756246,0.3335713010887025,-3.271296489061141,-0.2849734365416146,-0.6465021836004246,Oil & Gas Equipment & Services,Energy,FTK
2009Q4,2009,Q4,2010-03-31,2009-12-31,-6605000.0,24550000.0,-5603000.0,-0.34,6884000.0,0.280407332,178610000.0,31634000.0,56579000.0,24583000.0,146976000.0,27232000.0,-63633000.0,26324300.0,147978300.0,1.610282514634767,2.3015498515234105,0.7174234365377079,4.050673326168047,-0.024410102773345516,1.610282514634767,-0.20879433520895238,1.0722729124236252,-0.9963777441332323,0.8321521148131757,0.0,0.6487220916568742,0.0,0.1374503107328817,1.1269576536631005,-0.03698001231733945,-30.223076923076924,0.28040733197556006,0.7017543859649121,-6.786281422841048,1.5233854030325404,3.451466918206092,0.0926984126984127,0.7038116591928251,-1.2412,-2.5404094923859546,-0.3374835244317092,-0.4691749989627176,Oil & Gas Equipment & Services,Energy,FTK
2009Q3,2009,Q3,2009-11-16,2009-09-30,-22300000.0,23800000.0,-2500000.0,-1.14,6300000.0,0.2647058824,176700000.0,38100000.0,51500000.0,41200000.0,138600000.0,29200000.0,-55600000.0,40468700.0,160568700.0,1.9394247900229067,1.25,0.6830786644029428,3.167979002624672,-0.05401085061034683,1.9394247900229067,-0.5853018372703412,1.7003655462184875,-0.45368497757847537,1.0621706036745406,0.0,0.5993150684931506,0.0,0.1346915676287493,0.5072815533980582,-0.12620260328239954,-17.59508695652174,0.2647058823529412,-0.1287128712871286,-22.525342250534088,1.8482539689453796,5.389529556917681,0.7027027027027027,-0.12626262626262627,0.6428571428571429,-6.706181594200449,-0.2680562683898969,-0.2870754498156597,Oil & Gas Equipment & Services,Energy,FTK
2009Q2,2009,Q2,2009-08-13,2009-06-30,-19800000.0,23500000.0,-7000000.0,-1.01,3700000.0,0.1574468085,202100000.0,45400000.0,64300000.0,31800000.0,156700000.0,31900000.0,-32500000.0,39942279.99999999,171442280.0,2.307379548688758,2.0220125786163523,0.6640277090549233,2.9559471365638768,-0.026248806872414893,2.307379548688758,-0.43612334801762115,1.6996714893617018,-0.5043217171717171,0.8797859030837003,0.0,0.6206896551724138,0.0,0.11627906976744186,0.559748427672956,-0.09797130133597229,-399.42279999999994,0.1574468085106383,-9.1,-31.347080414369497,2.3082147291885375,8.200499693900182,-0.704,-8.9,-15.0,-8.728273111657169,-0.07292473300130682,-0.1089975748863878,Oil & Gas Equipment & Services,Energy,FTK
2009Q1,2009,Q1,2009-05-07,2009-03-31,-2000000.0,40700000.0,500000.0,-0.1,12500000.0,0.3071253071,224700000.0,64900000.0,65400000.0,37800000.0,159800000.0,37900000.0,-12700000.0,30107890.0,161007890.0,3.384262397663868,1.7301587301587302,0.5852247441032488,2.026194144838213,0.0015429241498487935,3.384262397663868,-0.030816640986132512,0.7397515970515971,-3.76348625,0.4639120184899846,0.0,0.7440633245382586,0.0,0.1811303960836671,0.5978835978835979,-0.008900756564307966,-27.37080909090909,0.3071253071253071,0.9590163934426229,-6.9062767601980255,4.8635466115641135,14.495769915007246,-0.18693898790165214,0.9567978571737158,-0.99648065769469,-1.9962067075309264,1.2167176385314813,0.4938060713825812,Oil & Gas Equipment & Services,Energy,FTK
2008Q4,2008,Q4,2009-03-16,2008-12-31,-46294000.0,59996000.0,142072000.0,-2.44,15374000.0,0.2562504167,243770000.0,50719000.0,77638000.0,48573000.0,193051000.0,38027000.0,-8477000.0,47809440.0,201111440.0,2.673360742146321,1.5983776995450147,0.629671411576486,3.026380646306118,0.501484022659795,2.673360742146321,-0.9127545890100357,0.7968771251416761,-0.258183781915583,0.9426337270056586,0.0,1.173429405422463,0.0,0.2461172416622226,0.7699339139027855,-0.18990852032653732,-8.440932203389831,0.2562504166944463,-9.133333333333333,-0.929650784722016,9.546916939239692,11.997986808277586,-0.4610719669085428,-8.913504273504273,10.725014442518775,-15.456772298204523,1.9086529298395205,0.12196796571550104,Oil & Gas Equipment & Services,Energy,FTK
2008Q3,2008,Q3,2008-11-06,2008-09-30,5850000.0,62787000.0,12117000.0,0.3,28527000.0,0.4543456448,291965000.0,96070000.0,76557000.0,47572000.0,195895000.0,31164000.0,37817000.0,208692000.0,360331000.0,5.063778199451824,1.6092869755318255,0.5304813933176922,1.6121786197564276,0.029906001482616767,5.063778199451824,0.06089309878213803,3.323809068756271,8.918461538461539,2.1722910377849485,0.0,1.0993453985367732,0.0,0.21504974911376365,0.9014336164130161,0.02003664822838354,38.553851838167375,0.4543456447990826,0.15384615384615377,25.4563116764672,8.888207027728933,6.657938473319265,0.0768969422423556,0.14999017102417928,0.09785267735797772,1.5742588051039756,2.675451553894812,1.2871245080219043,Oil & Gas Equipment & Services,Energy,FTK
2008Q2,2008,Q2,2008-08-06,2008-06-30,5087000.0,56809000.0,11037000.0,0.26,26490000.0,0.466299354,279609000.0,90124000.0,69139000.0,34392000.0,189485000.0,24521000.0,31967000.0,396378260.0,553350260.0,4.688342090204443,2.010322167946034,0.5755823310408463,1.7857396475966447,0.02731202881911426,4.688342090204443,0.056444454307398695,6.977384921403298,19.479961666994303,4.398143224890152,0.0,1.2364503894620937,0.0,0.20317300229963986,1.2217376133984648,0.018193262734747452,179.68189483227562,0.46629935397560246,0.44444444444444453,2.603834560611871,8.206281363639237,5.897536082665457,0.3007611097471152,0.48916861826697894,0.5391158834193278,0.8106120852634795,2.2273149893744,6.081174414580315,Oil & Gas Equipment & Services,Energy,FTK
2008Q1,2008,Q1,2008-05-12,2008-03-31,3416000.0,46471000.0,7171000.0,0.18,20365000.0,0.4382302942,265492000.0,84609000.0,57753000.0,25680000.0,180883000.0,22771000.0,26880000.0,273168570.0,432120570.0,4.518987341772152,2.2489485981308412,0.6064062193964413,1.9028235766880592,0.018101258971189006,4.518987341772152,0.04037395548936874,5.8782589141615205,19.9918449941452,3.2285994397759104,0.0,1.146458214395503,0.0,0.1750372892591867,1.2888629283489097,0.012866677715336056,-325.20067857142857,0.4382302941619505,0.058823529411764594,513.6489625691049,5.991494123477155,4.340101710328245,0.14121602689829083,0.0952228278294325,0.1440650925335035,0.6751633923933633,2.0293557201694057,7.6741019091181535,Oil & Gas Equipment & Services,Energy,FTK
2007Q4,2007,Q4,2008-03-19,2007-12-31,3119000.0,43399000.0,6268000.0,0.17,17845000.0,0.4111845895,160793000.0,77461000.0,48599000.0,28024000.0,83332000.0,21017000.0,23464000.0,668253680.0,726382680.0,4.177596807248409,1.7341921210391094,0.3694874776887054,0.766979512270691,0.025698703091418314,4.177596807248409,0.04026542389073211,15.397905020853015,53.56313562039115,8.626969442687288,0.0,1.215872864823714,0.0,0.2699060282474983,0.9349486154724522,0.01939761059250092,65.76005510726235,0.41118458950667064,-0.34615384615384615,1.7678967800096195,6.712066200337822,3.8169683892914543,-0.00822542099705441,-0.38225391166567635,-0.2645782001642614,1.8949266312255062,3.7261474725876473,10.548553633327874,Oil & Gas Equipment & Services,Energy,FTK
2007Q3,2007,Q3,2007-11-09,2007-09-30,5049000.0,41728000.0,8523000.0,0.26,17993000.0,0.4311972776,144833000.0,73152000.0,47290000.0,19811000.0,71681000.0,20017000.0,20345000.0,850150700.0,904719700.0,3.9452054794520546,2.3870576952198275,0.38456014858492193,0.7613872484689413,0.041674218911230486,3.9452054794520546,0.06902066929133858,20.373626821319018,42.09500396118043,11.62170138888889,0.0,1.1857421191986812,0.0,0.2881111348932909,1.3157841603149765,0.03486083972575311,-396.5255130597015,0.431197277607362,0.040000000000000036,4.484769588512626,7.217515966044357,2.7717443643838524,0.06935694758112446,0.03974464579901153,0.02464534743928829,4.163521972987241,4.29084185222312,11.997671860621498,Oil & Gas Equipment & Services,Energy,FTK
2007Q2,2007,Q2,2007-08-09,2007-06-30,4856000.0,37802000.0,8318000.0,0.25,16826000.0,0.4451087244,129884000.0,65803000.0,44362000.0,20896000.0,64081000.0,21099000.0,15296000.0,539070400.0,585191400.0,3.6589746441281137,2.122990045941807,0.3618921499183887,0.7143139370545416,0.04626159302656575,3.6589746441281137,0.07379602753673845,14.260367176339876,27.752800658978583,8.192185766606386,0.0,0.994170339826532,0.0,0.29104431646700135,1.049866003062787,0.03738720704628746,327.3044323011536,0.4451087244061161,0.24999999999999994,3.91550339216281,5.6998321066211055,2.0922896906489643,0.11822954741808998,0.3113691601404267,0.2647103542648624,7.1429341596461144,4.822253711812959,13.589881891091608,Oil & Gas Equipment & Services,Energy,FTK
2007Q1,2007,Q1,2007-05-10,2007-03-31,3703000.0,35079000.0,6577000.0,0.2,15047000.0,0.4289460931,125641000.0,59245000.0,43316000.0,23085000.0,66396000.0,21607000.0,10440000.0,254077500.0,302501500.0,3.3227706113292204,1.8763699371886506,0.39085967160401464,0.8288969533293948,0.03856084643136728,3.3227706113292204,0.06250316482403578,7.243008637646455,17.153490413178503,4.288589754409655,0.0,0.9271069560790485,0.0,0.27920026106127777,0.9184752003465454,0.029472863157727174,-91.65854978354979,0.4289460931041364,-0.09090909090909087,12.891705149651491,4.260262592195904,1.334052145549305,0.08509410831470397,-0.038181818181818185,0.03591116711293117,10.76161163489809,4.4355375728247015,14.21421297268438,Oil & Gas Equipment & Services,Energy,FTK
