Quarters,Year,Quarter,FillingDate,Date,NetIncome,Revenue,OperatingIncome,EPSDiluted,GrossProfit,GrossProfitRatio,TotalAssets,CommonStockEquity,CurrentAssets,CurrentLiability,TotalLiability,Inventory,RetainedEarnings,MarketCap,EnterpriseValue,bookValuePerShare,currentRatio,debtToAssets,debtToEquity,roic,shareholdersEquityPerShare,roe,priceToSalesRatio,peRatio,pbRatio,payoutRatio,inventoryTurnover,dividendYield,assetTurnover,quickRatio,returnOnAssets,priceToFreeCashFlowsRatio,grossProfitMargin,epsdilutedGrowth,fiveYNetIncomeGrowthPerShare,fiveYRevenueGrowthPerShare,fiveYShareholdersEquityGrowthPerShare,grossProfitGrowth,netIncomeGrowth,operatingIncomeGrowth,threeYNetIncomeGrowthPerShare,threeYRevenueGrowthPerShare,threeYShareholdersEquityGrowthPerShare,Industry,Sector,Symbol
2023Q1,2023,Q1,2023-05-15,2023-03-31,-8209424.0,124225.0,-5025316.0,-0.23,-337570.0,-2.7174079292,14563399.0,-2180440.0,8459234.0,6977291.0,16743839.0,513063.0,-453511214.0,13160896.3,19316700.3,-0.06129998912004192,1.212395183173527,0.8582811608746008,-5.732554438553686,-0.4612753764742657,-0.06129998912004192,3.7650309111922367,105.94402334473737,-0.4007862275112115,-6.035890141439343,0.0,0.9000746497018884,0.0,0.0085299455161532,0.9227882282679625,-0.5637024708311569,-2.6622569060734365,-2.717407929160797,-0.3529411764705882,0.9998855141177849,-0.9999796567244825,0.9999924001273005,0.29540070340955343,-0.5766905382711345,-0.023136496964275135,-1.0343668213895296,-0.18724012335689222,0.9968822561712762,Solar,Technology,ASTI
2022Q4,2022,Q4,2023-03-10,2022-12-31,-5206744.0,12661.0,-4911677.0,-0.17,-479095.0,-37.8402179923,18676702.0,4585541.0,12444180.0,4973659.0,14091161.0,615283.0,-447537493.0,48579276.309999995,47176107.309999995,0.15386050179717056,2.5020171266264937,0.5397017631913814,2.198180977991474,-0.2541179305084762,0.15386050179717056,-1.1354699478207697,3836.9225424532024,-2.3325170351183004,10.59401198462733,0.0,0.7992354737576042,0.0,0.0006779034114267069,2.309122318196724,-0.27878283864035525,-17.635064282908687,-37.840217992259696,0.2916666666666666,0.9999350051476443,-0.9999901026798407,1.0000222557418614,-0.18742177334407337,0.34179880428277826,0.35799360330309965,0.9433603965399903,-0.9605736237924302,1.0058330595685128,Solar,Technology,ASTI
2022Q3,2022,Q3,2022-11-10,2022-09-30,-7910566.0,6344.0,-7650511.0,-0.24,-403475.0,-63.5994640605,10313840.0,1706303.0,4521697.0,4581645.0,8607537.0,684385.0,-442303388.0,150873873.15,152987031.15,0.05145807214931965,0.9869156165525701,0.48123967406901796,2.9088790209007427,-0.674433415462412,0.05145807214931965,-4.636085150175555,23782.13637295082,-4.7681124571238005,88.42150142735493,0.0,0.5988135333182346,0.0,0.0006150958323960814,0.6465518389137526,-0.7669855262443473,-59.14502533209666,-63.599464060529634,-2.1331592689295036,0.9998367327742205,-0.9999987258765441,1.0000081081190855,-7.660531224722254,-2.3760318886287934,-2.3519368738813933,0.9456492385686355,-0.9998351937830228,1.0006664892296186,Solar,Technology,ASTI
2022Q2,2022,Q2,2022-08-12,2022-06-30,-2343155.0,637571.0,-2282415.0,-0.0766,60577.0,0.0950121634,8751922.0,-256993.0,2750962.0,3836123.0,9008915.0,678106.0,-434392822.0,175877636.25,181539060.25,-0.008401919547630945,0.7171203843046743,0.6959266775915051,-23.69985174693474,-0.2158838590151722,-0.008401919547630945,9.11758296918593,275.85576547553137,-18.765045019428932,-684.3674195406102,0.0,0.8508905687311423,0.0,0.07284925528358228,0.3298502159602286,-0.2677303339769253,-67.89363094907215,0.09501216335121893,0.617,0.9999773368215311,-0.9988430931932942,0.9999990808585376,0.8180372148859544,0.45473138745276337,-0.03233114707682232,0.9980220315259357,-0.9718212788475463,0.9999613529822653,Solar,Technology,ASTI
2022Q1,2022,Q1,2022-05-12,2022-03-31,-4297249.0,566210.0,-2210933.0,-0.2,33320.0,0.0588474241,10832807.0,2062048.0,4886774.0,3447313.0,8770759.0,637620.0,-432080037.0,179654645.92,182844089.92,0.09515132677176691,1.4175602853584806,0.573979209636062,3.0153546377193936,-0.1662155579397083,0.09515132677176691,-2.0839713721504056,317.2933115275251,-10.4517242263597,87.12437630937785,0.0,0.8357485649760045,0.0,0.052268077885999444,1.0412793964458695,-0.3966884114154346,-64.33727903142399,0.05884742410059872,-0.1764705882352941,0.9999818006217406,-0.9999523271337107,1.0000034901242931,1.0499196970060167,-0.13764253461706263,0.34967585756557856,-1.0017039498937963,-0.9966218869038004,1.000144307475184,Solar,Technology,ASTI
2021Q4,2021,Q4,2022-03-14,2021-12-31,-3777328.0,50414.0,-3399740.0,-0.17,-667472.0,-13.2398143373,12848068.0,-2833606.0,6850918.0,3051112.0,15681674.0,592172.0,-427782788.0,270890600.0,278434919.0,-0.1307541679187096,2.245383978038171,1.0512147818644795,-4.766392716559747,-0.22575498869970403,-0.1307541679187096,1.333046302132336,5373.320902923791,-17.928718395648986,-95.59924703716749,0.0,1.212293049992232,0.0,0.003923858435369427,1.970104670035056,-0.29399968929180637,-85.27609447748085,-13.239814337287262,0.747151738703632,0.9999833856667016,-0.9999963812340973,0.9999952150832448,0.01285194968069782,-0.47269187193020895,-0.27789260896840995,0.9994259762478469,-0.9998148733685647,0.9998391385934889,Solar,Technology,ASTI
2021Q3,2021,Q3,2021-11-10,2021-09-30,-2564914.0,11723.0,-2660427.0,-0.67234,-676162.0,-57.67823935852597,11443562.0,-4617593.0,5090469.0,3335047.0,16061155.0,615674.0,-424194254.0,246061308.0,255613535.0,-1.2104087022897563,1.5263560003802046,1.208829995415763,-2.995786116273132,-0.1829402960145289,-1.2104087022897563,0.5554655856416969,20989.619380704597,-23.983387747113547,-53.28778608248929,0.0,1.1172877204494587,0.0,0.0010244187954764434,1.2848589540117425,-0.22413598143654923,-122.1475880124639,-57.67823935852597,-0.4571675025249134,0.9999983456628018,-0.9999998031354137,0.9999972602854954,-14.589468102275609,-0.5150658115856508,-0.5135816460460043,-1.007971784961101,-0.9995633670001344,0.9996319582978734,Solar,Technology,ASTI
2021Q2,2021,Q2,2021-08-09,2021-06-30,-1692939.0,380488.0,-1757703.0,-0.461402,-43373.0,-0.11399308256764996,8921246.0,-7052679.0,2451645.0,3232547.0,15973925.0,589460.0,-421629340.0,264176352.0,276842523.0,-1.9221738969277613,0.7584251675226996,1.5719557559560626,-1.988436450886252,-0.14125950186923203,-1.9221738969277613,0.240041975538657,694.3092870208784,-39.01149893764631,-37.45758909486736,0.0,0.719066603331863,0.0,0.04264964781825319,0.4199886343493227,-0.1897648602000214,-120.82642795593877,-0.11399308256764996,-9.124418932243977,0.999999793434909,-0.9999979692353838,0.9999981980442983,-1.4695267168961634,-1.9168943188415843,-0.4523578361665156,0.9995562035967765,-0.9966531758559282,0.9996138903202799,Solar,Technology,ASTI
2021Q1,2021,Q1,2021-05-24,2021-03-31,1846384.0,165158.0,-1210241.0,0.056792,92376.0,0.5593189551823102,10977282.0,-5359740.0,4449037.0,3340739.0,16337022.0,664800.0,-419936401.0,678599077.5,688959223.5,-1.474996766408071,1.3317523458133065,1.2770535547870594,-2.6155330295872563,-0.0847901668597419,-1.474996766408071,-0.34449133726635994,4108.787206795917,91.88217043421086,-126.61044705526761,0.0,0.10947954271961492,0.0,0.015045436566173666,1.1003762939876476,0.1682004707540537,-334.78958820726,0.5593189551823102,1.3072993885612252,1.0000000965554265,-0.9999998720079971,0.9999983467201474,2.3733349191246433,1.3072999857366567,0.05833356675785785,1.0002520532868693,-0.9997352459701325,0.9998171323059311,Solar,Technology,ASTI
2020Q4,2020,Q4,2020-12-31,2020-12-31,-6008409.0,6168.0,-1285212.0,-0.18481,-67264.0,-10.905317769130999,7371537.0,-20192203.0,779270.0,9151683.0,27563740.0,534431.0,-421782785.0,145349200.0,164597993.0,-5.556880395626533,0.08515045811792213,2.633985015608007,-0.9615849246365045,-0.2581292272986181,-5.556880395626533,0.2975608456392797,23565.045395590143,-6.047740757994338,-7.198283416623733,0.0,0.13740220907844045,0.0,0.0008367318783043482,0.01893247395041983,-0.8150822548947391,-103.29332338414525,-10.905317769130999,-1.36962,0.9999996868100123,-0.9999999985807879,-1.0000043098408695,-88.92679738562092,-3.3192929417309593,-1.616047874938935,0.9993848471984553,-0.9999604538001026,0.9991962037417289,Solar,Technology,ASTI
2020Q3,2020,Q3,2020-09-30,2020-09-30,2590621.0,6293.0,-491280.0,0.5,765.0,0.12156364214206261,8518132.0,-15433796.0,1677272.0,18604308.0,23951928.0,510049.0,-415774376.0,523049.0,18137455.0,-14.753680821490912,0.09015503290958202,2.1945025036005545,-1.2111772113613528,-0.05420945319822312,-14.753680821490912,-0.16785378010698082,83.11600190688065,0.050475252844781236,-0.03388984796740867,0.0,0.010838174371481955,0.0,0.0007387769994642017,0.05828784386928017,0.30413017783711266,-0.47714001881014434,0.12156364214206261,1.3333333333333333,1.0000004051004852,-0.9999999951991859,0.9998438780455076,-0.9718117837798003,2.9091344555959973,-0.5154216547856638,1.0016948279116984,-0.9999599376575107,0.9976752995972505,Solar,Technology,ASTI
2020Q2,2020,Q2,2020-06-30,2020-06-30,-1356961.0,50062.0,-324187.0,-1.5,27139.0,0.5421077863449323,5806765.0,-20024417.0,870246.0,25810374.0,25831182.0,510049.0,-418364997.0,516830.0,19316529.0,-19.37234390418513,0.03371690778289381,3.29177657439211,-0.9545632714300746,0.3563105323549971,-19.37234390418513,0.0677653187106521,10.323798489872559,-0.09521828556605533,-0.025809989873862495,0.0,0.044942740795492195,0.0,0.008621323576896947,0.012199513265479996,-0.23368622632395147,-4.027445510297911,0.5421077863449323,-4.0,0.9998206435368111,-0.9999664219566987,0.9941731462566744,1.3955199953363646,-1.212284109694435,0.08386814180549079,0.9996116241368133,-0.9973119144751199,0.997880731372653,Solar,Technology,ASTI
2020Q1,2020,Q1,2020-03-31,2020-03-31,6392193.0,4090.0,-353865.0,0.5,-68616.0,-16.776528117359412,5545481.0,-18714588.0,553573.0,24238925.0,24260069.0,510032.0,-417008036.0,475916.0,18499156.0,-19.66165037527631,0.022838182798948385,3.250076954550922,-0.9630583371645691,0.5118478682226607,-19.66165037527631,-0.34156204774585475,116.36088019559902,0.018613173913866493,-0.02543021518827986,0.0,0.14255183988455628,0.0,0.000737537465190125,0.0,1.1526850421090613,-1.9067147435897436,-16.776528117359412,2.941445988972587,1.0004236048554191,-0.9999926689253327,0.9855332148635121,0.652883029634651,3.1772434518621306,0.5512118099151543,1.0006163672178496,-0.9999921595559919,0.9992788161137932,Solar,Technology,ASTI
2019Q4,2019,Q4,2019-12-31,2019-12-31,-2935911.0,10256.0,-788490.0,-0.25754,-197674.0,-19.273985959438377,5633506.0,-25106781.0,585490.0,30711883.0,30740287.0,533892.0,-423400229.0,475916.0,17615195.0,-26.37732393951874,0.019063956449690826,3.042382310412024,-0.6826553750558465,0.09896326351722284,-26.37732393951874,0.1169369741186654,46.40366614664587,-0.04052541102233685,-0.018955675759469125,0.0,0.38946078982266075,0.0,0.0018205359149346782,0.0,-0.5211516593751742,-3.1832781512324004,-19.273985959438377,0.9484920000000001,0.9997095925122425,-0.9999948672344372,-1.0038611084241649,-1.7484759676185717,-1.2947471676287023,0.11245361005771094,0.9997059882226733,-0.9999832385739473,0.9990347282898732,Solar,Technology,ASTI
2019Q3,2019,Q3,2019-09-30,2019-09-30,-1279405.0,338373.0,-888393.0,-5.0,264102.0,0.7805055367892828,6002002.0,-22504488.0,895623.0,28481629.0,28506490.0,684390.0,-420464318.0,142825.2,16331825.2,-77.20765747221078,0.03144563816908085,2.7013494830558202,-0.7204565151626644,0.1412168813681423,-77.20765747221078,0.05685110454412471,0.4220939613976293,-0.027908519976082635,-0.006346520747328267,0.0,0.10852145706395476,0.0,0.05637668897811097,0.0016469563591324078,-0.21316304126523117,-0.18545716604447332,0.7805055367892828,0.875,0.9997469803408882,-0.9992790028365961,-1.0048620450792394,7.177824561403509,0.6714151284054527,-0.39613090794798256,0.9999891997421675,-0.9999256297248936,0.999825243375533,Solar,Technology,ASTI
2019Q2,2019,Q2,2019-06-30,2019-06-30,-3893682.0,74368.0,-636325.0,-40.0,-42750.0,-0.5748440189328744,6503886.0,-21856677.0,1320199.0,23488878.0,28360563.0,674640.0,-419184913.0,477546.0,14945925.0,-217.4014979708761,0.056205281495352824,2.29232323567787,-0.682126061523442,0.09158828545060012,-217.4014979708761,0.17814611068279043,6.421390920826162,-0.030661594860597243,-0.02184897548698734,0.0,0.17360073520692518,0.0,0.011434394760301765,0.021354957865590687,-0.5986700873908306,-0.7383472201392443,-0.5748440189328744,-9.0,0.998368261195416,-0.9997021818625454,-1.0109515378756118,-1.344902701132733,-2.2014804039945233,0.3229447077274691,0.9999826613237054,-0.999985514130593,0.9997961954069747,Solar,Technology,ASTI
2019Q1,2019,Q1,2019-03-31,2019-03-31,3240737.0,215384.0,-939842.0,5.0,123948.0,0.5754745013557182,6211554.0,-18362002.0,966865.0,19607671.0,24573556.0,677920.0,-415291231.0,194936.0,14446201.0,-659.3651967825338,0.04931054789729999,2.3025110946471687,-0.77890047065674,0.23149787060049312,-659.3651967825338,-0.1764914849698851,0.9050625858931025,0.015037937358076264,-0.010616271580843963,0.0,0.1348772716544725,0.0,0.03467473678889373,0.005432720693854971,0.5217272521497841,-0.16746791292245838,0.5754745013557182,1.4247752726420086,1.0048166569527177,-0.9962718382801456,-1.0186907506762621,1.7639416202356886,1.383247088841898,0.43242006043930825,1.0000221134798903,-0.9999782201290274,0.9992609372303943,Solar,Technology,ASTI
2018Q4,2018,Q4,2018-12-31,2018-12-31,-8455999.0,349939.0,-1655876.0,-11.77093,-162248.0,-0.4636465212508466,6292327.0,-22635896.0,982479.0,23870140.0,28928223.0,660791.0,-418531968.0,2060752.0,15477141.0,-812.837403045102,0.041159331281676606,2.135068314154684,-0.5935063493841817,0.17996015366444135,-812.837403045102,0.37356590611655044,5.888889206404545,-0.060925740412220965,-0.09103911769165224,0.0,0.7751119491639565,0.0,0.05561360685800341,0.007679846033580029,-1.3438587981838834,-2.1045454870398115,-0.4636465212508466,-3.354186,0.990769107792656,-0.9933459878897946,-1.016220757990786,-6.070091559638762,-23.04988604776085,-0.3989350063235584,0.9999424862150849,-0.99998949360069,-1.000630425636423,Solar,Technology,ASTI
2018Q3,2018,Q3,2018-09-30,2018-09-30,383494.0,32001.0,-1183669.0,5.0,32001.0,1.0,7132456.0,-14954089.0,1328860.0,16832516.0,22086545.0,969095.0,-410075969.0,1295895.0,13547852.0,-3288.7813943259293,0.07894601139841483,1.7258833422877056,-0.823171976574434,0.44763003620615194,-3288.7813943259293,-0.025644758433629757,40.4954532670854,0.8447948338174783,-0.08665823775691049,0.0,0.0,0.0,0.004486673314213225,0.0053287339813014286,0.053767454015839704,-1.5021960965239194,1.0,1.0043478260869565,1.0035521831247995,-0.9930091116827856,-1.0439293885056755,1.2507541980426111,1.111002342229483,0.2719131464423565,1.0000137963712632,-0.9999943834695826,0.9651984487537071,Solar,Technology,ASTI
2018Q2,2018,Q2,2018-06-30,2018-06-30,-3454828.0,102962.0,-1625725.0,-1150.0,-127619.0,-1.2394767001418,7470169.0,-16542926.0,1578250.0,18971210.0,24013095.0,1000250.0,-410383350.0,4984.5,11362117.5,-4978.310562744508,0.0831918470145025,1.5237987253032697,-0.6880907283270202,0.315069578975684,-4978.310562744508,0.20884020154596594,0.04841106427614071,-0.0003606908940184576,-0.0003013070360104373,0.0,0.23052336915771057,0.0,0.013783088441506478,0.003683739729832731,-0.4624832450243094,-0.007232413750074363,-1.2394767001418,0.425,0.9603690020185821,-0.962826843008573,-1.057849530620711,-2.2214331518045998,0.22066497843694832,0.22763088193723557,0.8579558130250169,-0.9785181574970504,-0.49738656723406394,Solar,Technology,ASTI
2018Q1,2018,Q1,2018-03-31,2018-03-31,-4433046.0,377511.0,-2104855.0,-2000.0,104483.0,0.2767680941747393,7690458.0,-17736965.0,1697358.0,17506477.0,25427423.0,1074319.0,-406928522.0,5497.5,10169320.5,-8065.9231468849475,0.096956000913262,1.333071970486023,-0.577998208825467,0.2812085881808639,-8065.9231468849475,0.24993261248471765,0.014562489569840348,-0.0003100294921370092,-0.00030994592366845173,0.0,0.25414052995432457,0.0,0.04908823375668914,0.005831841552129535,-0.5764345894613819,-0.0036619581334438192,0.2767680941747393,0.25594306640036624,0.9194797001655816,-0.8122041088708226,-1.0740514505361265,1.2630024920079543,0.2500139574117917,0.20718673526386305,0.8728406321874781,-0.7071069829834292,-4.934800734740889,Solar,Technology,ASTI
2017Q4,2017,Q4,2017-12-31,2017-12-31,-5910838.0,94387.0,-2654919.0,-2687.96635,-397270.0,-4.208948266180724,7781340.0,-15202335.0,1628555.0,14312482.0,22983675.0,1037854.0,-402495476.0,9895.5,10202386.5,-6913.294679399727,0.11378564528500368,1.3213802507023211,-0.6763506395563577,0.5395928967490518,-6913.294679399727,0.3888111924911535,0.10483964952800703,-0.0004185320254082416,-0.0006509197435788647,0.0,0.4737246279341796,0.0,0.012129915927076827,0.0067267158833806745,-0.759616981136925,-0.00520908182135463,-4.208948266180724,-0.7919775666666667,0.9369331379215583,-0.7568039004800278,-1.0519102097280613,-0.3549315661845206,-1.5094475158293545,0.18490859031242746,0.7469251124935142,-0.979553420238439,-2.0119669602030132,Solar,Technology,ASTI
2017Q3,2017,Q3,2017-09-30,2017-09-30,-2355434.0,242055.0,-3257204.0,-1500.0,-293203.0,-1.2113073475036664,8901539.0,-10230537.0,2569405.0,11010571.0,19132076.0,1067056.0,-396581869.0,12896.0,8941727.0,-6346.486972704714,0.2333580156742098,1.124733599437131,-0.9786250711961649,14.89504611824746,-6346.486972704714,0.2302356171528435,0.053277147755675366,-0.0013687498779418146,-0.0012605398915032516,0.0,0.5016212832316205,0.0,0.027192488849400086,0.10061585361921739,-0.26460974894341305,-0.0028867794188028374,-1.2113073475036664,0.556234193783102,0.9417667588577471,-0.9310936946710467,-1.0359405767573167,-0.08637158567130555,0.5004726079326451,-0.003084823879868945,0.9157711471841515,-0.9067399517727669,-1.3996612093457415,Solar,Technology,ASTI
2017Q2,2017,Q2,2017-06-30,2017-06-30,-4715325.0,25134.0,-3247187.0,-3380.16129,-269892.0,-10.738123657197422,8718047.0,-12751767.0,2101665.0,15350496.0,21469814.0,1195862.0,-394226434.0,3487.5,11921988.5,-9141.051612903226,0.13691186265251623,1.3938208867192388,-0.9529186033590482,5.408633994646643,-9141.051612903226,0.3697781648613874,0.1387562664120315,-0.00018490241923939496,-0.00027349150905909745,0.0,0.24670572357011095,0.0,0.0028829851456409904,0.025509468879702648,-0.5408694171985996,-0.0009635071827215741,-10.738123657197422,0.6897674387835592,0.8820980516820898,-0.9759849882173425,-1.0466408739968938,0.7773605513108812,0.15473745516966558,0.34909728781432764,0.8575871465771602,-0.9927460585409013,-1.460477843510729,Solar,Technology,ASTI
2017Q1,2017,Q1,2017-03-31,2017-03-31,-5578533.0,280603.0,-4988744.0,-10895.572266,-1212238.0,-4.320117746424664,8871379.0,-13958666.0,1922739.0,16583000.0,22830045.0,1306143.0,-389511109.0,4096.0,11736940.0,-27263.01953125,0.11594639088222879,1.3279582576733562,-0.8439790020049194,2.29067908873221,-27263.01953125,0.3996465708112795,0.014597135454717162,-0.0001835608035302471,-0.00029343778266490507,0.0,1.1429384072034992,0.0,0.03163014453559024,0.0038157148887414823,-0.6288236586442761,-0.0015280907930664374,-4.320117746424664,-0.03856142618627095,0.5946665670170534,-0.7455628138333228,-1.1212982842675767,-0.625689977952891,-0.038561426398014374,-0.12227156361214968,0.5490317314105233,-0.7358213820382558,-1.7728134624441152,Solar,Technology,ASTI
2016Q4,2016,Q4,2016-12-31,2016-12-31,-5371404.0,329137.0,-4445220.0,-10491.02344,-745676.0,-2.2655489963146045,11614841.0,-13991076.0,4233762.0,18097684.0,25605917.0,2569816.0,-383932576.0,7424.0,8626382.0,-27326.3203125,0.23393943667046016,0.7533382506054108,-0.6253917854495251,0.8481347301710381,-27326.3203125,0.3839164335895252,0.02255595694194211,-0.0003455334955255646,-0.0005306239491515878,0.0,0.4182451194949366,0.0,0.028337624251593283,0.03758215692129446,-0.46246039872607814,-0.0022137840260453598,-2.2655489963146045,0.9741861549981203,0.6129790740463311,-0.8244681177082807,-1.1120321593095477,0.15213893680235685,0.5442521159374104,0.19746161276054125,0.68107348724752,-0.6595980838082712,-1.5453164764653025,Solar,Technology,ASTI
2016Q3,2016,Q3,2016-09-30,2016-09-30,-11785911.0,452674.0,-5538950.0,-406410.724138,-879479.0,-1.9428529140175932,12378810.0,-12812230.0,4619092.0,19084060.0,25191040.0,3458645.0,-378561171.0,3262.5,6331772.5,-441801.0344827586,0.24203927256569094,0.5187168233457012,-0.5011693514712114,0.8666616701608306,-441801.0344827586,0.9198953655998995,0.007207173374216324,-6.920339038704773e-05,-0.0002546395124033833,0.0,0.3851661561102686,0.0,0.03656845851903374,0.01744356284773785,-0.9521037159468478,-0.001064253510568649,-1.9428529140175932,0.8180541222153368,-13.700377352250506,2.0634410940107064,-2.559415013318985,0.13538120325957764,-0.055286091150867744,0.22431719621254992,-16.116969892473335,14.505340986382075,-6.901288945348207,Solar,Technology,ASTI
2016Q2,2016,Q2,2016-06-30,2016-06-30,-11168451.0,255323.0,-7140741.0,-2233690.2,-1017187.0,-3.983922325838252,14017276.0,-5333577.0,5903895.0,13793155.0,19350853.0,4076521.0,-366775258.0,1822.5,6033862.5,-1066715.4,0.42803078773493086,0.43973893358452815,-1.1556863245810458,-8.599520692707424,-1066715.4,2.0939888933824338,0.007138017334905198,-4.079572001524651e-05,-0.00034170313843786263,0.0,0.3121558799770687,0.0,0.01821487998096064,0.06982441653124322,-0.7967632940950866,-0.00038377785232228244,-3.983922325838252,0.5755463698195555,-3.2487065548019367,7.055106213923487,-4.266068897524171,0.30050530404201975,-0.06113407545111104,0.048362934304275566,-84.14553098322153,60.263633576389346,-13.395567616389169,Solar,Technology,ASTI
2016Q1,2016,Q1,2016-03-31,2016-03-31,-10525014.0,710222.0,-7503639.0,-5262507.0,-1454174.0,-2.0474921925820375,19137969.0,-1784328.0,9689792.0,15122282.0,20922297.0,4152491.0,-355606807.0,12500.0,7155424.0,-892164.0,0.6407625515778637,0.39153825570519,-4.199478459117382,-1.3143712496183604,-892164.0,5.898587031083971,0.017600130663370045,-0.00029691171907229765,-0.007005438461986809,0.0,0.5212283422167562,0.0,0.03711062547964206,0.2560963351959711,-0.5499545954954781,-0.002108367029255195,-2.0474921925820375,0.0032328359763806745,-86.75760697840168,47.30197228077438,-2.0429137038277756,-1.0052787403833292,0.0032328359763806745,-0.09323735187807952,-209.19436132719525,387.4595742688465,-9.190759707601147,Solar,Technology,ASTI
2015Q4,2015,Q4,2015-12-31,2015-12-31,-10559150.0,2392073.0,-6863687.0,-5279575.0,-725173.0,-0.30315671804330385,18750170.0,2578694.0,7986262.0,10125777.0,16171476.0,4272380.0,-345081794.0,29000000.0,35807001.0,1289347.0,0.7887060913942703,0.3804348440574139,2.766213439826517,-0.7067287059437936,1289347.0,-4.094766575638676,12.123375833429833,-0.6866082970693663,11.246002821583328,0.0,0.7296275144064901,0.0,0.12757606997696555,0.22902953521492722,-0.5631495607773156,-6.22671289893637,-0.30315671804330385,0.13636503423246935,-86.12199434493711,160.01312566945302,0.41632236755405566,0.3017212076859747,-0.7272699315350614,0.024246948429156444,-122.87291550855882,6775.634857470403,8.681385834989202,Solar,Technology,ASTI
2015Q3,2015,Q3,2015-09-30,2015-09-30,-6113202.0,1253056.0,-7034246.0,-6113202.0,-1038515.0,-0.8287857845140201,20311540.0,-94501.0,8200213.0,14187635.0,20406041.0,4489195.0,-334522644.0,18130000.0,25387404.0,-94501.0,0.5779830817468874,0.38779363849319154,-83.3502925894964,-0.9038908738355617,-94501.0,64.68928371128348,14.468627100464783,-0.7414281419131905,-191.84982169500853,0.0,0.5104636800139001,0.0,0.061691826419857876,0.18371997869976214,-0.30097186131627635,-3.5366866376644057,-0.8287857845140201,-825.1083783783783,-113.0749564265116,268.3706548593063,-1.0937657019606175,-2.0725750380922796,0.46080642981859776,-0.015460912762629805,-242.6317064041241,574.016655059413,-1.5351654322699597,Solar,Technology,ASTI
2015Q2,2015,Q2,2015-06-30,2015-06-30,-11337676.0,2234223.0,-6927146.0,-7400.0,-337995.0,-0.15128078083521654,46975663.0,-5149908.0,32911050.0,20476887.0,52125571.0,4817454.0,-328409442.0,85195000000.0,85206742162.0,-3324.666236281472,1.607229165253488,0.25490786580276686,-2.325180566332447,-1.0150321823039676,-3324.666236281472,2.2015298137364785,38131.824799941634,-1878.5816423048252,-16543.013972288438,0.0,0.5339372207809353,0.0,0.047561287213764285,0.10688133406215505,-0.24135212311958215,-12031.17499933274,-0.15128078083521654,0.5316455696202531,0.8734504188265266,-0.5698912770828065,-1.0031222163742068,0.6341463414634146,0.3626139757822369,-0.0008439159956106543,0.7446968448461976,0.9225183842176713,-1.0169636214272377,Solar,Technology,ASTI
2015Q1,2015,Q1,2015-03-31,2015-03-31,-17787770.0,657640.0,-6921305.0,-15800.0,-923853.0,-1.4048004987531173,50966339.0,-1524898.0,31574656.0,13312745.0,52491237.0,3853003.0,-317071766.0,125664000000.0,125673630884.0,-1359.0891265597147,2.3717614962203513,0.192396043985031,-6.430411739014675,-0.8358232224232758,-1359.0891265597147,11.664891684558574,191083.2674411532,-1766.1573092073936,-82408.13483918269,0.0,0.41045724594556504,0.0,0.012903418469982707,0.13323292829540415,-0.34901015746883446,-22541.080645925085,-1.4048004987531173,-0.4875867859307801,0.6807067061038077,-0.6394218964642535,-1.0012161519692606,-1.3922326428544136,-0.49263586808076754,0.23137305637626301,0.41021865733364954,-0.727884300425718,-1.0060468422813345,Solar,Technology,ASTI
2014Q4,2014,Q4,2014-12-31,2014-12-31,-11917019.0,2355370.0,-9004765.0,-10621.22906,2355370.0,1.0,55920382.0,7664990.0,35186277.0,11165376.0,48255392.0,2427212.0,-299283996.0,120054000000.0,120058212161.0,6831.541889483066,3.1513741230031123,0.13463314681934754,0.9822239820273738,-0.5926633406010257,6831.541889483066,-1.5547337961301972,50970.33587079737,-2518.540920342579,15662.642743173832,0.0,0.0,0.0,0.042120062770672775,0.5462136698307338,-0.21310689544288164,-15945.190218253892,1.0,0.3877486399589507,0.7894793800446017,0.03972537254400142,-0.9941120760588251,0.0,0.026988632188409058,0.04030054244417585,0.6081757010437387,-0.42678763934615405,-0.9719921167380037,Solar,Technology,ASTI
2014Q3,2014,Q3,2014-09-30,2014-09-30,-12247564.0,1136732.0,-9382901.0,-17347.824363,0.0,0.0,24815534.0,11211045.0,6998695.0,6662618.0,13604489.0,2082935.0,-287366977.0,156026000000.0,156031152765.0,15879.667138810199,1.0504421835380626,0.24741236678606232,0.5476447556851302,-0.5407789246725567,15879.667138810199,-1.092455163635504,137258.38632149002,-3184.8374093003313,13917.168292518672,0.0,0.0,0.0,0.045807275394517,0.35659360929892725,-0.4935442453102158,-19092.669306318607,0.0,0.5114116889410415,0.6543508565652437,-0.5945844706903559,-0.9869155868268863,-1.0,-0.17543051627210574,-0.18876397775291465,0.37250778775137444,-0.684008525278476,-0.9439499018562503,Solar,Technology,ASTI
2014Q2,2014,Q2,2014-06-30,2014-06-30,-10419641.0,1090380.0,-7892989.0,-35506.015945,1090380.0,1.0,25282195.0,8714690.0,6126631.0,9461650.0,16567505.0,2334116.0,-275119411.0,184380000000.0,184384884727.0,19851.23006833713,0.6475224722960583,0.24566628807348412,0.7127026893670343,-0.5288196384846432,19851.23006833713,-1.1956410382928135,169097.01205084467,-4423.8568296162985,21157.379092084746,0.0,0.0,0.0,0.04312837552277403,0.2789219639280675,-0.4121335588148102,-29353.333548784274,1.0,-0.10251812010749187,0.44987156969963016,-0.0071455921622484335,-0.9842065805589215,0.44792666748997095,-0.18807011086603945,-0.0415221260751557,0.9548537134636241,-0.6081997635485162,-0.9392195096238486,Solar,Technology,ASTI
2014Q1,2014,Q1,2014-03-31,2014-03-31,-8770224.0,753063.0,-7578321.0,-32204.473829,753063.0,1.0,26574098.0,12805776.0,6166328.0,6465565.0,13768322.0,2124962.0,-259532271.0,221393700000.0,221398417923.0,35277.61983471074,0.9537183525337692,0.23636290496106396,0.490492024848787,-0.39704290485619276,35277.61983471074,-0.6848647048019582,293990.94099696836,-6310.947702133948,17288.58134017025,0.0,0.0,0.0,0.02833823371916518,0.3959507019108152,-0.3300290380505107,-33029.11568068321,1.0,0.06374364063235452,0.43056130793105785,-0.5819806391436713,-0.9729057432124003,0.2946879255092357,0.1343691291344169,0.10736050095002361,0.5971010399543062,-0.7178205230744341,-0.9587614909769433,Solar,Technology,ASTI
2013Q4,2013,Q4,2013-12-31,2013-12-31,-10131598.0,581655.0,-8489789.0,-34397.068182,581656.0,1.0000017192321908,28539020.0,15434169.0,6842449.0,5672239.0,13104851.0,1887612.0,-247842047.0,217140000000.0,217143031980.0,50110.93831168831,1.206304776649926,0.22250711482034072,0.4114335536950515,-0.38972046111732556,50110.93831168831,-0.6564394882549233,373314.0779327952,-5357.989924195572,14068.784655655902,0.0,0.0,0.0,0.02038104321732141,0.6694627994342269,-0.35500861627343894,-39859.71085280397,1.0000017192321908,0.0735305612689711,-0.014789407375906921,-0.541359910204617,-0.9626729104383603,1.1163979580326961,-0.5630649692781985,-0.3171655134846813,0.4571797035874309,-0.745767190619102,-0.9449541180225605,Solar,Technology,ASTI
2013Q3,2013,Q3,2013-09-30,2013-09-30,-6481879.0,274833.0,-6445499.0,-37127.040293,274833.0,1.0,30851024.0,20438193.0,6842732.0,4225223.0,10412831.0,2097498.0,-236025749.0,240240000000.0,240242537723.0,74865.17582417582,1.6194960597345986,0.20803241409426151,0.3140205692352548,-0.2400003559698641,74865.17582417582,-0.31714540517353956,874130.8358166596,-9265.83171330412,11754.46381194267,0.0,0.0,0.0,0.008908391501040613,0.9432706865412784,-0.21010255607723102,-48577.98582535462,1.0,-0.3051824211236533,0.5416659889646047,-0.7807797298243158,-0.9457364943461354,0.22120319394270632,0.08488415563528183,0.0760607599625407,0.5569427601584251,-0.7835856606575636,-0.925717338826479,Solar,Technology,ASTI
2013Q2,2013,Q2,2013-06-30,2013-06-30,-7083124.0,225051.0,-6976107.0,-28445.862963,225051.0,1.0,32322342.0,23235173.0,6892065.0,2834783.0,9087169.0,2078690.0,-225890068.0,235170000000.0,235172488723.0,86056.1962962963,2.4312495877109463,0.20062846931079437,0.27909333836249034,-0.23472804719926393,86056.1962962963,-0.3048449004446836,1044963.1416878841,-8300.362947196745,10121.29326517173,0.0,0.0,0.0,0.006962707095915265,1.5191878884556596,-0.2191401848294285,-44542.759116804424,1.0,-0.13618091109628178,0.09920000652465728,-0.7771557634963763,-0.9395724143741929,-0.042079365957682274,-0.10082959415798112,-0.10243931501261955,0.5464249379175612,-0.7514462425942783,-0.9191840485381229,Solar,Technology,ASTI
2013Q1,2013,Q1,2013-03-31,2013-03-31,-6434351.0,234937.0,-6327883.0,-25036.385214,234937.0,1.0,36842679.0,27993270.0,10317273.0,2526875.0,8849409.0,2167264.0,-218209685.0,146490000000.0,146489604094.0,108923.22957198444,4.083016769725451,0.17779548550201793,0.23400131531614562,-0.1831846946936712,108923.22957198444,-0.22985349692979776,623528.8609286745,-5691.716227479663,5233.043513673108,0.0,0.0,0.0,0.006376762124165835,3.0170139005688843,-0.1746439502947112,-26109.967719460346,1.0,0.4125796052809334,0.2693736021102573,-0.7901244922298821,-0.9004491865504668,4.179501311757313,0.41257960531775434,0.3841533937979752,0.4957652482403878,-0.43762982257128974,-0.9025323670438682,Solar,Technology,ASTI
2012Q4,2012,Q4,2012-12-31,2012-12-31,-10953571.0,45359.0,-10275096.0,-42620.89883,45359.0,1.0,43523995.0,34226730.0,15712838.0,2908943.0,9297265.0,2159553.0,-211775334.0,159340000000.0,159333993593.0,133177.93774319068,5.401562698203437,0.1519867374306977,0.19327204205601878,,133177.93774319068,-0.32002972530533885,3512864.040212527,-3636.713543008029,4655.42574473226,0.0,0.0,0.0,0.0010421607667218968,4.578288402350957,-0.2516674078287161,-21815.294254557404,1.0,-0.6985864871625951,-0.861169977297585,-0.9475217313529744,-0.8082669347886808,-0.9183731129214828,-0.7119087342178698,-0.6151692131346377,0.15522224418360647,-0.9125856549434762,-0.8852174837306379,Solar,Technology,ASTI
2012Q3,2012,Q3,2012-09-30,2012-09-30,-6398455.0,555687.0,-6361622.0,-25091.980392,555687.0,1.0,54568626.0,45028609.0,22176085.0,3084427.0,9540017.0,2367521.0,-200821763.0,277950000000.0,277938105324.0,176582.78039215686,7.189693580039339,0.12238942941315767,0.1483195494668734,,176582.78039215686,-0.1420975495823111,500191.65465450875,-10860.043557390025,6172.74231144915,0.0,0.0,0.0,0.01018326904547679,6.25938432000498,-0.11725519715303076,-59268.20874179958,1.0,0.12477745254482026,0.331819377394271,-0.6301531215330015,-0.8001847063094601,2.5954927499660307,-0.08340655148515874,-0.08526748007992765,0.500051340828324,-0.45129735754965866,-0.8545005989287202,Solar,Technology,ASTI
2012Q2,2012,Q2,2012-06-30,2012-06-30,-5905867.0,154551.0,-5861801.0,-28669.257282,154551.0,1.0,49695502.0,40373528.0,16411036.0,2810532.0,9321974.0,2308735.0,-194423308.0,162740000000.0,162733301108.0,195988.0,5.839120849718132,0.1356488963528329,0.16696930721536152,-0.12441562784651268,195988.0,-0.14628067678405512,1052985.7458055916,-6888.912330738231,4030.859032185644,0.0,0.0,0.0,0.003109959529134045,4.827525536090676,-0.11884107740777022,-25500.926159666134,1.0,-0.0665441146143982,0.019216691279136135,-0.8196572279608438,-0.7433186736620976,-0.6499934324653619,-0.07174676880852685,-0.07696876831524545,0.3355041148526781,-0.700099761888763,-0.844074111339068,Solar,Technology,ASTI
2012Q1,2012,Q1,2012-03-31,2012-03-31,-5510506.0,441566.0,-5442870.0,-26880.517073,441566.0,1.0,55906033.0,46075829.0,22294310.0,3253082.0,9830204.0,2321028.0,-188517442.0,129150000000.0,129144248825.0,224760.14146341462,6.853288665948169,0.12167981942127784,0.14764001316178163,,224760.14146341462,-0.1195964591326181,292481.7581063759,-5859.26228916183,2802.988091652133,0.0,0.0,0.0,0.007898360450651185,5.924034807607063,-0.09856728700460646,-22401.390950323723,1.0,0.008359606653114334,0.27586290200622293,-0.6611236534890979,-0.5618245530966836,-0.41184603458334557,0.008359606691428406,-0.0002734599408753144,0.36645053150355045,-0.5659762682647548,-0.8273775550346197,Solar,Technology,ASTI
2011Q4,2011,Q4,2011-12-31,2011-12-31,-5556960.0,750766.0,-5441382.0,-27107.12195,750766.0,1.0,61424505.0,50002568.0,27112816.0,4780207.0,11421937.0,2469123.0,-183006936.0,79950000000.0,79945964244.0,243914.96585365853,5.671891614735513,0.11824481125244721,0.14525511969705235,,243914.96585365853,-0.11113349218384144,106491.23694999507,-3596.840718666321,1598.917879577705,0.0,0.0,0.0,0.012222581199474053,5.074480874991397,-0.09046812831458716,-23336.66769898705,1.0,0.9998192858536666,-0.061707805048452954,0.0,-0.17211151801107544,-0.24050512540629454,-0.036093297917842077,-0.16261592225442345,0.1637577578652743,-0.11057772884111629,-0.8183104112077634,Solar,Technology,ASTI
2011Q3,2011,Q3,2011-09-30,2011-09-30,-5363378.0,988507.0,-4680292.0,-150000000.0,988507.0,1.0,66446509.0,54962534.0,31094175.0,4780478.0,11483975.0,3122130.0,-177449976.0,145500000000.0,145497455138.0,283312.03092783503,6.504407090671686,0.11020344198970633,0.13322955597352917,,283312.03092783503,-0.09758243679230656,147191.67390822727,-6782.106351631378,2647.2578575070793,0.0,0.0,0.0,0.014876733403706733,5.758226896975574,-0.0807172277478114,-29470.879226716537,1.0,-284.31529717947734,0.5076828410206274,73.38535630972984,-0.3716071975446383,-0.03746601699734368,0.9370265930881958,0.9451415384250406,0.4663205386092791,0.10956435455745976,-0.7946507996165562,Solar,Technology,ASTI
2011Q2,2011,Q2,2011-06-30,2011-06-30,-85168935.0,1026984.0,-85315772.0,-525734.166667,1026984.0,1.0,69095793.0,52910058.0,29274660.0,9422892.0,16185735.0,3381951.0,-172086598.0,153900000000.0,153897417990.0,326605.2962962963,3.10675958081659,0.10682514346423377,0.13950406177970925,,326605.2962962963,-1.6096927166475608,149856.2781893389,-451.74922053445897,2908.709720182125,0.0,0.0,0.0,0.014863191453638864,2.7062513292097585,-1.2326211380192134,-26335.973091103984,1.0,-7.767146984079589,0.49578860110650125,-0.06732272952664295,1.3299050061679885,-0.13236204806299132,-7.821601313116488,-7.647991269677639,-17.0523396390966,0.694856316875119,-0.7706618424101097,Solar,Technology,ASTI
2011Q1,2011,Q1,2011-03-31,2011-03-31,-9654589.0,1183655.0,-9865386.0,-59966.391304,1183655.0,1.0,153502042.0,137727986.0,35531541.0,8951270.0,15774056.0,3418930.0,-86917665.0,462070000000.0,462061252671.0,855453.3291925465,3.9694413194999147,0.04846024784478111,0.05401042457703549,-0.06795899994525605,855453.3291925465,-0.07009896303863762,390375.5739636972,-11965.035487269319,3354.946321512318,0.0,0.0,0.0,0.007711004912885784,3.5356837633095637,-0.06289550858222459,-33889.991124661145,1.0,0.010452242052740226,0.9182477889933283,1.175116689330736,18.65131498003769,-0.010271426887157289,0.010452242064242475,-0.019913958400510794,-0.7499742114779885,0.68788450135997,-0.21815507009963622,Solar,Technology,ASTI
2010Q4,2010,Q4,2010-12-31,2010-12-31,-9756567.0,1195939.0,-9672763.0,-60599.79503,1195939.0,1.0,160020744.0,146566115.0,47664358.0,6175600.0,13454629.0,1876834.0,-77263076.0,540960000000.0,540940542169.0,910348.5403726709,7.7181744283956215,0.04902730610976287,0.05352796586032181,,910348.5403726709,-0.06656768517061395,452330.7626894014,-13861.43302249654,3690.894037820406,0.0,0.0,0.0,0.007473649791304557,7.331623809832243,-0.06097063890666575,-47589.89921631851,1.0,-0.13081801933730894,-1.373519235446313,0.0,2.0898762957503014,0.9185981968107293,-0.358669411327603,-0.28133512748490785,-1.6462726556976235,1.208677479519289,0.31060683934660854,Solar,Technology,ASTI
2010Q3,2010,Q3,2010-09-30,2010-09-30,-7180972.0,623340.0,-7548972.0,-53589.343284,623340.0,1.0,148020273.0,135050810.0,37560288.0,5646829.0,12969463.0,1011264.0,-67506509.0,423440000000.0,423436449630.0,1007841.8656716418,6.651571705110957,0.05337850579427049,0.05850465465553298,,1007841.8656716418,-0.0531723726795863,679308.2426925915,-14741.736912495968,3135.4125162225982,0.0,0.0,0.0,0.0042111799104707776,6.406234189135176,-0.04851343572376738,-72055.09839509623,1.0,0.07345498668739929,0.045696028143638164,66.90935831789956,1.235417155872784,0.39757944817875673,0.06648848283312295,-0.01998221341149848,-0.4270440276387481,-0.21050006337425142,0.14044086255505248,Solar,Technology,ASTI
2010Q2,2010,Q2,2010-06-30,2010-06-30,-7692430.0,446014.0,-7401082.0,-57837.819549,446014.0,1.0,154497947.0,141623948.0,42968055.0,5492831.0,12873999.0,0.0,-60325537.0,363090000000.0,363082364043.0,1064841.7142857143,7.8225700007883,0.051495221486664806,0.056176276063141524,,1064841.7142857143,-0.05431588448586393,814077.5850085423,-11800.237376225718,2563.7613209314004,0.0,0.0,0.0,0.002886860367147791,7.625732158881276,-0.049789852547361034,-37081.73136726999,1.0,-0.1648581986986965,0.9445299739817431,-0.5066222271878018,2.0755998641267097,1.0630076412144536,-0.16485819870776414,-0.14333714184020707,-0.9786479806312407,-0.19389615640786528,0.3946006059696656,Solar,Technology,ASTI
2010Q1,2010,Q1,2010-03-31,2010-03-31,-6603748.0,216196.0,-6473228.0,-49652.240602,216196.0,1.0,164510258.0,148631798.0,52469964.0,8439713.0,15878460.0,0.0,-52633106.0,512050000000.0,512027654231.0,1117532.3157894737,6.2170317876923065,0.04868886656295925,0.05389033913187271,,1117532.3157894737,-0.04443025038289586,2368452.7003274807,-19384.82510235097,3445.0905317043935,0.0,0.0,0.0,0.0013141794477034981,6.132799539510407,-0.040141861548840314,-57632.13578245993,1.0,0.01585584692588034,0.9323090757620117,-0.5190728300040041,24.05901939149624,-0.19490269388606285,0.01585584688731671,0.04701188462257008,-0.3375869712695445,-0.7442618583997039,1.1786568504169495,Solar,Technology,ASTI
2009Q4,2009,Q4,2009-12-31,2009-12-31,-6710143.0,268534.0,-6792559.0,-50452.20301,268534.0,1.0,172660729.0,154315015.0,61478931.0,11250328.0,18345714.0,0.0,-46029358.0,704900000000.0,704885595634.0,1160263.2706766918,5.46463454221068,0.04235386380188398,0.0473890956106896,,1160263.2706766918,-0.043483409569703896,2624993.4831343517,-26262.480546241713,4567.9287916344365,0.0,0.0,0.0,0.0015552696988786604,5.391958527786923,-0.03886316847416994,-16155.231399224323,1.0,-0.005241947935179662,-0.9760673158650063,0.0,2.9381289889540545,-0.3560428387121528,-0.2733064673291894,-0.13943377888148079,-0.9760673158650063,0.0,2.9381289889540545,Solar,Technology,ASTI
2009Q3,2009,Q3,2009-09-30,2009-09-30,-5269857.0,417006.0,-5961346.0,-50189.114286,417006.0,1.0,140101437.0,127431397.0,37536495.0,5512933.0,12670040.0,0.0,-39319215.0,791700000000.0,791684150322.0,1213632.3523809523,6.808806673326159,0.05256916101438702,0.05779592136151501,,1213632.3523809523,-0.041354463060622335,1898533.8340455533,-37557.94512071201,6212.754616509462,0.0,0.0,0.0,0.0029764576932926104,6.698380154447732,-0.037614582068847734,34105.15285910557,1.0,-0.16328301059138384,0.10624635100755982,56.97789363920751,1.6918653350708501,0.5875419721784417,-0.1632830105963168,-0.26189394609711936,0.10624635100755982,56.97789363920751,1.6918653350708501,Solar,Technology,ASTI
2009Q2,2009,Q2,2009-06-30,2009-06-30,-4530159.0,262674.0,-4724126.0,-43144.371429,262674.0,1.0,144498734.0,131977699.0,49254632.0,5307121.0,12521035.0,0.0,-34049358.0,821100000000.0,821078972438.0,1256930.4666666666,9.280857172843808,0.05144160640189415,0.056321992702721695,,1256930.4666666666,-0.03432518549971083,3125927.9563260926,-45312.979080866695,6221.505649981063,0.0,0.0,0.0,0.0018178290752360502,8.79827575063768,-0.031350855987430315,-35259.87247443273,1.0,-0.01687380167772529,0.9586218943875995,-0.6319468673154123,2.269629298914409,-0.49107303737602515,-0.02665143438341207,-0.1088461688321138,0.9586218943875995,-0.6319468673154123,2.269629298914409,Solar,Technology,ASTI
2009Q1,2009,Q1,2009-03-31,2009-03-31,-4412558.0,516133.0,-4260398.0,-42428.442308,516133.0,1.0,150385570.0,135411445.0,72371533.0,7704296.0,14974125.0,0.0,-29519199.0,422240000000.0,422218150413.0,1302033.125,9.393659459605395,0.049651080219997173,0.055141616722279276,,1302033.125,-0.032586300220044176,818083.7109814718,-23922.631725180723,3118.20023780117,0.0,0.0,0.0,0.0034320646588632143,9.007086176335903,-0.029341631647238495,-26134.751680864872,1.0,-0.3088979269218036,0.942157283558743,0.468289144287665,27.865985576923077,1.053552844801307,-0.30889792688125095,-0.09376685585011763,0.942157283558743,0.468289144287665,27.865985576923077,Solar,Technology,ASTI
2008Q4,2008,Q4,2008-12-31,2008-12-31,-3371201.0,428229.0,-3895161.0,-32415.39423,-9637826.0,-22.50624315494747,154211865.0,139618107.0,88433129.0,7531844.0,14593758.0,0.0,-25106641.0,391040000000.0,391014323748.0,1342481.798076923,11.741232160411181,0.04692928134939552,0.05183462342746131,,1342481.798076923,-0.024145872426131663,913156.2785332147,-28998.56757280269,2800.782852613809,0.0,0.0,0.0,0.002776887498247946,11.33672471177045,-0.02186084060393148,-9095.324132566955,-22.50624315494747,0.3742582667340215,-0.26961752414966245,0.0,3.5566093659643934,-23.812124396727,0.2926397797683119,0.12904318559803304,-0.26961752414966245,0.0,3.5566093659643934,Solar,Technology,ASTI
2008Q3,2008,Q3,2008-09-30,2008-09-30,-4765890.0,422487.0,-4472278.0,-51803.152174,422487.0,1.0,144750589.0,126928699.0,94916331.0,11946163.0,17821890.0,0.0,-21735440.0,559360000000.0,559313335124.0,1379659.7717391304,7.945340357401786,0.04126663001005129,0.04706082270645506,,1379659.7717391304,-0.03754777317933433,1323969.7316130437,-29341.84381091465,4406.883584302712,0.0,0.0,0.0,0.0029187238747608825,7.691128691279367,-0.03292484011930342,-122123.1383568089,1.0,-0.7787850908650767,0.07750401768050416,66.04014598540147,2.060118088027508,0.22774944422649404,-0.778785090854124,-0.40583075440827227,0.07750401768050416,66.04014598540147,2.060118088027508,Solar,Technology,ASTI
2008Q2,2008,Q2,2008-06-30,2008-06-30,-2679295.0,344115.0,-3181235.0,-29122.771739,344115.0,1.0,136517078.0,131019136.0,114571446.0,1397287.0,5497942.0,0.0,-16969551.0,952200000000.0,952166662518.0,1424121.043478261,81.99564298529937,0.029920344471480703,0.03117588868850425,,1424121.043478261,-0.02044964637837331,2767098.208447757,-88847.99919381777,7267.640659758281,0.0,0.0,0.0,0.0025206736405536017,81.66849258598985,-0.019626079310018633,-201640.52631523221,1.0,0.1501222868168503,0.9720694708290603,-0.44970127485911304,2.438509010602305,0.12862334288844138,-0.11698213734074127,-0.17335749462235506,0.9720694708290603,-0.44970127485911304,2.438509010602305,Solar,Technology,ASTI
2008Q1,2008,Q1,2008-03-31,2008-03-31,-2398691.0,304898.0,-2711224.0,-34267.014286,304898.0,1.0,82300883.0,76590294.0,64329027.0,1582188.0,5710589.0,0.0,-14290256.0,1155700000000.0,1155673454206.0,1094147.0571428572,40.658270066515485,0.05026039635565028,0.054007822453325485,,1094147.0571428572,-0.03131847228579642,3790447.95308595,-120451.11271105782,15089.379340938422,0.0,0.0,0.0,0.0037046747116917323,40.45773447908845,-0.02914538596141186,-154205.18349309365,1.0,-0.4963724359510483,0.9532837624289185,0.28866441251056635,23.57649094467764,1.0815310285224096,-0.49637243575187584,-0.29053914470646586,0.9532837624289185,0.28866441251056635,23.57649094467764,Solar,Technology,ASTI
2007Q4,2007,Q4,2007-12-31,2007-12-31,-1603004.0,235423.0,-2100846.0,-22900.05714,-3739656.0,-15.884837080489161,49816926.0,48622055.0,38254159.0,1174850.0,1194871.0,0.0,-11891565.0,1740200000000.0,1740199419254.0,694600.7857142857,32.56088777290718,0.0,0.0,,694600.7857142857,-0.03296866000418946,7391801.140925058,-271396.7026906982,35790.34246907088,0.0,0.0,0.0,0.004725763287762878,32.263775801166105,-0.03217789873265163,-273005.95210080605,-15.884837080489161,0.39018864998269137,0.10307079267287592,0.0,1.3575920733717002,-12.539868667917448,0.2238764635193798,0.18699074355359463,0.10307079267287592,0.0,1.3575920733717002,Solar,Technology,ASTI
2007Q3,2007,Q3,2007-09-30,2007-09-30,-2065398.0,324064.0,-2584037.0,-37552.690909,324064.0,1.0,49675677.0,48605153.0,43055622.0,1053030.0,1070524.0,0.0,-10288561.0,1001550000000.0,1001548453645.0,883730.0545454546,40.88736503233526,0.0,0.0,,883730.0545454546,-0.042493395710533,3090593.216154834,-121229.66130498819,20605.83987874701,0.0,0.0,0.0,0.006523595038271949,40.12850631036153,-0.04157765177513333,-151157.25742735193,1.0,-0.28468805729400787,0.3312722289056515,85.01566025215661,0.9601342158720428,0.557955058988683,-0.41315686302682975,-0.4999663325071253,0.3312722289056515,85.01566025215661,0.9601342158720428,Solar,Technology,ASTI
2007Q2,2007,Q2,2007-06-30,2007-06-30,-1461549.0,208006.0,-1722730.0,-29230.98,208006.0,1.0,39109582.0,38177300.0,34911064.0,917315.0,932282.0,0.0,-8223163.0,423500000000.0,423488519135.0,763546.0,38.05787979047546,0.0,0.0,,763546.0,-0.03828319446372583,2035998.9615684163,-72440.26714123167,11092.97933588808,0.0,0.0,0.0,0.00531854316417905,36.583545456032006,-0.037370611631696804,300575.24494930677,1.0,0.2125435321442416,0.9719656924519942,-0.3879476239517434,1.7712601439598867,0.0,-0.06413036197421418,-0.13434292287563795,0.9719656924519942,-0.3879476239517434,1.7712601439598867,Solar,Technology,ASTI
2007Q1,2007,Q1,2007-03-31,2007-03-31,-1373468.0,235181.0,-1518703.0,-37120.756757,0.0,0.0,19684956.0,18978985.0,17800304.0,693532.0,705971.0,0.0,-6761614.0,298590000000.0,298588926174.0,512945.54054054053,25.66616104231672,0.0,0.0,,512945.54054054053,-0.07236783210482542,1269617.868790421,-54349.64629681943,15732.664312659503,0.0,0.0,0.0,0.011947245398973714,23.353079598345857,-0.06977246990036452,-77174.58167701382,0.0,-0.4539130067602811,0.9493932539027792,0.8805453382376459,11.584052916402703,0.0,-0.45391300665840983,-0.3574198080828304,0.9493932539027792,0.8805453382376459,11.584052916402703,Solar,Technology,ASTI
