Quarters,Year,Quarter,FillingDate,Date,NetIncome,Revenue,OperatingIncome,EPSDiluted,GrossProfit,GrossProfitRatio,TotalAssets,CommonStockEquity,CurrentAssets,CurrentLiability,TotalLiability,Inventory,RetainedEarnings,MarketCap,EnterpriseValue,bookValuePerShare,currentRatio,debtToAssets,debtToEquity,roic,shareholdersEquityPerShare,roe,priceToSalesRatio,peRatio,pbRatio,payoutRatio,inventoryTurnover,dividendYield,assetTurnover,quickRatio,returnOnAssets,priceToFreeCashFlowsRatio,grossProfitMargin,epsdilutedGrowth,fiveYNetIncomeGrowthPerShare,fiveYRevenueGrowthPerShare,fiveYShareholdersEquityGrowthPerShare,grossProfitGrowth,netIncomeGrowth,operatingIncomeGrowth,threeYNetIncomeGrowthPerShare,threeYRevenueGrowthPerShare,threeYShareholdersEquityGrowthPerShare,Industry,Sector,Symbol
2023Q1,2023,Q1,2023-05-04,2023-03-31,-81148000.0,38900000.0,-91252000.0,-0.34,9761000.0,0.2509254499,1896417000.0,692117000.0,984033000.0,69485000.0,1204300000.0,61955000.0,-1620355000.0,2802730560.0,3393722560.0,2.85960947312752,14.161804706051665,0.5029716565502208,1.3781542716043675,-0.04966648722191343,2.85960947312752,-0.11724607255709656,72.04962879177378,-8.634626115246217,4.049504000046236,0.0,0.4703252360584295,0.0,0.02051236621481457,13.016924516082607,-0.04279016693058541,-28.479561029142786,0.2509254498714653,0.02857142857142844,-0.7162283386546399,0.027389136198756263,2.4449584892644096,0.8990272373540856,-0.016382765531062125,-0.10627257958926363,-41.76815517420023,0.5811871601904913,6.264798974882661,Medical Devices,Healthcare,PACB
2022Q4,2022,Q4,2023-02-28,2022-12-31,-79840000.0,27353000.0,-82486000.0,-0.35,5140000.0,0.1879135744,1767086000.0,562904000.0,854996000.0,76916000.0,1204182000.0,50381000.0,-1532340000.0,1850651380.0,2482929380.0,2.488072453710866,11.115970669301575,0.5417772536254603,1.7007642510978782,-0.04970249877030176,2.488072453710866,-0.14183590807668803,67.6580769933828,-5.794875313126252,3.287685608913775,0.0,0.44090033941366785,0.0,0.015479156079556966,10.285298247438764,-0.045181728563295734,-28.19009246142363,0.18791357437940995,0.054054054054054106,-0.9760895107740512,-0.43629632747957175,2.359474297016034,-0.6205802022588027,0.04499892347073037,-0.17267557577480808,-592.5318046286438,-0.33748015807274057,5.934136553579069,Medical Devices,Healthcare,PACB
2022Q3,2022,Q3,2022-11-08,2022-09-30,-83602000.0,32311000.0,-70340000.0,-0.37,13547000.0,0.4192689796,1818949000.0,626591000.0,916818000.0,70190000.0,1192358000.0,43495000.0,-1447956000.0,1306839015.0,1950710015.0,2.783327336611541,13.06194614617467,0.5260818197761454,1.5271780156433783,-0.046719613986830916,2.783327336611541,-0.13342355699331782,40.44563817275851,-3.9079179176335495,2.085633236034351,0.0,0.43140590872514084,0.0,0.017763554668107792,12.211084200028495,-0.045961706457960064,-19.434862362808957,0.41926897960446907,-0.1935483870967742,-0.9523584088327663,-0.2942813062527541,2.1775460425888955,-0.16340393997406286,-0.2049696602816333,0.04178075660359366,-0.950760092893239,0.0019181175000306551,7.346762965790633,Medical Devices,Healthcare,PACB
2022Q2,2022,Q2,2022-08-08,2022-06-30,-69381000.0,35467000.0,-73407000.0,-0.31,16193000.0,0.4565652578,1876142000.0,681886000.0,973209000.0,71968000.0,1194256000.0,36121000.0,-1370985000.0,992285580.0,1632061580.0,3.0373676497445423,13.522801800800355,0.5109266782578291,1.4057643066436325,-0.042104157319587866,3.0373676497445423,-0.10174867939802254,27.977713931260045,-3.5754946599213038,1.4552074393666976,0.0,0.5335954154093187,0.0,0.018904219403435348,12.869733770564695,-0.0369806763027532,-15.364739091387694,0.456565257845321,0.1842105263157895,-0.17815605983592636,-0.23373617227768675,1.5523745415081016,0.14397739314729777,0.17806709946453111,0.06590232356908356,-0.919626757920646,-0.0196988975598912,5.125575943941867,Medical Devices,Healthcare,PACB
2022Q1,2022,Q1,2022-05-06,2022-03-31,-84412000.0,33173000.0,-78586000.0,-0.38,14155000.0,0.4267024387,1936666000.0,734578000.0,1034170000.0,75071000.0,1202088000.0,29625000.0,-1299591000.0,2022829900.0,2546271900.0,3.3046079653064253,13.775892155426197,0.49573442193956,1.306970805006412,-0.04649951001711971,3.3046079653064253,-0.11491223532422697,60.978202152352814,-5.990942934653841,2.7537305772838283,0.0,0.641957805907173,0.0,0.017128921559009143,13.195867911710248,-0.04358624564070418,-24.469617864444096,0.42670243873029273,-0.22580645161290325,-0.4792147066062147,-0.44313654697997445,3.4406938286411557,-0.15573183824406536,-0.21755686653492767,-0.21509083880943178,-0.8943665691221956,0.37443969374874086,4.2704403304561325,Medical Devices,Healthcare,PACB
2021Q4,2021,Q4,2022-02-28,2021-12-31,-69329000.0,36019000.0,-64675000.0,-0.31,16766000.0,0.465476554,2006970000.0,790987000.0,1105726000.0,83289000.0,1215983000.0,24599000.0,0.0,4516135800.0,5009157800.0,3.5835047342907624,13.275774712146863,0.4752173674743519,1.2057682363932656,-0.03650105955779535,3.5835047342907624,-0.08764872241895252,125.38204281073878,-16.285161332198648,5.709494340614953,0.0,0.7826740924427822,0.0,0.017946954862304867,5.822689670904921,-0.034544113763534084,-130.7130477568741,0.46547655404092286,-4.875,-0.534467220374833,-0.4101950880780255,2.9348801807886353,0.09125227805259047,-5.191089348325475,0.1315994414307965,-0.5227110064538586,0.2478360637341945,3.6910637807479416,Medical Devices,Healthcare,PACB
2021Q3,2021,Q3,2021-11-05,2021-09-30,16542000.0,34887000.0,-74476000.0,0.08,15364000.0,0.4403932696993149,2034155000.0,840807000.0,1129805000.0,55608000.0,1193348000.0,18276000.0,-1148763000.0,5166056700.0,5693665700.0,4.158417163714057,20.317310458926773,0.4684977300156576,1.1334313344203841,0.0085028159105472,4.158417163714057,0.01967395609218287,148.0797059076447,78.07485038084876,6.144164713186261,0.0,1.0682315605165245,0.0,0.01715061045003945,19.850309308013234,0.008132123658226634,-123.66383482944345,0.4403932696993149,1.380952380952381,1.4307620276946373,-0.36727195073893204,2.8815545698186233,0.11713807896458954,1.4034535743030658,-0.9821680462033907,1.4414360877086365,0.2839002807701716,3.26089559700243,Medical Devices,Healthcare,PACB
2021Q2,2021,Q2,2021-08-06,2021-06-30,-41001000.0,30610000.0,-37573000.0,-0.21,13753000.0,0.44929761515844496,1245781000.0,258245000.0,1189136000.0,45433000.0,987536000.0,17985000.0,-1165305000.0,6943922960.0,7419965960.0,1.3005368438016196,26.17339819074241,0.7512050673432971,3.623833956126934,-0.030444262763975733,1.3005368438016196,-0.15876783674417705,226.85145246651422,-42.33996097656155,26.888896048326203,0.0,0.9372810675562969,0.0,0.02457093180904188,25.626945172011535,-0.03291188419152323,-401.82413980672413,0.44929761515844496,0.5333333333333333,0.016103539626878917,-0.34504535872033426,0.06080117061715358,0.05979810433844494,0.5310687939612283,-0.11459507564520914,-0.20813871195309436,-0.05783188237662097,1.0066616752959403,Medical Devices,Healthcare,PACB
2021Q1,2021,Q1,2021-05-06,2021-03-31,-87435000.0,28997000.0,-33710000.0,-0.45,12977000.0,0.44752905472979965,1252888000.0,280553000.0,1195952000.0,33737000.0,972335000.0,16268000.0,-1124304000.0,6488454900.0,6492663900.0,1.440284408850557,35.449269348193376,0.7475584409779645,3.3384315975947505,-0.02679452154967876,1.440284408850557,-0.31165234376392337,223.76297203158947,-18.552224223709043,23.12737664541103,0.0,0.9847553479223015,0.0,0.02314412780711444,34.775617274802144,-0.06978676465893201,-276.04573069559666,0.44752905472979965,-2.2162162162162162,-0.9391877454825106,-0.3493212709834322,0.35637489543955536,0.13823348829050083,-2.166811236404884,-0.40593068357175627,-1.2976755065426058,-0.04842161549772246,0.7351040580371017,Medical Devices,Healthcare,PACB
2020Q4,2020,Q4,2021-02-26,2020-12-31,74935000.0,27136000.0,-23977000.0,0.37,11401000.0,0.42014298349056606,413980000.0,335491000.0,354751000.0,36490000.0,78489000.0,14230000.0,0.0,4825177220.0,4559901220.0,1.8035889964679888,9.721869005206907,0.12932508816851054,0.15958103197999352,-0.055627476637248624,1.8035889964679888,0.2233591959247789,177.8146086379717,16.09787555881764,14.382434163658639,0.0,1.1057624736472242,0.0,0.06554906034107928,15.69893121403124,0.18101115995941833,-336.71857780879276,0.42014298349056606,3.642857142857143,23.394528050969157,-0.6850549567510354,0.9209915056615197,0.6139580973952435,4.160747427028851,0.008190279214064115,3.2557907471421124,-0.3198264428717701,1.4352630354386247,Medical Devices,Healthcare,PACB
2020Q3,2020,Q3,2020-11-03,2020-09-30,-23708000.0,19082000.0,-24175000.0,-0.14,7064000.0,0.37019180379415156,300318000.0,129496000.0,239508000.0,130268000.0,170822000.0,15940000.0,-1111804000.0,1646927939.9999998,1620909939.9999998,0.7760664501204588,1.838578929591304,0.0,0.0,-0.14014005309960234,0.7760664501204588,-0.1830790140235992,86.30793103448275,-17.366795385523872,12.71798310372521,0.0,0.7539523212045169,0.0,0.06353931499277432,1.69155894003132,-0.07894298710034031,-89.7801973397296,0.37019180379415156,0.06666666666666654,-6.86778568993252,-0.38202979675399656,0.41078262947326816,0.06819900196582489,-0.02694273585722949,-0.027673864988947458,0.25303505383375896,-0.43770070803838884,-0.11401478190186531,Medical Devices,Healthcare,PACB
2020Q2,2020,Q2,2020-08-06,2020-06-30,-23086000.0,17077000.0,-23524000.0,-0.15,6613000.0,0.3872460033963811,213648000.0,41392000.0,150939000.0,130862000.0,172256000.0,16768000.0,-1088096000.0,531893400.0,532517400.0,0.26847936071400774,1.1534211612232734,0.0,0.0,-0.27559221162632674,0.26847936071400774,-0.5577406262079629,31.146770510042746,-5.759912934245864,12.85014978739853,0.0,0.6240458015267175,0.0,0.07993053995356848,1.0034158120768444,-0.1080562420429866,-22.062941762070682,0.3872460033963811,-16.0,0.06236636493057279,-0.6680753902558332,-0.4070141841754362,-0.11685363247863248,-19.293185419968303,0.28080956311718486,0.42915281720562803,-0.4627525625181602,-0.7743902074994322,Medical Devices,Healthcare,PACB
2020Q1,2020,Q1,2020-05-08,2020-03-31,1262000.0,15598000.0,-32709000.0,0.01,7488000.0,0.4800615463520964,234764000.0,60403000.0,169530000.0,131974000.0,174361000.0,16124000.0,-1065010000.0,469566180.0,445574180.0,0.3936254097345767,1.2845712034188552,0.0,0.0,-0.31070644894702343,0.3936254097345767,0.02089300200321176,30.104255673804335,93.02024167987322,7.773888383027333,0.0,0.5029769288017861,0.0,0.0664411920055886,1.1359510206555836,0.005375611252151097,6.2404138425962845,0.4800615463520964,17.80672268907563,1.0302286520367823,-0.5728531889767394,-0.2788364670288315,-0.4209712341478503,14.868131868131869,-0.8255846402857622,1.032035312841875,-0.620706437154453,-0.47105074303644434,Medical Devices,Healthcare,PACB
2019Q4,2019,Q4,2020-02-28,2019-12-31,-91000.0,27930000.0,-17917000.0,-0.000595,12932000.0,0.4630146795560329,147985000.0,54917000.0,81046000.0,49153000.0,93068000.0,13312000.0,-1066240000.0,786682140.0,788797140.0,0.3588150355110388,1.648851545175269,0.2144947123019225,0.5779995265582607,-0.13526347576626907,0.3588150355110388,-0.0016570460877323961,28.166206229860364,-2161.2146703296703,14.32492925687856,0.0,1.1266526442307692,0.0,0.1887353447984593,1.3094826358513214,-0.0006149271885664087,-42.938821025053215,0.4630146795560329,0.9968684210526315,0.9977210696488755,-0.21484952757551257,-0.525082190436908,0.8704078680937228,0.9968753219105174,0.36270185672618627,0.9970952466350974,-0.3404118247443227,-0.6060018678667113,Medical Devices,Healthcare,PACB
2019Q3,2019,Q3,2019-11-07,2019-09-30,-29123000.0,21915000.0,-28114000.0,-0.19,6914000.0,0.31549167237052245,146110000.0,51014000.0,76941000.0,50693000.0,95096000.0,15067000.0,-1066149000.0,789392280.0,818546280.0,0.33346188792218745,1.5177835204071568,0.10639928820751489,0.30473987532834124,-0.24824285663829337,0.33346188792218745,-0.570882502842357,36.0206379192334,-6.7763647289084235,15.474032226447642,0.0,0.9956195659388066,0.0,0.14998973376223393,1.167222298936737,-0.1993224283074396,-43.639354303720495,0.31549167237052245,-0.1875,-0.4696716135416112,-0.5086267439072796,-0.55521648059554,-0.2807656298762093,-0.184054317775248,-0.1531583264971288,-0.0023296954275119097,-0.47468472658108857,-0.6887396179923725,Medical Devices,Healthcare,PACB
2019Q2,2019,Q2,2019-08-06,2019-06-30,-24596000.0,24621000.0,-24380000.0,-0.16,9613000.0,0.3904390560903294,170582000.0,75754000.0,98909000.0,49453000.0,94828000.0,17404000.0,-1037026000.0,930405840.0,962832840.0,0.4958501335288265,2.000060663660445,0.08930016062656083,0.2010850912163054,-0.17597932712088293,0.4958501335288265,-0.3246825250151807,37.78911660777385,-9.456881606765327,12.281936795416744,0.0,0.8623304987359228,0.0,0.1443352757031809,1.5968090914605788,-0.14418871862212895,-51.199969183359016,0.3904390560903294,0.20000000000000004,0.40674733582670625,-0.005337248658782163,-0.4075256771026824,0.8786398280242329,0.18889328584619444,0.19094710294020042,0.2328618870756762,-0.31528836279865596,-0.595552863723186,Medical Devices,Healthcare,PACB
2019Q1,2019,Q1,2019-05-03,2019-03-31,-30324000.0,16425000.0,-30134000.0,-0.2,5117000.0,0.3115372907153729,185577000.0,94850000.0,112588000.0,45097000.0,90727000.0,19650000.0,-1012430000.0,1105812940.0,1130927940.0,0.6270079458466095,2.4965740514890125,0.08049488891403568,0.15749077490774907,-0.19051653284440792,0.6270079458466095,-0.3197047970479705,67.32498873668189,-9.116648034560084,11.658544438587242,0.0,0.575470737913486,0.0,0.08850773533358121,1.9990464997671686,-0.16340387009166008,-41.625120078295566,0.3115372907153729,0.04761904761904753,0.2797181571654234,-0.3671019644032252,-0.4366185208461203,-0.10946745562130178,0.015422578655151141,0.015968389772393298,0.13398901980113748,-0.5254070459685477,-0.40952090312066397,Medical Devices,Healthcare,PACB
2018Q4,2018,Q4,2019-02-26,2018-12-31,-30799000.0,19526000.0,-30623000.0,-0.21,5746000.0,0.29427430093209056,170275000.0,114061000.0,131659000.0,26884000.0,56214000.0,17878000.0,-982106000.0,1104923600.0,1184248600.0,0.7639002370842654,4.897299509001637,0.08609014828953164,0.12851895038619687,-0.23790397762585458,0.7639002370842654,-0.27002218111361465,56.58729898596743,-8.968826909964609,9.687128817036498,0.0,0.7707797292762054,0.0,0.11467332256643664,4.126952834399643,-0.18087799148436354,-58.02255947067164,0.29427430093209056,-0.1052631578947368,0.20764831751966356,-0.05225461483890946,-0.2691159772678877,0.800125313283208,-0.22979555981472607,-0.24130522902310497,-10.466650766491465,-0.7176778198546074,-0.18637457342807653,Medical Devices,Healthcare,PACB
2018Q3,2018,Q3,2018-11-05,2018-09-30,-25044000.0,18160000.0,-24670000.0,-0.19,3192000.0,0.17577092511013215,182906000.0,131880000.0,143873000.0,21649000.0,51026000.0,19694000.0,-951307000.0,694568200.0,748573200.0,0.9759490860652705,6.645711118296457,0.07864148797743103,0.10906885047012435,-0.1686676147240606,0.9759490860652705,-0.18989990900818926,38.24714757709251,-6.933479076824788,5.266668183196845,0.0,0.7600284350563623,0.0,0.09928597202934841,5.642339138066423,-0.13692279094179524,-48.669904001121154,0.17577092511013215,-0.11764705882352934,0.4072557844619387,0.18657558872697338,-0.23456050218145474,-0.6398104265402843,-0.11109139307897072,-0.13451368130604738,-8.654004058085015,-0.27378509909854987,0.7741419148546934,Medical Devices,Healthcare,PACB
2018Q2,2018,Q2,2018-08-03,2018-06-30,-22540000.0,21578000.0,-21745000.0,-0.17,8862000.0,0.4106960793400686,137058000.0,85474000.0,96412000.0,22264000.0,51584000.0,23440000.0,-926263000.0,468181100.0,499677100.0,0.6481096737993054,4.330398850161696,0.10302937442542573,0.1652081334674872,-0.21833425372759677,0.6481096737993054,-0.2637059222687601,21.697149874872554,-5.192780612244898,5.47746800196551,0.0,0.5424914675767918,0.0,0.1574369974755213,3.1861749910168884,-0.16445592376949905,-29.532649971614205,0.4106960793400686,0.15,0.4830193314380419,0.6751698839085671,-0.600268459321893,0.21463815789473684,0.06778609537201703,0.09202889473464446,-0.0701838189039601,-0.5097032151300358,0.43146885719480693,Medical Devices,Healthcare,PACB
2018Q1,2018,Q1,2018-05-02,2018-03-31,-24179000.0,19362000.0,-23949000.0,-0.2,7296000.0,0.3768205763867369,156949000.0,102738000.0,115699000.0,24948000.0,54211000.0,25930000.0,-903723000.0,253724399.99999997,295940400.0,0.8300853209230172,4.6376062209395545,0.0883853990786816,0.1350230683875489,-0.2053768973501415,0.8300853209230172,-0.23534622048317078,13.104245429191197,-2.6233963356631786,2.469625649710915,0.0,0.4653297338989587,0.0,0.1233649147175197,3.5157928491261825,-0.15405641322977529,-13.272187058638906,0.3768205763867369,-0.11111111111111122,0.46891360797126413,0.6090269656138936,-0.5552973169361072,-0.2315146408257847,-0.16457952027742992,-0.16659359929855327,0.2819333248462142,-0.3426063900138101,0.520804419379344,Medical Devices,Healthcare,PACB
2017Q4,2017,Q4,2018-02-26,2017-12-31,-20762000.0,24935000.0,-20529000.0,-0.18,9494000.0,0.3807499498696611,144084000.0,86103000.0,101619000.0,28635000.0,57981000.0,23065000.0,-879733000.0,306923760.0,350416760.0,0.7406136299125229,3.548768988999476,0.09463229782626802,0.1583568516776419,-0.2058292726944595,0.7406136299125229,-0.24112980964658606,12.308953679566875,-3.695739331470957,3.564611686003972,0.0,0.6694558855408628,0.0,0.17305877127231337,2.6647459402828706,-0.14409649926431803,-14.436677328316087,0.3807499498696611,0.05263157894736847,0.5371106064120844,1.0493998655797796,-0.6197061204067692,0.1540051051416069,0.057172698787521,0.04821734897306319,0.3155079076371902,-0.07721416013848381,-0.01974396822675797,Medical Devices,Healthcare,PACB
2017Q3,2017,Q3,2017-11-02,2017-09-30,-22021000.0,23545000.0,-21569000.0,-0.19,8227000.0,0.34941601189212146,157904000.0,101408000.0,113611000.0,30292000.0,56496000.0,18201000.0,-858971000.0,607797750.0,595229750.0,0.8759361152620259,3.7505281922619833,0.08462736852771303,0.13177461344272642,-0.18793074905681748,0.8759361152620259,-0.21715249289996844,25.814302399660225,-6.900206053312747,5.993587784001263,0.0,0.8416021097741883,0.0,0.14910958557097984,3.065561864518685,-0.1394581517884284,-28.812408153590898,0.34941601189212146,0.2692307692307693,0.5323833086209008,3.0936671643366713,-0.6192171723900805,0.02824646919135108,0.13775010767845255,0.11555336859802354,-0.46846845353002353,-0.3023909213454922,0.16835525207194693,Medical Devices,Healthcare,PACB
2017Q2,2017,Q2,2017-08-02,2017-06-30,-25539000.0,20073000.0,-24387000.0,-0.26,8001000.0,0.3985951277835899,177905000.0,115860000.0,132932000.0,35694000.0,62045000.0,17266000.0,-836950000.0,346601600.0,323207600.0,1.1900164338537387,3.724211352047963,0.07354486945279784,0.11292939754876576,-0.18912861397195682,1.1900164338537387,-0.22042982910409115,17.267055248343546,-3.3928658130702067,2.9915553253927154,0.0,0.699177574423723,0.0,0.11282988111632612,3.141172185801535,-0.143554144065653,-21.32014516823522,0.3985951277835899,0.0,0.35073887573278445,0.5738821778789418,-0.5530894262271505,-0.10473313192346426,-0.07005488750157121,-0.046697283145199366,0.03338468715820065,0.27249774349163647,0.4219098336557888,Medical Devices,Healthcare,PACB
2017Q1,2017,Q1,2017-05-05,2017-03-31,-23867000.0,24915000.0,-23299000.0,-0.26,8937000.0,0.35869957856712825,135508000.0,69185000.0,88340000.0,35440000.0,66323000.0,15348000.0,-811411000.0,480654900.0,468097900.0,0.7441647843390341,2.4926636568848757,0.12121055583434188,0.23740695237406953,-0.27215278588949887,0.7441647843390341,-0.3449736214497362,19.291788079470198,-5.0347226295722125,6.947385994073859,0.0,1.041047693510555,0.0,0.18386368332496975,1.8761568848758465,-0.17612982259350002,-24.8541755002844,0.35869957856712825,-0.27021544929059393,0.48618392694610996,0.47372962735152724,-0.755343023887012,-0.21426059433796377,-0.2541776142932212,-0.30351348327179145,0.07756606440041958,0.5621067920730091,-0.33135032863249,Medical Devices,Healthcare,PACB
2016Q4,2016,Q4,2017-03-06,2016-12-31,-19030000.0,25722000.0,-17874000.0,-0.2046896848445735,11374000.0,0.44218956535261644,137884000.0,84668000.0,109011000.0,33774000.0,53216000.0,15634000.0,-787544000.0,353286000.0,407840000.0,0.910702377110896,3.227660330431693,0.11680833164108961,0.19022535078187744,-0.17736717804195526,0.910702377110896,-0.22476023999622052,13.734779566130161,-4.641171833946401,4.172603581045967,0.0,0.9177433798132276,0.0,0.1865481129065011,2.6173683898857107,-0.1380145629659714,-22.716435185185187,0.44218956535261644,-0.07731413076091317,0.5049259390480961,0.22729466344168642,-0.7374339589429887,-0.10001582528881152,-0.08780153195381274,-0.06806095010457126,0.21371886484462194,1.0051221123063723,-0.12865871146328114,Medical Devices,Healthcare,PACB
2016Q3,2016,Q3,2016-11-04,2016-09-30,-17494000.0,25118000.0,-16735000.0,-0.19,12638000.0,0.5031451548690182,150635000.0,98680000.0,122467000.0,32106000.0,51955000.0,16473000.0,-768514000.0,825305600.0000001,882844600.0000001,1.0713277602866138,3.814458356693453,0.10484947057456766,0.16005269558167814,-0.14619040131383546,1.0713277602866138,-0.17728009728415078,32.85713830719007,-11.794123699554135,8.363453587353062,0.0,0.7576033509378984,0.0,0.166747435854881,3.0864635893602443,-0.1161350283798586,-45.40384001760467,0.5031451548690182,0.09523809523809519,0.6479036096847673,0.40724254334962795,-0.7239702190639279,0.1873355881247651,0.054327260933023404,0.07387935805201992,0.39256788970142553,1.4077401551910795,-0.15975475099936798,Medical Devices,Healthcare,PACB
2016Q2,2016,Q2,2016-08-04,2016-06-30,-18499000.0,20747000.0,-18070000.0,-0.21,10644000.0,0.5130380295946402,161371000.0,108069000.0,138055000.0,33813000.0,53302000.0,14201000.0,-751020000.0,620121180.0,688531180.0,1.225994917638517,4.082897110578772,0.09602716721096108,0.1433898712859377,-0.14623882167280378,1.225994917638517,-0.17117767352339708,29.88967947173085,-8.380468944267259,5.738196707658996,0.0,0.7114287726216464,0.0,0.12856709074121125,3.3388637506284566,-0.11463645884328659,-28.599417977217175,0.5130380295946402,0.0869565217391305,0.5012445501657314,0.1826633666937299,-0.7193422112282618,0.11994949494949494,0.044078131459280696,0.026663075680043093,0.36519300132024685,1.409772458651191,-0.24384890844426932,Medical Devices,Healthcare,PACB
2016Q1,2016,Q1,2016-05-05,2016-03-31,-19352000.0,19127000.0,-18565000.0,-0.23,9504000.0,0.49688921419982224,140175000.0,88776000.0,119053000.0,32010000.0,51399000.0,12162000.0,-732521000.0,710634000.0,777221000.0,1.0618630687526913,3.7192439862542956,0.10855002675227395,0.17139767504731007,-0.1785233479498423,1.0618630687526913,-0.21798684329097953,37.15344800543734,-9.18036895411327,8.004798594214652,0.0,0.7912349942443677,0.0,0.13645086499019082,3.1096532333645737,-0.13805600142678795,-34.290387955993054,0.49688921419982224,-10.5,0.6491834556413771,43.70219530219182,-0.7747233443737591,-0.6408977556109726,-12.73456352022711,-16.481167608286253,0.37073437181871044,1.3531048615552403,-0.4311267241833636,Medical Devices,Healthcare,PACB
2015Q4,2015,Q4,2016-03-11,2015-12-31,-1409000.0,36281000.0,-1062000.0,-0.02,26466000.0,0.7294727267715885,131107000.0,73540000.0,110541000.0,38178000.0,57567000.0,10955000.0,-713169000.0,1028433510.0000001,1058393510.0000001,0.9388844204425039,2.8954109696683954,0.11401374449876818,0.20326353005167255,-0.012001627339300243,0.9388844204425039,-0.019159641011694317,28.34633857942174,-182.4757824698368,13.984681941800382,0.0,0.8959379278868097,0.0,0.27672816859511695,2.5542197076850544,-0.010746947150037756,-646.0009484924624,0.7294727267715885,-2.0,0.9739418069028319,86.27352931556169,-0.8230156739458974,3.039993894061975,-1.7737506864360242,-1.406273909716909,0.9533733593925567,3.426002651667699,-0.5178970730232243,Medical Devices,Healthcare,PACB
2015Q3,2015,Q3,2015-11-05,2015-09-30,1821000.0,13917000.0,2614000.0,0.02,6551000.0,0.4707192642092405,99777000.0,41370000.0,86207000.0,38754000.0,58407000.0,11621000.0,-711760000.0,275250300.0,294551300.0,0.5500964031646832,2.224467151777881,0.14841095643284524,0.35794053662073966,0.046530670369183666,0.5500964031646832,0.044017403915881076,19.77799094632464,37.78834431630972,6.653379260333575,0.0,0.6338525083899836,0.0,0.13948104272527737,1.6275223202766167,0.01825069905890135,-16.96039805286832,0.4707192642092405,1.125,1.0298083704299206,41.15324387087416,1.1008681240409035,-0.5483937680959603,1.1525764558022622,1.230146152491636,1.0595272723238196,2.724882099399011,-0.7608646792780832,Medical Devices,Healthcare,PACB
2015Q2,2015,Q2,2015-08-05,2015-06-30,-11935000.0,24939000.0,-11358000.0,-0.16,14506000.0,0.5816592485665023,96770000.0,33836000.0,90189000.0,39017000.0,62934000.0,11978000.0,-713581000.0,430462080.0,465843080.0,0.45275848687995934,2.3115308711587255,0.15053218972822155,0.43051779170114673,-0.23465487676383695,0.45275848687995934,-0.3527308192457737,17.260599061710575,-9.016801005446165,12.72201442250857,0.0,0.8710135247954583,0.0,0.25771416761392996,1.9638619063485148,-0.12333367779270435,-50.94828737128654,0.5816592485665023,0.40740740740740744,0.9968805216690224,-0.660982912140192,-0.9978026867391796,1.4474439007929814,0.4083676200862539,0.4123551324503311,0.6047188690512331,1.5474584955165664,-0.8299665875228417,Medical Devices,Healthcare,PACB
2015Q1,2015,Q1,2015-05-05,2015-03-31,-20173000.0,17645000.0,-19328000.0,-0.27,5927000.0,0.33590252196089543,106421000.0,40472000.0,99522000.0,38411000.0,65949000.0,13457000.0,-701646000.0,433030160.0,465976160.0,0.5458199031679456,2.5909765431777356,0.13473844447994288,0.3542943269420834,-0.35262994654357704,0.5458199031679456,-0.4984433682545958,24.541238877869084,-5.366457145689783,10.699499901166238,0.0,0.8707735750910307,0.0,0.16580374174270116,2.1982244669495716,-0.18955845180932335,-17.58283904498944,0.33590252196089543,-0.03846153846153849,0.9944444073344132,-0.7296129563570303,0.0,0.3355114916629112,-0.06313570487483532,-0.0801385939421035,0.45547493737278366,0.3086277284621047,-0.8205523160707446,Medical Devices,Healthcare,PACB
2014Q4,2014,Q4,2015-03-12,2014-12-31,-18975000.0,16904000.0,-17894000.0,-0.26,4438000.0,0.2625414103170847,124523000.0,54949000.0,117760000.0,31489000.0,69574000.0,11335000.0,-681473000.0,570195360.0,612769360.0,0.7555308061433541,3.7397186319032043,0.11342482914802887,0.2570383446468544,-0.2590592561492913,0.7555308061433541,-0.34532020600920854,33.73138665404638,-7.512455335968379,10.376810497006314,0.0,1.0997794441993824,0.0,0.13575002208427359,3.326685509225444,-0.15238148775728177,-36.01082228116711,0.2625414103170847,-1.0,0.9904676047328582,0.7652656466445961,1.0043736012789968,-0.6628172010332776,-1.070828331332533,-1.1269463924878165,0.3689723585819865,0.031024085180548455,-0.7821717197060566,Medical Devices,Healthcare,PACB
2014Q3,2014,Q3,2014-11-05,2014-09-30,-9163000.0,20623000.0,-8413000.0,-0.13,13162000.0,0.6382194637055715,121642000.0,53035000.0,114137000.0,29140000.0,68607000.0,11398000.0,-662498000.0,347333400.0,389737400.0,0.7497172745264349,3.916849691146191,0.1143848341855609,0.2623550485528425,-0.12566281796591436,0.7497172745264349,-0.1727726972753842,16.842040440285118,-9.476519698788605,6.549135476572075,0.0,0.6545885243025092,0.0,0.16953848177438713,3.489430336307481,-0.07532760066424425,-54.05967315175097,0.6382194637055715,0.5185185185185185,0.9945855448812829,0.0,0.0,3.2104926423544464,0.5211642976588629,0.5403234619167304,0.7598669904120039,0.504448995260216,-0.8068338162019093,Medical Devices,Healthcare,PACB
2014Q2,2014,Q2,2014-08-05,2014-06-30,-19136000.0,11425000.0,-18302000.0,-0.27,3126000.0,0.2736105032822757,128241000.0,59015000.0,119898000.0,27967000.0,69226000.0,9440000.0,-653335000.0,435782700.0,498130700.0,0.8369141317450188,4.287124110558873,0.10693927838990651,0.23238159789883928,-0.2516465233950694,0.8369141317450188,-0.3242565449462001,38.14290590809628,-5.693231344063545,7.384270100821825,0.0,0.8791313559322034,0.0,0.08909007259768717,3.907784174205313,-0.14921904851022683,-30.939488817891373,0.2736105032822757,0.03571428571428574,0.9946991975607923,-0.8354000614601612,-0.9959383146354164,0.1681614349775785,-0.013237318648734512,-0.0031241436009865715,0.35505672759217755,-0.18587142327890177,-0.8084115470398451,Medical Devices,Healthcare,PACB
2014Q1,2014,Q1,2014-05-08,2014-03-31,-18886000.0,11642000.0,-18245000.0,-0.28,2676000.0,0.2298574128156674,141040000.0,75525000.0,132062000.0,22513000.0,65515000.0,8301000.0,-634199000.0,363056350.0,412795350.0,1.1129367383327684,5.866032958734953,0.09589478162223483,0.17907977490897053,-0.1991486110353108,1.1129367383327684,-0.250062893081761,31.185049819618623,-4.805892592396483,4.807101621979477,0.0,1.0801108300204794,0.0,0.08254395916052183,5.424377026606849,-0.13390527509926262,-21.69702683320385,0.2298574128156674,-0.07692307692307698,0.9943169047373679,-0.8050708213727223,0.0,-0.16086547507055504,-0.09604782078811444,-0.07298282756998353,0.578205417126191,32.52095555195343,-0.7638879496678536,Medical Devices,Healthcare,PACB
2013Q4,2013,Q4,2014-03-14,2013-12-31,-17231000.0,9133000.0,-17004000.0,-0.26,3189000.0,0.34917332749370417,136185000.0,69180000.0,126459000.0,22555000.0,67005000.0,10050000.0,-615313000.0,346173700.0,419324700.0,1.0451729868560204,5.606694746176014,0.09800638836876308,0.19293148308759758,-0.19971811134601833,1.0451729868560204,-0.24907487713211912,37.90361327055732,-5.022542220416691,5.0039563457646725,0.0,0.5914427860696517,0.0,0.06706318610713367,5.110795832409665,-0.12652641627198297,-23.587741891523574,0.34917332749370417,0.16129032258064513,0.9904885665110752,0.047971032661306166,1.0060502760111398,1.5697018533440774,0.15893005320447112,0.1470278404815651,0.6228944716622862,24.997755780329353,-0.8029797569742566,Medical Devices,Healthcare,PACB
2013Q3,2013,Q3,2013-11-12,2013-09-30,-20487000.0,7421000.0,-19935000.0,-0.31,1241000.0,0.1672281363697615,152800000.0,83543000.0,141763000.0,22479000.0,69257000.0,9819000.0,-598082000.0,361686960.0,372261960.0,1.275017932634342,6.306463810667735,0.08621073298429319,0.15767927893420156,-0.20060377358490566,1.275017932634342,-0.2452270088457441,48.73830481067242,-4.413615463464636,4.329350873203021,0.0,0.6293919951115184,0.0,0.048566753926701574,5.816539881667334,-0.13407722513089004,19.558046828529715,0.1672281363697615,0.060606060606060656,0.9869302668380059,0.0,0.0,0.17186024551463644,-0.0007815934736944947,0.003100465069760464,0.615089641948833,24.79887376008147,1.2337929610945586,Medical Devices,Healthcare,PACB
2013Q2,2013,Q2,2013-08-09,2013-06-30,-20471000.0,6048000.0,-19997000.0,-0.33,1059000.0,0.17509920634920634,134277000.0,100398000.0,122114000.0,15093000.0,33879000.0,10283000.0,-577595000.0,159139540.0,197448540.0,1.6213623590969284,8.090770555886834,0.09686692434296268,0.12955437359309946,-0.17222609789077506,1.6213623590969284,-0.2038984840335465,26.31275462962963,-1.9434754042303746,1.5850867547162293,0.0,0.4851696975590781,0.0,0.045041220760070604,7.359173126614987,-0.15245351028098633,-9.536737580152215,0.17509920634920634,0.10810810810810806,0.9935424756934917,-0.9007748469033995,-0.9921312551493191,0.13870967741935483,0.029994313874147083,0.029601591692143447,0.9935424756934917,-0.9007748469033995,-0.9921312551493191,Medical Devices,Healthcare,PACB
2013Q1,2013,Q1,2013-05-10,2013-03-31,-21104000.0,5578000.0,-20607000.0,-0.37,930000.0,0.16672642524202222,139774000.0,107091000.0,126481000.0,13579000.0,32683000.0,10597000.0,-557124000.0,134250480.0,153330480.0,1.866607404308722,9.314456145518816,0.09194127663227782,0.12000074702822833,-0.16796126792132954,1.866607404308722,-0.19706604663323715,24.06785227680172,-1.5903440106141014,1.2536112278342717,0.0,0.43861470227422855,0.0,0.03990727889307024,8.418440238603726,-0.15098659264240846,-7.511777081468218,0.16672642524202222,0.05128205128205133,0.9924884425325837,-0.8895290641408685,0.0,0.48325358851674644,0.026074115095297428,0.05010602009772287,0.9924884425325837,-0.8895290641408685,0.0,Medical Devices,Healthcare,PACB
2012Q4,2012,Q4,2013-03-15,2012-12-31,-21669000.0,5878000.0,-21694000.0,-0.39,627000.0,0.10666893501190881,129683000.0,109382000.0,115000000.0,14743000.0,20301000.0,9592000.0,-536020000.0,95482200.0,51728200.0,1.947477121390165,7.800312012480499,0.0,0.0,-0.19340631909278938,1.947477121390165,-0.19810389277943355,16.24399455597142,-1.101599058562924,0.8729242471338977,0.0,0.5474353628023353,0.0,0.04532591010386867,7.013633588821814,-0.1670920629535097,-5.116122809837647,0.10666893501190881,0.04878048780487796,0.9859040857880533,-0.2051516301545286,1.0112735157318162,2.3,0.046636455629372166,0.03919571283050622,0.9859040857880533,-0.2051516301545286,1.0112735157318162,Medical Devices,Healthcare,PACB
2012Q3,2012,Q3,2012-11-01,2012-09-30,-22729000.0,2776000.0,-22579000.0,-0.41,190000.0,0.06844380403458213,148208000.0,128537000.0,132338000.0,13626000.0,19671000.0,10202000.0,-514351000.0,102813680.0,73079680.0,2.3003561393775613,9.71216791428152,0.019054302061966965,0.021970327609948888,,2.3003561393775613,-0.17682846184367146,37.036628242074926,-1.1308645342953936,0.7998761446120572,0.0,0.2534797098608116,0.0,0.018730432905106335,8.801849405548216,-0.15335879304760877,-5.670601731840494,0.06844380403458213,-0.024999999999999883,0.9829968504515073,0.0,0.0,-0.3090909090909091,-0.010761773469115488,-0.0010640656173797384,0.9829968504515073,0.0,0.0,Medical Devices,Healthcare,PACB
2012Q2,2012,Q2,2012-08-07,2012-06-30,-22487000.0,7291000.0,-22555000.0,-0.4,275000.0,0.03771773419284049,169930000.0,148204000.0,152643000.0,14926000.0,21726000.0,10271000.0,-491622000.0,120777860.0,90015860.0,2.662761867117036,10.226651480637813,0.01683634437709645,0.01930447221397533,,2.662761867117036,-0.15173004777198995,16.565335344945822,-1.3427520345088273,0.8149433213678443,0.0,0.6830883068834582,0.0,0.04290590243041252,9.411697708696234,-0.13233095980697934,-5.007581574692152,0.03771773419284049,0.19999999999999996,0.992108203284356,-0.8669194852609118,-0.9870771677824464,2.8092105263157894,0.1846627991298042,0.1801163213376954,0.992108203284356,-0.8669194852609118,-0.9870771677824464,Medical Devices,Healthcare,PACB
2012Q1,2012,Q1,2012-05-07,2012-03-31,-27580000.0,10038000.0,-27510000.0,-0.5,-152000.0,-0.015142458657103008,194738000.0,167903000.0,176806000.0,19796000.0,26835000.0,11821000.0,-469135000.0,188787420.0,135422420.0,3.041665911849423,8.93140028288543,0.014866127823023755,0.01724209811617422,-0.16106745980632092,3.041665911849423,-0.16426150813267185,18.80727435744172,-1.7112710297316895,1.1243838406699105,0.0,0.8620252093731495,0.0,0.05154617999568651,8.226611436653869,-0.14162618492538692,-10.719249375425846,-0.015142458657103008,-0.20932830916181044,0.989797360953815,-0.793381236113094,0.0,-1.0988939492517893,-0.20843009245059807,-0.2124818193838424,0.989797360953815,-0.793381236113094,0.0,Medical Devices,Healthcare,PACB
2011Q4,2011,Q4,2012-03-01,2011-12-31,-22823000.0,12444000.0,-22689000.0,-0.41345265484320937,1537000.0,0.12351333976213436,218316000.0,191463000.0,199601000.0,19376000.0,26853000.0,15517000.0,-441555000.0,154562800.0,98623800.0,3.4684697740982955,10.301455408753096,0.0,0.0,,3.4684697740982955,-0.11920318808333726,12.420668595306974,-1.6930596328265346,0.8072724233925092,0.0,0.7029064896565058,0.0,0.05699994503380421,9.392599091659786,-0.10454112387548324,-9.53502776064158,0.12351333976213436,0.23434693547553825,0.9848938546563173,0.71214782662955,1.0200782068934984,-0.5381610576923077,0.22055257675625833,0.22923531609878725,0.9848938546563173,0.71214782662955,1.0200782068934984,Medical Devices,Healthcare,PACB
2011Q3,2011,Q3,2011-11-14,2011-09-30,-29281000.0,10519000.0,-29437000.0,-0.54,3328000.0,0.3163798840193935,237961000.0,210684000.0,220283000.0,21132000.0,27277000.0,20262000.0,-418732000.0,174248950.02,119624950.02000001,3.8812035304796724,10.424143479083854,0.012422203638411336,0.014030491162119572,,3.8812035304796724,-0.1389806534905356,16.565163040212948,-1.4877305250845259,0.8270630423762602,0.0,0.3549007995262067,0.0,0.04420472262261463,9.3758281279576,-0.12304957535058265,-6.673903635527979,0.3163798840193935,-0.28571428571428586,0.9774522664418073,0.0,0.0,-0.5786808456766679,-0.302825361512792,-0.2989012928561973,0.9774522664418073,0.0,0.0,Medical Devices,Healthcare,PACB
2011Q2,2011,Q2,2011-08-12,2011-06-30,-22475000.0,10630000.0,-22663000.0,-0.42,7899000.0,0.7430856067732832,261220000.0,233326000.0,244728000.0,21463000.0,27894000.0,19552000.0,-389451000.0,624938710.5,573410710.5,4.36829108860268,11.402320272096166,0.01143097771992956,0.012797545065702066,,4.36829108860268,-0.0963244559114715,58.790095061147696,-6.951487324805339,2.6783929373494595,0.0,0.13967880523731588,0.0,0.04069366817242171,10.344546428737829,-0.08603858816323405,-17.86304732028012,0.7430856067732832,0.3636363636363637,0.9917809787837343,-0.7978207088580962,-0.9787999469601214,28.255555555555556,0.3543336493435606,0.35187462464609487,0.9917809787837343,-0.7978207088580962,-0.9787999469601214,Medical Devices,Healthcare,PACB
2011Q1,2011,Q1,2011-05-16,2011-03-31,-34809000.0,270000.0,-34967000.0,-0.66,270000.0,1.0,278558000.0,248671000.0,264270000.0,24132000.0,29887000.0,13539000.0,-366976000.0,741223429.8000001,659621429.8000001,4.713595671068735,10.951019393336649,0.010816418842754472,0.012116410840025576,,4.713595671068735,-0.13998013439444085,2745.2719622222226,-5.323504192881152,2.980739329475492,0.0,0.0,0.0,0.0009692774933766038,10.301964196916957,-0.12496140839609704,-21.205682605710365,1.0,0.04393210796562236,0.9865263910600474,-0.9941848561469209,0.0,-0.03571428571428571,0.04420769378621049,0.04433026319385608,0.9865263910600474,-0.9941848561469209,0.0,Medical Devices,Healthcare,PACB
2010Q4,2010,Q4,2011-03-23,2010-12-31,-36419000.0,280000.0,-36589000.0,-0.6903275442035953,280000.0,1.0,305747000.0,279866000.0,293114000.0,20840000.0,25881000.0,6864000.0,-332167000.0,839349805.5600001,694736805.5600001,5.304901520801873,14.064971209213052,0.009933049220433888,0.010851621847598494,-0.12796041127509267,5.304901520801873,-0.13013013370684542,2997.677877,-5.7617576372223285,2.9991131668727173,0.0,0.0,0.0,0.0009157898523942999,13.628358925143955,-0.11911482369410002,-20.839949487536003,1.0,0.15017364645828066,0.9747777935506505,-0.9596899424120973,1.0307089054313539,0.2727272727272727,0.10536012577380367,0.10091900923923727,0.9747777935506505,-0.9596899424120973,1.0307089054313539,Medical Devices,Healthcare,PACB
2010Q3,2010,Q3,2010-09-30,2010-09-30,-40708000.0,220000.0,-40696000.0,-0.812316,220000.0,1.0,129936000.0,-273300000.0,117286000.0,22913000.0,403236000.0,0.0,-295748000.0,823866005.7600001,764201005.7600001,-5.453619846658498,5.118753546021909,0.02245720970323852,-0.010676911818514453,0.152231324580107,-5.453619846658498,0.1489498719356019,3744.8454807272733,-5.059607483541319,-3.01451154687157,0.0,0.0,0.0,0.0016931412387636991,4.974643215641775,-0.313292697943603,-23.955164159106772,1.0,0.9841344531249999,0.9660447351217899,0.0,0.0,-0.6502384737678856,-0.2443602127529498,-0.24547819433817902,0.9660447351217899,0.0,0.0,Medical Devices,Healthcare,PACB
2010Q2,2010,Q2,2010-06-30,2010-06-30,-32714000.0,629000.0,-32675000.0,-51.2,629000.0,1.0,152897000.0,131668000.0,140007000.0,16111000.0,21229000.0,0.0,-255040000.0,10505275.08,-79577724.92,206.05095092855007,8.690149587238533,0.0,0.0,,206.05095092855007,-0.2484582434608257,16.701550206677265,-0.0802811875649569,0.0797860913813531,0.0,0.0,0.0,0.004113880586277036,8.612500775867419,-0.2139610325905675,-0.4278263115455101,1.0,-0.04553808454155614,0.0,0.0,0.0,0.15412844036697249,-0.07877988458367684,-0.07930897800092489,0.0,0.0,0.0,Medical Devices,Healthcare,PACB
2010Q1,2010,Q1,2010-03-31,2010-03-31,-30325000.0,545000.0,-30274000.0,-48.97,545000.0,1.0,,,,,,,,10180470.0,,,0.0,0.0,0.0,0.0,,0.0,18.679761467889907,-0.0839280296784831,0.0,0.0,0.0,0.0,0.0,0.0,0.0,-0.36317315924657534,1.0,-0.7891962448775969,0.0,0.0,0.0,3.037037037037037,-0.08060435448811602,-0.0783643228610102,0.0,0.0,0.0,Medical Devices,Healthcare,PACB
2009Q4,2009,Q4,2009-12-31,2009-12-31,-28063000.0,135000.0,-28074000.0,-27.36983164378939,135000.0,1.0,101098000.0,-177123000.0,93745000.0,8419000.0,278221000.0,0.0,-192001000.0,16856359.44,-72375640.56,-172.74798454345253,11.13493288989191,0.0,0.0,0.15850002540607375,-172.74798454345253,0.15843792167025175,124.8619217777778,-0.15016533727684142,-0.09516753578022052,0.0,0.0,0.0,0.0013353379888820748,11.014966147998575,-0.2775821480147975,-0.6051466322024771,1.0,-0.14407436034958265,0.0,0.0,0.0,0.0,-0.14407436096049575,-0.1427059589710192,0.0,0.0,0.0,Medical Devices,Healthcare,PACB
2009Q3,2009,Q3,2009-09-30,2009-09-30,-24529000.0,0.0,-24568000.0,-23.923123,0.0,0.0,,,,,,,,16856359.44,,,0.0,0.0,0.0,0.0,,0.0,0.0,-0.17180031228341963,0.0,0.0,0.0,0.0,0.0,0.0,0.0,-0.7893032140850347,0.0,0.0,0.0,0.0,0.0,0.0,0.0,0.0,0.0,0.0,0.0,Medical Devices,Healthcare,PACB
