Quarters,Year,Quarter,FillingDate,Date,NetIncome,Revenue,OperatingIncome,EPSDiluted,GrossProfit,GrossProfitRatio,TotalAssets,CommonStockEquity,CurrentAssets,CurrentLiability,TotalLiability,Inventory,RetainedEarnings,MarketCap,EnterpriseValue,bookValuePerShare,currentRatio,debtToAssets,debtToEquity,roic,shareholdersEquityPerShare,roe,priceToSalesRatio,peRatio,pbRatio,payoutRatio,inventoryTurnover,dividendYield,assetTurnover,quickRatio,returnOnAssets,priceToFreeCashFlowsRatio,grossProfitMargin,epsdilutedGrowth,fiveYNetIncomeGrowthPerShare,fiveYRevenueGrowthPerShare,fiveYShareholdersEquityGrowthPerShare,grossProfitGrowth,netIncomeGrowth,operatingIncomeGrowth,threeYNetIncomeGrowthPerShare,threeYRevenueGrowthPerShare,threeYShareholdersEquityGrowthPerShare,Industry,Sector,Symbol
2023Q1,2023,Q1,2023-05-04,2023-03-31,1774000.0,12265000.0,30000.0,0.07,2773000.0,0.2260905014,572129000.0,461682000.0,87264000.0,13100000.0,95077000.0,5744000.0,107417000.0,486851012.55,495982012.55,17.32548546180486,6.6613740458015265,0.08653642797341159,0.10723831555053046,3.740126339618701e-05,17.32548546180486,0.0038424716579810348,39.69433449245822,68.60921822857948,1.0545159060782097,0.0,1.6525069637883008,0.0,0.02143747301744886,5.928702290076336,0.003100699317811193,-81.42682932764677,0.2260905014268243,1.3181818181818183,0.18399861676689425,-0.11449843942120216,0.1205846851891862,-0.16375150784077203,-0.10584677419354839,1.0616016427104722,3.550551520381691,0.1661311447238276,0.06077700304585264,Conglomerates,Industrials,TRC
2022Q4,2022,Q4,2023-03-08,2022-12-31,1984000.0,17453000.0,-487000.0,-0.22,3316000.0,0.1899959892,566791000.0,462230000.0,83045000.0,12029000.0,89197000.0,3369000.0,105643000.0,496308751.68,507129751.68,17.5463623611756,6.9037326461052455,0.08811007937670147,0.10804145122558034,-0.0006057283310863141,17.5463623611756,0.004292235467191658,28.43687341316679,62.5389052016129,1.0737268279427992,0.0,4.196200653012763,0.0,0.030792655493824,6.402527225870812,0.0035004084397952683,283.9294918077803,0.18999598922821292,-1.5789473684210527,4.6897236647332825,0.46959110058875225,0.14170708256174872,-0.7372008242193692,-0.805184603299293,-1.0443210775391336,-0.7972746806599268,-0.145474795503942,0.06558871960762382,Conglomerates,Industrials,TRC
2022Q3,2022,Q3,2022-11-07,2022-09-30,10184000.0,31475000.0,10988000.0,0.38,12618000.0,0.4008895949,561885000.0,460166000.0,75669000.0,13230000.0,86356000.0,5532000.0,103659000.0,381474014.40000004,401536014.40000004,17.370489600509995,5.719501133786848,0.08964467818147842,0.10946049903730393,0.01634673526333787,17.370489600509995,0.022131143978477333,12.119905143764894,9.36454277297722,0.8289921776054728,0.0,3.408712942877802,0.0,0.056016800590868235,5.0051398337112625,0.01812470523327727,-61.63742355792536,0.4008895949166005,16.2,376.68998817417463,1.1451656031473625,0.21430297525161768,95.87218045112782,16.38368580060423,5.740293356341674,212.00098401897355,2.203941549059164,0.07946023884737674,Conglomerates,Industrials,TRC
2022Q2,2022,Q2,2022-08-03,2022-06-30,-662000.0,9269000.0,-2318000.0,-0.025,-133000.0,-0.014348905,548305000.0,448935000.0,62058000.0,12117000.0,83996000.0,9435000.0,93475000.0,410975885.59999996,443285885.59999996,16.95347937465458,5.121564743748452,0.09241936513436864,0.11287602882377182,-0.004604848367735413,16.95347937465458,-0.001474601000144787,44.338751278455064,-155.20237371601206,0.9154463020259056,0.0,0.9965023847376788,0.0,0.01690482486937015,3.9861351819757367,-0.0012073572190660308,-31.066285100914655,-0.014348904951990506,-1.15625,-21.66338973173676,0.18182017524323887,0.188848717434863,-1.0174380490363184,-1.1534538711172926,-1.4447429009976975,-1.92048804317935,0.01855284041715593,0.051590944450586276,Conglomerates,Industrials,TRC
2022Q1,2022,Q1,2022-05-09,2022-03-31,4314000.0,21020000.0,5212000.0,0.16,7627000.0,0.3628449096,552028000.0,447513000.0,72022000.0,18983000.0,89146000.0,8270000.0,94142000.0,482648119.14000005,497475119.14000005,16.93073495150138,3.794026233998841,0.09335033730173108,0.11515196206590647,0.00612162926842443,16.93073495150138,0.009639943420638059,22.961375791627024,27.969872458275383,1.07851195192095,0.0,1.6194679564691656,0.0,0.03807777866340113,3.135278933782858,0.007814820987341221,184.85182655687478,0.36284490960989535,0.23076923076923075,2.841688713156281,1.9933127604551255,0.19301297877177592,1.877027536778574,0.28584202682563337,-0.1234443323242516,34.649158424200735,0.9386978825821317,0.04950238832160142,Conglomerates,Industrials,TRC
2021Q4,2021,Q4,2022-03-03,2021-12-31,3355000.0,12959000.0,5946000.0,0.13,2651000.0,0.2045682537,546036000.0,441149000.0,62972000.0,15595000.0,89525000.0,5702000.0,89835000.0,502781926.31999993,519216926.31999993,16.741100821995037,4.0379608848990065,0.0963855862983393,0.11930209521046177,0.006802546016380731,16.741100821995037,0.0076051402133972875,38.79789538698973,37.46512118628912,1.1397099989346002,0.0,1.8077867414942126,0.0,0.0237328674299863,3.4402693170888106,0.006144283527093452,-554.3350896582139,0.2045682537232811,12.0,10.504397617347065,-0.17011379568817395,0.17261456905114053,2.2890818858560795,14.319634703196346,5.893827160493827,9.77950477446686,0.09739957604641832,0.03778942259645311,Conglomerates,Industrials,TRC
2021Q3,2021,Q3,2021-11-04,2021-09-30,219000.0,14962000.0,-1215000.0,0.01,806000.0,0.05386980350220559,542091000.0,436080000.0,61764000.0,14812000.0,90642000.0,5703000.0,86473000.0,467998271.04,484052271.04,16.54873806005589,4.169862273832028,0.09908668470791804,0.12317464685378829,-0.0017303192770838352,16.54873806005589,0.0005022014309301046,31.2791251864724,534.2446016438357,1.0731936136488718,0.0,2.48220234964054,0.0,0.02760053201399765,3.4718471509586823,0.0004039912118076116,-100.7097635119432,0.05386980350220559,-0.9090909090909092,-0.4519955226447316,-0.07252948317184331,0.20247831198803826,-0.8351401104520352,-0.9223954642097802,-1.4811881188118812,-0.938146618927892,-0.04486833882750152,0.05827626899468549,Conglomerates,Industrials,TRC
2021Q2,2021,Q2,2021-08-05,2021-06-30,2822000.0,16638000.0,2525000.0,0.11,4889000.0,0.2938454141122731,539370000.0,434396000.0,63210000.0,12314000.0,89612000.0,7756000.0,86254000.0,400682399.13,414975399.13,16.489776377365477,5.133181744356017,0.10154624840091217,0.1260854151511524,0.0036978756575064423,16.489776377365477,0.006496376578053205,24.082365616660656,35.4963145933735,0.9223897069263991,0.0,1.5148272305312016,0.0,0.03084709939373714,4.142926750040604,0.005232029960880286,-34.05136391008753,0.2938454141122731,3.75,4.325175443356777,0.9693365764353539,0.2055174253436896,2.952303961196443,3.6748815165876776,3.3956356736242883,3.78831865137018,2.2327618573376387,0.06702173021065277,Conglomerates,Industrials,TRC
2021Q1,2021,Q1,2021-05-05,2021-03-31,-1055000.0,11054000.0,-1054000.0,-0.04,1237000.0,0.1119051926904288,537165000.0,430788000.0,63933000.0,15564000.0,91017000.0,5156000.0,83432000.0,440491706.28,451597706.28,16.371230189328596,4.10774865073246,0.10392896037530368,0.12959274631605336,-0.0022096356310643216,16.371230189328596,-0.0024490004364095563,39.849077825221634,-104.38192091943127,1.0225254795398198,0.0,1.9039953452288596,0.0,0.02057840700715795,3.4444872783346185,-0.001964014781305558,-139.5285734178017,0.1119051926904288,-7.583690987124464,-1.7074363339082035,-0.30815262521184117,0.19519465704924768,0.3623348017621145,-7.5772357723577235,0.2328966521106259,-1.7130587068870071,-0.19180439068835856,0.05886498062706426,Conglomerates,Industrials,TRC
2020Q4,2020,Q4,2021-03-03,2020-12-31,-123000.0,9229000.0,-1374000.0,-0.00466,908000.0,0.09838552389207932,536349000.0,429963000.0,68515000.0,12939000.0,91018000.0,2990000.0,84487000.0,380233282.9,381795282.9,16.339877726153677,5.295231470747353,0.10605408045880574,0.132295104462477,-0.0008473763578306024,16.339877726153677,-0.00028607112705046714,41.19983561599306,-772.8318758130081,0.8843395429374156,0.0,2.7829431438127092,0.0,0.01720707971861605,4.8445011206430175,-0.00022932829183982818,3587.10644245283,0.09838552389207932,-1.233,-1.0581003460229903,-0.519758645908956,0.19434738132335572,-0.2982998454404946,-1.3090452261306533,-0.6614268440145102,-1.353137119975481,-0.2220175081899164,0.06320351444586905,Conglomerates,Industrials,TRC
2020Q3,2020,Q3,2020-11-03,2020-09-30,398000.0,13513000.0,-827000.0,0.02,1294000.0,0.09575963886627692,537064000.0,429641000.0,66977000.0,14344000.0,92057000.0,4563000.0,84610000.0,371143547.90000004,392911547.90000004,16.38023935590017,4.669339096486336,0.10785120581532183,0.13481720785493004,-0.0008276188433690996,16.38023935590017,0.0009263547938860583,27.46566623991712,233.1303692839196,0.8638457407463441,0.0,2.67784352399737,0.0,0.02516087468160219,4.188859453430005,0.0007410662416397301,111.68930120373157,0.09575963886627692,3.0,1.4101353161727745,-0.08145681537924669,0.2097463726714978,5.477508650519031,2.195195195195195,0.7028386633129716,15.82898054601036,-0.06982673051999262,0.14507845447368584,Conglomerates,Industrials,TRC
2020Q2,2020,Q2,2020-08-05,2020-06-30,-333000.0,4775000.0,-2783000.0,-0.01,-289000.0,-0.060523560209424086,535170000.0,427597000.0,64441000.0,12403000.0,92193000.0,7452000.0,84212000.0,377576280.0,414534280.0,16.307689667369996,5.195597839232444,0.11012014873778425,0.1378236984824496,-0.01434424946520809,16.307689667369996,-0.000778770664901765,79.0735664921466,-283.4656756756757,0.883019010891096,0.0,0.679549114331723,0.0,0.008922398490199376,4.205272917842457,-0.0006222321879029094,-36.91233551666829,-0.060523560209424086,0.6666666666666666,-1.6659660323249796,-0.4461282502930836,0.1998833798039433,-1.3753246753246753,0.5117302052785924,-0.5785592739648326,-11.49712147220852,-0.3851427401755153,0.1435632484009552,Conglomerates,Industrials,TRC
2020Q1,2020,Q1,2020-05-04,2020-03-31,-682000.0,10313000.0,-1763000.0,-0.03,770000.0,0.0746630466401629,537455000.0,426760000.0,72273000.0,14666000.0,95322000.0,5227000.0,84545000.0,367373402.56,402269402.56,16.332825289441118,4.927928542206464,0.11153305858164869,0.14046302371356265,-0.014405059337913804,16.332825289441118,-0.0015980879182678788,35.62236037622419,-134.6676695601173,0.8608431028212579,0.0,1.8257126458771762,0.0,0.019188583230223925,4.320264557479885,-0.0012689434464280731,-103.60220038353074,0.0746630466401629,-1.0810810810810811,-1.3434105825941398,-0.4951600096105831,0.2170354345926866,-0.8777971750515791,-1.070258576285155,-1.5089491916859123,0.705471100040062,0.4856340958555395,0.15088167206747471,Conglomerates,Industrials,TRC
2019Q4,2019,Q4,2020-03-10,2019-12-31,9707000.0,20258000.0,3464000.0,0.37,6301000.0,0.3110376147694738,539422000.0,430249000.0,82184000.0,15136000.0,93798000.0,2792000.0,85227000.0,417541036.48,452093036.48,16.4663552065722,5.429704016913319,0.11430382891317002,0.14330771251066243,0.005114114631419062,16.4663552065722,0.02256135400663337,20.611167759897324,10.753606584938705,0.9704637000434632,0.0,4.998925501432665,0.0,0.03755501258754741,5.0303911205073994,0.01799518744137243,44.75252266666667,0.3110376147694738,205.58849804578446,3.1250464611293136,0.134101749731889,0.23081349399049617,9.899717514124294,205.53191489361703,2.4035656401944894,28.73294555831193,0.3083457237149394,0.15337027234369452,Conglomerates,Industrials,TRC
2019Q3,2019,Q3,2019-11-07,2019-09-30,47000.0,9657000.0,-2468000.0,0.001791,-708000.0,-0.07331469400434917,533760000.0,419053000.0,69975000.0,19301000.0,99334000.0,5790000.0,75520000.0,441921760.40999997,500570760.40999997,16.091829022862214,3.625459820734677,0.12695218824940047,0.16170269631764955,-0.004263146444467891,16.091829022862214,0.00011215765070289439,45.761805986331154,2350.647661755319,1.054572477490914,0.0,1.7901554404145077,0.0,0.01809240107913669,3.141132583803948,8.805455635491607e-05,-92.56844583368245,-0.07331469400434917,-0.9402999999999999,-0.9781416267367041,-0.431953575829602,0.19280221670456235,-1.7910614525139665,-0.9335219236209336,-0.7691756272401433,-0.8809921546039333,-0.39425416542565384,0.16927800355467879,Conglomerates,Industrials,TRC
2019Q2,2019,Q2,2019-08-01,2019-06-30,707000.0,8946000.0,-1395000.0,0.03,895000.0,0.10004471272076906,528950000.0,419678000.0,74493000.0,14088000.0,93889000.0,8140000.0,75473000.0,455816818.00000006,516062818.00000006,16.121743406141718,5.287691652470188,0.12052367898667171,0.1519045553972331,-0.0022070288451309615,16.121743406141718,0.0016846248790739567,50.95202526268724,161.17992149929282,1.086110823059584,0.0,0.9890663390663391,0.0,0.016912751677852347,4.443214082907439,0.001336610265620569,-60.0232839083487,0.10004471272076906,5.557377049180328,-0.3408127762870138,-0.08965580008464104,0.20508270903354547,-0.37933425797503467,4.9411764705882355,-0.35174418604651164,1.84303153688637,0.07155526245626256,0.17861165356377312,Conglomerates,Industrials,TRC
2019Q1,2019,Q1,2019-05-07,2019-03-31,119000.0,10662000.0,-1032000.0,0.004575,1442000.0,0.135246670418308,527966000.0,419313000.0,86662000.0,15873000.0,93272000.0,5179000.0,74766000.0,458765401.09999996,515658401.09999996,16.132154762008273,5.4597114597114595,0.12272949394468584,0.15453134054989948,-0.0012070165192276294,16.132154762008273,0.0002837975450319928,43.02808113862314,963.7928594537815,1.0940881897293906,0.0,1.7802664607067,0.0,0.020194482220446012,4.903231903231903,0.00022539330184140644,-46.693679501272264,0.135246670418308,-0.61875,-0.9128168348931011,0.21679461666151634,0.21263935793241054,0.5438972162740899,-0.6123778501628665,0.30033898305084744,-0.9192173309856082,-0.32443700866090747,0.177740765676364,Conglomerates,Industrials,TRC
2018Q4,2018,Q4,2019-03-01,2018-12-31,307000.0,11648000.0,-1475000.0,0.012,934000.0,0.08018543956043957,529048000.0,419296000.0,96499000.0,16493000.0,94376000.0,2618000.0,74647000.0,430953560.91999996,480843560.91999996,16.131500724020054,5.850906445158552,0.12437056750994238,0.1569249408532397,-0.003175557079672859,16.131500724020054,0.0007321796535144623,36.9980735679945,350.9393818566775,1.0278027000496068,0.0,4.092436974789916,0.0,0.02201690583841164,5.489177226702237,0.0005802876109540155,-209.5058633543996,0.08018543956043957,-0.9076923076923077,1.303067357809646,-0.2679768258449052,0.2185454920107863,-0.8060228452751818,-0.9119839449541285,-1.5432780847145489,-0.8531924747828834,-0.3863897500123048,0.17911626815364362,Conglomerates,Industrials,TRC
2018Q3,2018,Q3,2018-11-06,2018-09-30,3488000.0,15432000.0,2715000.0,0.13,4815000.0,0.3120139968895801,526011000.0,405941000.0,99965000.0,13331000.0,91521000.0,5598000.0,74340000.0,556313070.78,612957070.78,15.637446047785273,7.498687270272297,0.12702776177684497,0.16460027442411582,0.004313967210871818,15.637446047785273,0.008592381651520788,36.04931770217729,39.873356563933484,1.370428389297952,0.0,1.8965702036441587,0.0,0.029337789513907503,6.7850873902933015,0.006631040035284433,-364.556402870249,0.3120139968895801,4.25,0.21664384811133358,-0.18446557070013267,0.18711560446799713,40.869565217391305,4.498495486459378,2.15581098339719,4.631691535440613,0.05988415411968031,0.15488810774553474,Conglomerates,Industrials,TRC
2018Q2,2018,Q2,2018-08-07,2018-06-30,-997000.0,5070000.0,-2349000.0,-0.04,115000.0,0.022682445759368838,518760000.0,401045000.0,93636000.0,11520000.0,89165000.0,7335000.0,70852000.0,630605679.3000001,687791679.3000001,15.454021141734428,8.128125,0.13069049271339347,0.16905085464224712,-0.0037291326069623584,15.454021141734428,-0.0024860053111246867,124.37981840236688,-158.12579721664997,1.5724062868256679,0.0,0.6755282890252216,0.0,0.009773305574832292,7.228993055555556,-0.0019218906623486775,-69.92744281437126,0.022682445759368838,-1.6666666666666667,-1.3825182102203497,-0.45768522866217537,0.18752345021977254,-0.9731119943885901,-1.6842827728208647,-2.520388349514563,-3.0146221772592257,-0.40579759534117554,0.13707235649747346,Conglomerates,Industrials,TRC
2018Q1,2018,Q1,2018-05-07,2018-03-31,1457000.0,13469000.0,1545000.0,0.06,4277000.0,0.31754398990273963,520609000.0,400641000.0,101988000.0,13142000.0,91402000.0,4750000.0,71849000.0,598845247.09,648205247.09,15.461112123694454,7.760462638867752,0.13222783317230397,0.17182215499661793,0.0024170737710731286,15.461112123694454,0.0036366722327470227,44.461002827975356,102.7531309351407,1.4947178323985812,0.0,1.9351578947368422,0.0,0.025871623425641893,7.21069852381677,0.0027986454325607127,1127.7688269114878,0.31754398990273963,3.6153846153846154,0.8936396891852317,0.10305824895544348,0.1891062469210239,1.1677648251393817,3.247813411078717,4.418141592920354,-0.2602302307223975,-0.3351681554232681,0.15207999713995668,Conglomerates,Industrials,TRC
2017Q4,2017,Q4,2018-03-12,2017-12-31,343000.0,11682000.0,-452000.0,0.013,1973000.0,0.16889231296010956,518199000.0,398242000.0,103901000.0,10477000.0,91389000.0,2469000.0,70392000.0,537950122.44,587663122.44,15.368532462639438,9.917056409277466,0.1347358833189566,0.17532053374581286,-0.0006889563953074491,15.368532462639438,0.0008612853491093356,46.04948831022086,392.0919259766764,1.3508121253910939,0.0,3.932361279870393,0.0,0.022543463032541552,9.409468359263148,0.0006619078770896895,-123.60986269301472,0.16889231296010956,13.70772238514174,9.15414281591242,-0.3107337994344277,0.18513247475262923,1.7402777777777778,16.59090909090909,0.7096981374438022,-0.8530242573451448,-0.3405522602710861,0.148754347914089,Conglomerates,Industrials,TRC
2017Q3,2017,Q3,2017-11-09,2017-09-30,-22000.0,11908000.0,-1557000.0,-0.001023,720000.0,0.06046355391333557,447539000.0,307554000.0,39457000.0,30091000.0,111435000.0,5399000.0,70049000.0,453647826.70000005,538811826.7,14.304905739780986,1.3112558572330597,0.19623317744375351,0.28554985465966953,0.0003302858463189311,14.304905739780986,-7.153215370308954e-05,38.09605531575412,-5155.088939772728,1.4750184575716785,0.0,2.072235599185034,0.0,0.02660773697934705,1.046226446445781,-4.915772703607954e-05,94.33308935329592,0.06046355391333557,-1.8461538461538463,-1.005264052401355,-0.2890041549492833,0.10544890722273093,0.006993006993006993,-1.8461538461538463,0.12478920741989882,-1.0123928109896225,-0.1515864614257478,0.06034704022263081,Conglomerates,Industrials,TRC
2017Q2,2017,Q2,2017-08-08,2017-06-30,26000.0,6365000.0,-1779000.0,0.001209,715000.0,0.11233307148468186,449978000.0,306460000.0,39720000.0,32504000.0,114964000.0,9320000.0,70071000.0,443558842.56,534854842.56,14.260417768910502,1.2220034457297564,0.20404997577659353,0.2996084317692358,-1.6361645675843237e-05,14.260417768910502,8.483978333224565e-05,69.68717086567165,4264.988870769232,1.4473629268420023,0.0,0.6062231759656652,0.0,0.014145135984425905,0.8303593403888753,5.7780602607238576e-05,-55.723472683417086,0.11233307148468186,1.0138424547744447,-0.7884170349491008,-0.22129415035340635,0.11959288767300348,1.8816276202219482,1.013669821240799,0.5263578274760383,-0.97063531368658,-0.215418986742013,0.06595065086831786,Conglomerates,Industrials,TRC
2017Q1,2017,Q1,2017-05-08,2017-03-31,-1902000.0,5702000.0,-3756000.0,-0.08734,-811000.0,-0.1422307962118555,446916000.0,304584000.0,42568000.0,28195000.0,113751000.0,6378000.0,70045000.0,469809944.01,555086944.01,14.191576498129814,1.509771236034758,0.19863464275165804,0.29145654400756443,-0.005629100071423844,14.191576498129814,-0.00624458277519502,82.3938870589267,-61.75209569006309,1.5424642923134506,0.0,1.0211665098777045,0.0,0.012758549705089994,1.1432878169888279,-0.0042558333109577635,-51.66721038271198,-0.1422307962118555,-5.517910447761194,-7.6382761332902245,-0.42867328127162274,0.11877694753667362,-4.772093023255814,-5.627177700348432,-0.22225837943377807,-2.6875851182758197,-0.21191090419153558,0.06676786000523491,Conglomerates,Industrials,TRC
2016Q4,2016,Q4,2017-03-13,2016-12-31,-287000.0,12696000.0,-3073000.0,-0.0134,215000.0,0.01693446754883428,439701000.0,305875000.0,44215000.0,18685000.0,105234000.0,3084000.0,71947000.0,544830756.75,624978756.75,14.276729339583122,2.366336633663366,0.1851394470333249,0.2661413976297507,-0.0048955575461185775,14.276729339583122,-0.000938291785860237,42.913575673440455,-474.5912515243902,1.7812202917858602,0.0,4.047016861219196,0.0,0.02887416676332326,1.9626973508161627,-0.0006527162776523137,-222.56158363970587,0.01693446754883428,-1.6904013601937244,-1.0526811303496992,-0.38395630193262886,0.12845676002029205,-0.818871103622578,-1.8858024691358024,-0.6097433211105291,0.6562732156184747,-0.03200954926091305,0.07843928937764445,Conglomerates,Industrials,TRC
2016Q3,2016,Q3,2016-11-08,2016-09-30,324000.0,13079000.0,-1909000.0,0.019409,1187000.0,0.09075617401942045,448839000.0,294018000.0,51132000.0,24452000.0,115208000.0,6217000.0,72234000.0,519576930.56,601011930.56,13.76219254440949,2.0911172910191396,0.18906556694048424,0.28862178506077857,-0.0027163671913055997,13.76219254440949,0.0011019733485704956,39.726044082880954,400.9081254320988,1.7671602778061208,0.0,1.9128196879523887,0.0,0.029139624676108804,1.621707835759856,0.0007218624050049127,-375.41685734104044,0.09075617401942045,1.6666781163054305,-0.8779791684750436,-0.14664330787123245,0.10898030094865274,20.196428571428573,1.4709302325581395,0.3855809462504023,-0.8626771519651661,-0.1601428400501149,0.04475586814097974,Conglomerates,Industrials,TRC
2016Q2,2016,Q2,2016-08-09,2016-06-30,-688000.0,6849000.0,-3107000.0,-0.029113,56000.0,0.008176376113301211,445998000.0,292118000.0,52316000.0,22189000.0,114260000.0,9466000.0,71910000.0,504852506.76,588910506.76,13.678588157001785,2.3577448285186353,0.19040444127552142,0.2907044413558904,-0.005414367736598115,13.678588157001785,-0.00235521261955785,73.71185673236968,-183.4493120494186,1.7282485391519866,0.0,0.7176209592224805,0.0,0.015356571105700026,1.6489702104646446,-0.001542607814384818,-49.18192954310765,0.008176376113301211,-1.4999914129184055,-0.03234280921943859,0.11659916009051396,0.12404854363251772,-0.9824231010671689,-1.5690653432588917,-17.97814207650273,-1.3207598149977378,-0.1097639030169848,0.051094990317518844,Conglomerates,Industrials,TRC
2016Q1,2016,Q1,2016-05-06,2016-03-31,1209000.0,12953000.0,183000.0,0.058227,3186000.0,0.24596618543966647,436228000.0,292204000.0,49562000.0,12581000.0,104364000.0,6601000.0,72598000.0,438811273.45,513483273.45,13.69754298412499,3.939432477545505,0.17417268034147282,0.2600203967091484,0.00032869803692832595,13.69754298412499,0.004137520362486482,33.8771924226048,90.73847672663358,1.5017291804698087,0.0,1.4796242993485835,0.0,0.029693187965926075,2.9883157141721646,0.0027714864703778756,-65.51377626903553,0.24596618543966647,-0.24999999999999994,-0.8678277026503285,-0.45373216955533535,0.13042783743880426,-0.24520255863539445,-0.29504373177842563,-0.7081339712918661,0.9086894514178946,0.2885599716176519,0.053471043970430024,Conglomerates,Industrials,TRC
2015Q4,2015,Q4,2016-03-08,2015-12-31,1715000.0,15568000.0,627000.0,0.077636,4221000.0,0.27113309352517984,431919000.0,291634000.0,48893000.0,10321000.0,100611000.0,3517000.0,71389000.0,408214843.29999995,480322843.29999995,13.681009379405877,4.737234764073249,0.17141639983422818,0.2538730052051544,0.0012435854783178133,13.681009379405877,0.005880658633766982,26.22140565904419,59.50653692419825,1.3997505205154404,0.0,3.226329257890247,0.0,0.036043795248646156,3.997287084584827,0.003970651904639528,64.31618769497399,0.27113309352517984,3.0,2.0086976130085876,0.3672074864610168,0.17750956719649696,7.874592833876221,3.1763959390862944,1.1770686246822932,60.71744224057006,0.11659904268638473,0.05500043952437414,Conglomerates,Industrials,TRC
2015Q3,2015,Q3,2015-11-09,2015-09-30,-788000.0,11946000.0,-3541000.0,-0.038818,-614000.0,-0.05139795747530554,438826000.0,288391000.0,58210000.0,18578000.0,110791000.0,6288000.0,69674000.0,464527525.91999996,544232525.92,13.5402260555884,3.13327591775218,0.18963552752115873,0.28855616160004993,-0.00620715191609693,13.5402260555884,-0.002732401496579297,38.88561241587142,-147.37548411167512,1.6107559733833579,0.0,1.9974554707379135,0.0,0.027222634939588812,2.387178383033696,-0.0017957003459229855,-66.86735654527133,-0.05139795747530554,-3.0,-1.0958297120030107,-0.29945117422889367,0.16426303881937002,-1.4508076358296622,-2.9408866995073892,-1.5256776034236805,-1.1903287221917442,-0.2800019195062856,0.04635628986172624,Conglomerates,Industrials,TRC
2015Q2,2015,Q2,2015-08-10,2015-06-30,406000.0,7000000.0,-1402000.0,0.019409,1362000.0,0.19457142857142856,434157000.0,289354000.0,60441000.0,14904000.0,105136000.0,9986000.0,70462000.0,547366439.91,625553439.91,13.591062216425245,4.055354267310789,0.18034489827412664,0.2705958790961936,-0.003480986823285279,13.591062216425245,0.0014031255831956704,78.19520570142856,337.0483004371921,1.8916843724641788,0.0,0.5645904265972361,0.0,0.01612319967200805,2.900228126677402,0.000935145580976467,-89.62934991157687,0.19457142857142856,-0.75,1.3065653554966838,0.42462242659649524,0.06788708819382945,-0.7066551798406203,-0.7489177489177489,-2.2517857142857145,2.3350230759299815,-0.13555268854864488,0.06704143174576369,Conglomerates,Industrials,TRC
2015Q1,2015,Q1,2015-05-11,2015-03-31,1617000.0,16633000.0,1120000.0,0.077636,4643000.0,0.27914387061864965,433489000.0,285509000.0,66366000.0,14632000.0,108284000.0,6331000.0,70056000.0,562713566.75,639101566.75,13.42017235094501,4.535675232367414,0.18007377349828946,0.27340644252895707,0.00200243347617702,13.42017235094501,0.005663569274523745,33.83115293392653,86.99962380179343,1.9709135850358483,0.0,1.8938556310219554,0.0,0.038370062446797956,3.532258064516129,0.0037301984594764804,-128.67906854562085,0.27914387061864965,-0.1373777777777778,2.0268926025308236,2.444330799857418,0.3754466919620531,0.49100834938985227,-0.15605427974947808,0.48148148148148145,4.693371917658674,0.6812900510544383,0.057964170519386175,Conglomerates,Industrials,TRC
2014Q4,2014,Q4,2015-03-16,2014-12-31,1916000.0,14544000.0,756000.0,0.09,3114000.0,0.2141089108910891,432115000.0,284621000.0,65927000.0,16082000.0,107782000.0,4098000.0,68439000.0,626750157.9,702421157.9,13.378432465170345,4.099427931849273,0.18816518750795505,0.2856746339869511,0.0013799260971667884,13.378432465170345,0.006731759076104715,43.09338269389439,81.77846527922756,2.2020517034934177,0.0,2.789165446559297,0.0,0.03365770686044224,3.4998134560378062,0.004434004836675422,977.7693570982839,0.2141089108910891,0.1592560152506569,7.190694434270878,0.2527484466239644,0.3829186591222819,-0.06176559204579693,0.09360730593607305,0.9534883720930233,-0.6458214631748493,-0.289307032478764,0.05745386038377088,Conglomerates,Industrials,TRC
2014Q3,2014,Q3,2014-11-07,2014-09-30,1752000.0,13852000.0,387000.0,0.077636,3319000.0,0.2396043892578689,428400000.0,286256000.0,73979000.0,27912000.0,102628000.0,6735000.0,66523000.0,594970777.76,677652777.76,13.490777261732653,2.650437087990828,0.19775443510737628,0.29595187524453637,0.0007585669512903587,13.490777261732653,0.006120395729696496,42.95197644816633,84.89879819634703,2.0784569677491476,0.0,1.5639198218262806,0.0,0.03233426704014939,2.1470693608483806,0.0040896358543417366,-209.1285686326889,0.2396043892578689,1.0,6.137571715233075,0.1413133588946243,0.3829598679058849,0.38004158004158006,1.0045766590389016,2.9064039408866993,-0.33565796144557764,-0.09000877451508614,0.08710920730614347,Conglomerates,Industrials,TRC
2014Q2,2014,Q2,2014-08-07,2014-06-30,874000.0,8008000.0,-203000.0,0.038818,2405000.0,0.3003246753246753,354014000.0,283792000.0,76582000.0,16475000.0,30625000.0,8570000.0,64772000.0,682851040.9799999,695730040.9799999,13.378121920835678,4.6483763277693475,0.041741287067743084,0.052069825787900995,-0.00043448646678668807,13.378121920835678,0.0030797203585724757,85.2711090134865,195.3235243077803,2.4061673372751873,0.0,0.6537922987164527,0.0,0.022620574327568966,3.6236722306525038,0.002468828916370539,-74.24715026421659,0.3003246753246753,-0.1999917563167224,1.4964766326143575,0.579704117069799,0.3795936561963902,0.6806429070580013,-0.21473495058400718,0.8981435022579026,2.3202585149447437,0.3143355075590966,0.0993574986725614,Conglomerates,Industrials,TRC
2014Q1,2014,Q1,2014-05-12,2014-03-31,1113000.0,7145000.0,-1993000.0,0.048522,1431000.0,0.20027991602519243,346371000.0,281960000.0,77625000.0,10734000.0,24788000.0,6314000.0,63898000.0,717015889.0799999,717474889.0799999,13.303340895609821,7.231693683622135,0.013381605272958765,0.01643850191516527,-0.0047039751759459835,13.303340895609821,0.003947368421052632,100.35211883554932,161.05478191374664,2.542970240743368,0.0,0.904973075704783,0.0,0.02062817037223093,5.837711943357555,0.0032133175121473794,-1127.3834733962262,0.20027991602519243,2.2473521850899743,1.7025975874341175,0.5521477839888667,0.3777522306875463,-0.5807207735130384,2.347457627118644,-0.0914567360350493,-0.8775310470022682,-0.6967127199986852,0.09789521352585011,Conglomerates,Industrials,TRC
2013Q4,2013,Q4,2014-03-17,2013-12-31,-826000.0,12975000.0,-1826000.0,-0.0389,3413000.0,0.2630443159922929,342879000.0,280582000.0,83244000.0,8774000.0,22692000.0,3510000.0,62785000.0,779116289.76,774778289.76,13.238324567924511,9.487576931844085,0.01368704411760417,0.01672594820765409,-0.010685171938829898,13.238324567924511,-0.002943880933203128,60.04749824739884,-235.8100150605327,2.776786428780178,0.0,2.724216524216524,0.0,0.037841337614727064,8.15762480054707,-0.0024090130920820466,-71.5244918534839,0.2630443159922929,-1.3644062239458918,-29.355981408194,0.05739420339873594,0.36847943322003474,-0.2672820953198798,-1.3603839441535777,-2.0464183381088827,0.5113812278285212,0.1460464055945954,0.13940816792718935,Conglomerates,Industrials,TRC
2013Q3,2013,Q3,2013-11-12,2013-09-30,2292000.0,15128000.0,1745000.0,0.106749,4658000.0,0.3079058699101005,338393000.0,273383000.0,95443000.0,8320000.0,25398000.0,6555000.0,63611000.0,640048764.84,635716764.84,13.17263962240068,11.471514423076924,0.014036933388102,0.017374891635544273,0.004484471961166674,13.17263962240068,0.00838384244814052,42.308881864093074,69.81334695026179,2.3412164064334653,0.0,1.597254004576659,0.0,0.044705416483201484,10.085336538461538,0.006773189752743112,-233.338959110463,0.3079058699101005,0.09999484775104323,-0.49406680578302,-0.10440686692089647,0.36086624681024654,1.5523287671232877,0.09980806142034548,0.4952870608397601,-0.7139475496750315,-0.0895533371173823,0.1326559374331066,Conglomerates,Industrials,TRC
2013Q2,2013,Q2,2013-08-08,2013-06-30,2084000.0,7475000.0,1167000.0,0.097045,1825000.0,0.24414715719063546,329873000.0,270026000.0,94539000.0,7495000.0,20246000.0,9586000.0,68249000.0,605974799.5139999,595729799.5139999,13.01365555254878,12.613609072715143,0.0007063324370287959,0.0008628798708272537,0.0032164798691220334,13.01365555254878,0.007717775325339042,81.06686281123746,72.69371395321497,2.2441350074215074,0.0,0.5894012100980597,0.0,0.022660235908971028,10.632555036691127,0.006317582827330518,-76.99806855324015,0.24414715719063546,2.333390581527153,0.35673813798113585,-0.35910672212740524,0.3716366490609862,-0.5345575108390717,2.388617886178862,11.966666666666667,2.6145985928544464,0.560927557857736,0.022518660680815518,Conglomerates,Industrials,TRC
2013Q1,2013,Q1,2013-05-08,2013-03-31,615000.0,9760000.0,90000.0,0.029113,3921000.0,0.4017418032786885,330572000.0,269307000.0,87034000.0,8909000.0,21583000.0,5685000.0,66165000.0,572547042.5256001,568508042.5256001,13.002296610356067,9.769222134919744,0.0007381145408564549,0.000906029178595432,0.00027072046838250635,13.002296610356067,0.0022836391181811095,58.66260681614755,232.74270021365854,2.126001338716038,0.0,1.0270888302550572,0.0,0.029524581634258196,8.494107082725334,0.0018604116501095072,-3791.7022683814575,0.4017418032786885,21.394615384615385,1.5214364535668563,0.686906895407397,0.4695331036834595,0.01817709685795897,21.77777777777778,4.625,1.4011661289027808,1.0759563705453552,0.33261819542610643,Conglomerates,Industrials,TRC
2012Q4,2012,Q4,2013-03-15,2012-12-31,27000.0,13547000.0,16000.0,0.0013,3851000.0,0.28426957998080754,327856000.0,268592000.0,90753000.0,7213000.0,19597000.0,3839000.0,65550000.0,564108866.1719999,557142866.1719999,12.967775999765163,12.581866075142104,0.0007716802498657948,0.0009419491273008876,-5.713329241756434e-07,12.967775999765163,0.00010052421516649789,41.640870020816415,5223.230242333333,2.1002444829778995,0.0,2.52565772336546,0.0,0.04131996974281392,11.23471509774019,8.235322824654726e-05,-182.97400784041517,0.28426957998080754,-0.9933020418467816,-0.9751554284027896,0.23019244065947186,0.47492860402171044,-0.41580703883495146,-0.99328525242477,-0.9960019990004998,1.0896069642235462,0.19855308572683944,0.340469404325315,Conglomerates,Industrials,TRC
2012Q3,2012,Q3,2012-11-07,2012-09-30,4021000.0,16114000.0,4002000.0,0.194089,6592000.0,0.40908526746928137,327746000.0,267679000.0,97538000.0,9472000.0,20361000.0,6178000.0,65523000.0,606919435.7386,599973435.7386,12.94035902185642,10.297508445945946,0.0007993995350057667,0.0009787842901385615,0.010777352937358285,12.94035902185642,0.015021723781096015,37.66410796441604,37.734359347090276,2.2673404926744345,0.0,1.5412754936872775,0.0,0.04916612254611803,9.107580236486486,0.012268647062054152,1861.7160605478527,0.40908526746928137,19.00092745259687,-0.446433936607737,0.25562615982132825,0.41129298809455994,1.3551268310110753,33.07627118644068,5.378555798687089,13.095045861649538,0.3619006527004142,0.3265356662795316,Conglomerates,Industrials,TRC
2012Q2,2012,Q2,2012-08-06,2012-06-30,118000.0,7849000.0,-914000.0,0.009704,2799000.0,0.35660593706204613,320100000.0,262847000.0,91683000.0,6580000.0,17478000.0,8012000.0,61502000.0,572845957.5552,567367957.5552,12.73714573031077,13.933586626139817,0.0008466104342393003,0.00103101804471803,-0.0013945617805294318,12.73714573031077,0.0004489303663347879,72.98330456812333,1213.656689735593,2.1793893693106634,0.0,0.6303045431852222,0.0,0.024520462355513903,11.854711246200608,0.0003686348016244923,274.6145529986577,0.35660593706204613,-0.27037593984962394,1.301249403728153,0.20133991982901345,0.32339158856896366,-0.11367954401519949,-0.5709090909090909,-39.083333333333336,1.0689038485454467,0.5916226356600841,0.31349419235132947,Conglomerates,Industrials,TRC
2012Q1,2012,Q1,2012-05-04,2012-03-31,275000.0,9579000.0,24000.0,0.0133,3158000.0,0.32967950725545464,319434000.0,261301000.0,93784000.0,7299000.0,18350000.0,5339000.0,61384000.0,572221659.482,570557659.482,12.684902499445371,12.848883408686122,0.0008796809356549397,0.0010753881538914892,0.0042755235451980645,12.684902499445371,0.0010524261292532368,59.73709776406723,520.20150862,2.1898946405945634,0.0,1.2026596740962727,0.0,0.029987415240707,11.319358816276202,0.0008608977128295673,-85.3679933584962,0.32967950725545464,-0.9468,-0.5311190524137562,0.1500604553056637,0.320232583135839,-0.6902706943899568,-0.9474990454371898,-0.9961114711600778,1.178614629593998,1.141035424297129,0.3137040426012302,Conglomerates,Industrials,TRC
2011Q4,2011,Q4,2012-03-12,2011-12-31,5238000.0,19815000.0,6172000.0,0.25,10196000.0,0.5145596770123644,321976000.0,260614000.0,103773000.0,10167000.0,21537000.0,3587000.0,61109000.0,489107321.406,471025321.406,12.651551964938733,10.206845677190913,0.0009006882500559048,0.0011127567974091952,0.017941333741321855,12.651551964938733,0.02009869001665298,24.683690204693416,23.344182961340206,1.8767499881280363,0.0,2.681628101477558,0.0,0.061541854051233635,9.321333726763058,0.01626829328894079,-1225.8328857293234,0.5145596770123644,0.9816420678831308,56.03019669325532,0.9600125356429119,0.33278917254209633,0.7919156414762741,1.0476935105551213,1.0336079077429983,199.06264229566668,0.6614852075719213,0.30782325010237654,Conglomerates,Industrials,TRC
2011Q3,2011,Q3,2011-11-07,2011-09-30,2558000.0,14765000.0,3035000.0,0.126158,5690000.0,0.38537080934642737,311696000.0,255411000.0,101269000.0,9129000.0,16424000.0,5267000.0,55871000.0,476503603.32820004,460658603.32820004,12.409771871183759,11.093109869646183,0.0009560597505261537,0.001166746929458794,0.007570858730895209,12.409771871183759,0.010015230354213405,32.27250953797494,46.56993777640735,1.8656346176484178,0.0,1.7229922156825517,0.0,0.04736987320979416,10.147989922225873,0.008206714234382219,-305.8431343569962,0.38537080934642737,5.333390581527152,2.273933391636893,0.29533954809458457,0.42763677637407543,4.753286147623863,5.009404388714733,2.679579413392363,-0.43062027789060914,-0.11857455134958221,0.28205433035534677,Conglomerates,Industrials,TRC
2011Q2,2011,Q2,2011-08-05,2011-06-30,-638000.0,5872000.0,-1807000.0,-0.029113,989000.0,0.16842643051771117,303733000.0,248788000.0,98578000.0,7702000.0,15066000.0,6706000.0,53313000.0,676184477.3424,656744477.3424,12.169036857427477,12.799013243313425,0.001010756157546266,0.001233982346415422,-0.004540834768426589,12.169036857427477,-0.0025644323681206487,115.15403224495913,-264.96256949153604,2.7179143581780467,0.0,0.7281538920369818,0.0,0.019332769241406103,11.487665541417813,-0.0021005290831091782,-197.8304497783499,0.16842643051771117,-1.0681809665664315,0.8355921486896875,-0.10289826919295046,0.5122355401429897,-0.9392356844433521,-1.0730311355311355,-1.1341101380436396,-1.4215528700861026,-0.4890320979377236,0.28261401033872896,Conglomerates,Industrials,TRC
2011Q1,2011,Q1,2011-05-06,2011-03-31,8736000.0,22646000.0,13474000.0,0.426996,16276000.0,0.7187141216991964,303219000.0,246871000.0,101057000.0,9142000.0,16451000.0,4598000.0,53951000.0,726017369.66,696575369.66,12.117131700471333,11.054145701159484,0.0010454489989083797,0.0012840714381195037,0.03548908917470008,12.117131700471333,0.03538690247133118,32.05940871058907,20.776595972413002,2.9408775014481243,0.0,1.3853849499782513,0.0,0.07468529346775762,10.180923211551082,0.028810859477803173,600.014355090909,0.7187141216991964,6.360903954802259,74.27890295747024,2.387957173117371,0.4977858107763474,9.096774193548388,6.376,8.039707419017764,8.530021634373057,2.9791482861042544,0.3694908437446608,Conglomerates,Industrials,TRC
2010Q4,2010,Q4,2011-03-07,2010-12-31,-1625000.0,10883000.0,-1914000.0,-0.07965,1612000.0,0.14812092253974088,288091000.0,236714000.0,88817000.0,4157000.0,11439000.0,2982000.0,45215000.0,544414214.7224,522712214.72239995,11.618597216138676,21.36564830406543,0.001128115768975775,0.0013729648436509882,-0.006229131453397473,11.618597216138676,-0.0068648242182549404,50.0242777471653,-83.75603303421539,2.2998817759929704,0.0,3.1089872568745807,0.0,0.03777625819619495,19.442867452489775,-0.0056405788448788755,-966.987947997158,0.14812092253974088,-1.2051893718860935,-2.3203573869270135,0.0681889684947224,0.45882768877915325,-0.8386870809566697,-1.2070063694267517,-1.1591154709452158,-2.5201219798360825,0.004698785782694592,0.3214757390164883,Conglomerates,Industrials,TRC
2010Q3,2010,Q3,2010-11-09,2010-09-30,7850000.0,16279000.0,12029000.0,0.388178,9993000.0,0.6138583451071933,289786000.0,236469000.0,104882000.0,5595000.0,13286000.0,5417000.0,46408000.0,427363076.1432,385134076.1432,11.629868512633513,18.745665773011616,0.001149123836210169,0.0014082184134072543,0.030864632156185134,11.629868512633513,0.03319674037611695,26.252415759149823,13.610289049146497,1.8072689280336958,0.0,1.1604208971755585,0.0,0.05617593672572174,16.988739946380697,0.027088955298047526,-89.40650128518828,0.6138583451071933,7.66663231834029,1.9056768383350853,0.3447773547696112,0.4736782080060708,24.906698564593302,7.832027850304613,5.80583300039952,0.09944524815908198,0.2904859613374532,0.2683691276740759,Conglomerates,Industrials,TRC
2010Q2,2010,Q2,2010-08-06,2010-06-30,-1149000.0,4263000.0,-2503000.0,-0.058227,-418000.0,-0.09805301430917195,286340000.0,235083000.0,89231000.0,3641000.0,11228000.0,6556000.0,38558000.0,413492578.0503,366150578.0503,12.727059224409656,24.507278220269157,0.0011908919466368652,0.0014505515073399609,-0.006286633387356796,12.727059224409656,-0.004887635430890366,96.99567864187192,-89.96792385776762,1.758921649163487,0.0,0.7140024405125076,0.0,0.01488789550883565,21.031584729469927,-0.004012712160368793,-102.6290836560685,-0.09805301430917195,0.2330984524201515,-0.31087700810328456,0.10386878146150914,0.6742114672927715,-0.24404761904761904,0.1380345086271568,-0.054782975136957436,-2.27719259541186,-0.2710383857171184,0.3223435989054851,Conglomerates,Industrials,TRC
2010Q1,2010,Q1,2010-05-10,2010-03-31,-1333000.0,4088000.0,-2373000.0,-0.075925,-336000.0,-0.0821917808219178,234439000.0,175720000.0,41077000.0,11118000.0,18602000.0,4135000.0,39707000.0,533125414.0036,538129414.0036,9.756955634392014,3.694639323619356,0.03519039067731905,0.046949692692920555,-0.007510163118346894,9.756955634392014,-0.0075859321648076485,130.41228326898238,-99.98601162858215,3.0339484065763713,0.0,1.0698911729141476,0.0,0.017437371768349124,2.8369311027163158,-0.005685914033074702,-328.0771778483692,-0.0821917808219178,-4.36951909476662,-0.29980177952210924,0.10180050066408476,0.2637236113247211,-1.713375796178344,-4.087786259541985,-1.9224137931034482,-3.599603515629162,-0.43861803236303754,0.015494659205963142,Conglomerates,Industrials,TRC
2009Q4,2009,Q4,2010-03-01,2009-12-31,-262000.0,9828000.0,-812000.0,-0.01414,471000.0,0.04792429792429793,234744000.0,174227000.0,44342000.0,12984000.0,20363000.0,1766000.0,41040000.0,510416963.0992,519641963.0992,9.67405593736181,3.4151263093037585,0.04220768155948608,0.05686833843204555,-0.0023636570994107586,9.67405593736181,-0.0015037852916023348,51.93497793032153,-487.0390869267176,2.929608861423316,0.0,5.29841449603624,0.0,0.04186688477660771,2.9232902033271717,-0.0011161094639266604,-349.12240978057457,0.04792429792429793,0.25504451820241303,-1.1253802093322718,0.06661044790524046,0.2655454045800392,-0.33755274261603374,0.09027777777777778,0.3514376996805112,-4.262779617719362,0.11192883861783645,0.0191221633214736,Conglomerates,Industrials,TRC
2009Q3,2009,Q3,2009-11-05,2009-09-30,-288000.0,10250000.0,-1252000.0,-0.018981,711000.0,0.06936585365853659,234886000.0,174808000.0,54011000.0,12179000.0,19918000.0,4544000.0,41302000.0,446341774.5987,451693774.5987,9.755002711800127,4.434764759011413,0.031568505572916225,0.04241796714109194,-0.004415014077620057,9.755002711800127,-0.0016475218525467941,43.54553898523902,-387.4494571169271,2.553325789430118,0.0,2.0992517605633805,0.0,0.043638190441320474,3.597257574513507,-0.0012261267167902727,-70.98310664737595,0.06936585365853659,0.7777816802472605,-2.6934160827603804,0.038700216434710194,0.06270833563959523,1.8576598311218335,0.8063214525891056,0.5605475605475605,-1.423354009257421,0.032799286544141375,0.12222857676643573,Conglomerates,Industrials,TRC
2009Q2,2009,Q2,2009-08-10,2009-06-30,-1487000.0,4282000.0,-2849000.0,-0.085416,-829000.0,-0.19360112097150864,191306000.0,173759000.0,58724000.0,10520000.0,17547000.0,6451000.0,41591000.0,460387194.58100003,464974194.58100003,9.697146591496978,5.58212927756654,0.03226767587007203,0.03552621734701512,-0.009629775156595173,9.697146591496978,-0.008557830098009311,107.51686001424568,-77.40201657380632,2.6495732283277413,0.0,0.7922802666253294,0.0,0.022382988510553772,4.4036121673003805,-0.0077728874159723165,-77.27210382359853,-0.19360112097150864,-0.12500493908462296,-1.9146838692527157,0.5455161840255004,0.45897021487007406,-0.013447432762836185,-0.11053024645257654,0.004889975550122249,0.562797418131835,-0.2535990468395231,0.2050559042137882,Conglomerates,Industrials,TRC
2009Q1,2009,Q1,2009-05-08,2009-03-31,-1339000.0,3891000.0,-2863000.0,-0.075925,-818000.0,-0.21022873297352865,192367000.0,172985000.0,65542000.0,12496000.0,19382000.0,4773000.0,43078000.0,359166978.5572,366532978.5572,9.65582969077901,5.245038412291933,0.04252808433878992,0.04729311790039599,-0.009136643390272687,9.65582969077901,-0.007740555539497644,92.30711348167567,-67.05880854316653,2.076289727763679,0.0,0.9865912424051959,0.0,0.020226962004917682,4.329705505761844,-0.006960653334511637,-60.99982652126359,-0.21022873297352865,-59.74,0.12496726764327283,0.1831339764540636,0.9503027278701702,-1.8583420776495279,-57.21739130434783,-1.4018456375838926,-11.773158750513495,-0.33799840041321627,0.19354687723326547,Conglomerates,Industrials,TRC
2008Q4,2008,Q4,2009-03-02,2008-12-31,-23000.0,10372000.0,-1192000.0,-0.00125,953000.0,0.09188198997300424,187072000.0,173306000.0,70990000.0,7023000.0,13766000.0,2007000.0,44417000.0,429888564.15559995,429994564.15559995,9.67374755262102,10.108215862167166,0.01677429011289771,0.01810670144138114,0.0009360285785066313,9.67374755262102,-0.00013271323554868268,41.44702701075973,-4672.701784299999,2.480517490194223,0.0,4.693074240159442,0.0,0.05544389326034896,9.01608999003275,-0.0001229473144030106,184.73939155805758,0.09188198997300424,-1.0059867620717071,0.9855621216802015,0.07280677792446133,0.9224048324983708,-0.8237469946365822,-1.0059217301750771,-1.2742121002990567,-1.0212528594135215,0.15774620657490032,0.2146329304212857,Conglomerates,Industrials,TRC
2008Q3,2008,Q3,2008-11-10,2008-09-30,3884000.0,14482000.0,4347000.0,0.208794,5407000.0,0.37336003314459326,186809000.0,172232000.0,85024000.0,7844000.0,14577000.0,11238000.0,44440000.0,641140604.8773,643038604.8773,9.679599044561664,10.83936766955635,0.016840730371663035,0.01826605973338288,0.017123908835037983,9.679599044561664,0.02255097775094059,44.27155122754454,41.26806159096936,3.7225405550495836,0.0,0.8075280298985584,0.0,0.07752303154558934,8.015680775114737,0.020791289498899947,-267.69962625356993,0.37336003314459326,2.1428786464762015,5.599999914165847,1.7389599111959673,0.8192276860090141,0.4597732181425486,1.9424242424242424,4.426966292134831,0.6428571775067037,0.36708066391791516,0.2265499097183493,Conglomerates,Industrials,TRC
2008Q2,2008,Q2,2008-08-08,2008-06-30,1320000.0,10023000.0,801000.0,0.066434,3704000.0,0.36955003491968474,178743000.0,169176000.0,83962000.0,2971000.0,9567000.0,12627000.0,40556000.0,623652197.658,623757197.658,9.487684337873187,28.260518343991922,0.0022546337478950226,0.0023821345817373624,0.002934103591489373,9.487684337873187,0.00780252518087672,62.22210891529482,118.11594652613636,3.6864105881330684,0.0,0.5004355745624456,0.0,0.056074923213776204,20.532144059239315,0.0073849045836760045,-95.6081860582554,0.36955003491968474,2.166654959258219,3.6000352986595314,1.3480068581312183,0.8610925994537459,85.18181818181819,2.234798877455566,1.3236363636363637,2.560021137047331,1.6885274986214487,0.24808014455186228,Conglomerates,Industrials,TRC
2008Q1,2008,Q1,2008-05-09,2008-03-31,-1069000.0,5244000.0,-2475000.0,-0.056944,-44000.0,-0.008390541571319604,180532000.0,166101000.0,92739000.0,7972000.0,14431000.0,10712000.0,39236000.0,679534214.6208,675186214.6208,8.847909977505882,11.633090817862518,0.029966986462233842,0.03257054442778791,-0.00877989188113722,8.847909977505882,-0.006435843251997279,129.58318356613273,-158.91819799363893,4.091090448707714,0.0,0.4936519790888723,0.0,0.0290474818868677,9.089688911189162,-0.005921387897990384,-71.54497942943777,-0.008390541571319604,-2.095076923076923,-0.49999996462108565,0.387814044355631,0.6810942748329925,-1.0229286086503386,-2.085279187817259,-4.978260869565218,1.023140216622521e-08,0.35590753387209073,0.14598376465268278,Conglomerates,Industrials,TRC
2007Q4,2007,Q4,2008-02-29,2007-12-31,985000.0,9981000.0,-414000.0,0.052,1919000.0,0.19226530407774772,175503000.0,165054000.0,99553000.0,4126000.0,10449000.0,4129000.0,40305000.0,743808897.0312,734771897.0312,8.792138117333767,24.128211342704798,0.0023760277602092273,0.0025264458904358574,-0.0025019489819968453,8.792138117333767,0.005967743889878464,74.52248241971746,188.7839840180711,4.506457868523029,0.0,1.9525308791474933,0.0,0.05687082272097913,20.93189529810955,0.005612439673395897,-146.7368114087986,0.19226530407774772,-0.8434545958118084,2.3034833335118656,-0.08565138333610609,0.6773527223220616,-0.029828109201213347,-0.841231463571889,-3.0194174757281553,-0.5477909575531165,0.03917826297160748,0.1501742457217096,Conglomerates,Industrials,TRC
2007Q3,2007,Q3,2007-11-09,2007-09-30,6204000.0,10961000.0,-103000.0,0.332172,1978000.0,0.18045798740990784,177359000.0,161996000.0,100824000.0,10096000.0,15363000.0,4316000.0,39320000.0,729314482.5600001,724198482.5600001,9.169151360503596,9.986529318541997,0.002390631431165038,0.002617348576508062,-0.00038293930637438506,9.169151360503596,0.03829724190720758,66.53722129002828,29.388881470019342,4.502052412158325,0.0,2.0813253012048194,0.0,0.0618012054646226,8.59053090332805,0.034979899525820514,105.72839700782836,0.18045798740990784,18.500237079184448,11.333333495530542,0.3187280270191126,0.6723331997421385,2.718045112781955,21.475247524752476,0.9408045977011494,36.00000151441362,0.12661439207652977,-0.0011142108898311938,Conglomerates,Industrials,TRC
2007Q2,2007,Q2,2007-08-09,2007-06-30,-303000.0,5054000.0,-1740000.0,-0.018981,532000.0,0.10526315789473684,163380000.0,153639000.0,94650000.0,4612000.0,9741000.0,5940000.0,33116000.0,684350042.8426,682777042.8426,9.624623460153586,20.522549869904598,0.002638021789692741,0.002805277305892384,-0.006696577419189717,9.624623460153586,-0.0019721555073907017,135.40760641919272,-564.6452498701319,4.454272957013519,0.0,0.7612794612794613,0.0,0.03093401885175664,17.360797918473548,-0.0018545721630554535,-272.7580880201674,0.10526315789473684,-1.6666549592582187,-1.4999999896636735,0.05546515346856509,1.0808127848642262,-0.655440414507772,-1.6778523489932886,-4.471698113207547,0.3333333331139901,1.0476124214902447,0.4480588516643349,Conglomerates,Industrials,TRC
2007Q1,2007,Q1,2007-05-09,2007-03-31,447000.0,6348000.0,-318000.0,0.028472,1544000.0,0.2432262129804663,160830000.0,150844000.0,95108000.0,4995000.0,9986000.0,4203000.0,33419000.0,720261416.78,718265416.78,9.608081683089486,19.04064064064064,0.0027171547596841383,0.002897032696030336,-0.001249488938929626,9.608081683089486,0.0029633263504017394,113.46273106175173,402.8307700111857,4.774876142107078,0.0,1.1429931001665476,0.0,0.039470248088043274,16.513513513513512,0.0027793322141391533,-689.9055716283525,0.2432262129804663,5.327111111111112,1.4285714295929777,1.7359862432040043,0.9352551831087814,0.17325227963525835,5.385714285714286,0.7160714285714286,1.3333333294455794,1.2026074747561148,0.9406584950461205,Conglomerates,Industrials,TRC
