Quarters,Year,Quarter,FillingDate,Date,NetIncome,Revenue,OperatingIncome,EPSDiluted,GrossProfit,GrossProfitRatio,TotalAssets,CommonStockEquity,CurrentAssets,CurrentLiability,TotalLiability,Inventory,RetainedEarnings,MarketCap,EnterpriseValue,bookValuePerShare,currentRatio,debtToAssets,debtToEquity,roic,shareholdersEquityPerShare,roe,priceToSalesRatio,peRatio,pbRatio,payoutRatio,inventoryTurnover,dividendYield,assetTurnover,quickRatio,returnOnAssets,priceToFreeCashFlowsRatio,grossProfitMargin,epsdilutedGrowth,fiveYNetIncomeGrowthPerShare,fiveYRevenueGrowthPerShare,fiveYShareholdersEquityGrowthPerShare,grossProfitGrowth,netIncomeGrowth,operatingIncomeGrowth,threeYNetIncomeGrowthPerShare,threeYRevenueGrowthPerShare,threeYShareholdersEquityGrowthPerShare,Industry,Sector,Symbol
2023Q1,2023,Q1,2023-03-31,2023-03-31,394695000.0,709834000.0,463802000.0,5.01,506732000.0,0.713873948,8190242000.0,5063463000.0,5189649000.0,940902000.0,1206961000.0,191708000.0,0.0,3667497290.2000003,-323051709.7999997,64.66878859154284,5.5156105524273515,0.017093512011000407,0.027649061521729298,0.07394554597306728,64.66878859154284,0.07794961669513532,5.166697129469707,2.322994521212582,0.7243061300536806,0.0,1.0594341394203686,0.0,0.08666825717726045,5.237227681522624,0.0481908837370129,6.920054285342305,0.7138739479934745,-0.24887556221889057,7.6473104146447834,3.7636443935877444,6.994845580127402,-0.24242057280570742,-0.2502393489707994,-0.25561695414151564,9.612639699490819,2.756615458994749,6.609660351169348,Semiconductor Equipment & Materials,Technology,DQ
2022Q4,2022,Q4,2022-12-31,2022-12-31,526428000.0,864251000.0,623069000.0,6.67,668883000.0,0.7739453006,7592982000.0,4847535000.0,4889161000.0,734834000.0,948238000.0,169517000.0,2898843000.0,3013606291.41,-486057708.59000015,62.10609756274115,6.653422405604531,0.002724489535205009,0.004267529785757091,0.10610933556260872,62.10609756274115,0.10859704984079538,3.4869572513193505,1.4311578655628119,0.6216780882262841,0.0,1.1524979795536732,0.0,0.11382234278969712,6.349521116333757,0.06933086368438646,3.45948951675615,0.7739453006129007,-0.06320224719101127,9.683508182593402,4.703287584748956,7.4661771449141145,-0.3165010586379131,-0.03552819610860723,-0.10096502087896549,22.229259233465722,5.442069024411614,6.583060849430876,Semiconductor Equipment & Materials,Technology,DQ
2022Q3,2022,Q3,2022-09-30,2022-09-30,545820000.0,1219689000.0,693042000.0,7.12,978616000.0,0.8023487955,6906223000.0,4285877000.0,4740560000.0,909777000.0,1034304000.0,73265000.0,0.0,4012213322.44,961094322.44,56.70046253214943,5.210683497164689,0.0,0.0,0.12590309612301184,56.70046253214943,0.12735316482484216,3.289538007180519,1.8376998472206953,0.9361475661667379,0.0,3.290425168907391,0.0,0.17660724248261314,5.116095482739177,0.07903306916095816,7.060660594985649,0.8023487954716325,-0.12958435207823957,14.830041932831525,8.543080883574728,7.660246169316886,0.0335316718521945,-0.1306065302468713,-0.2528509608853988,97.78966748450988,12.109723362875043,6.321441290801857,Semiconductor Equipment & Materials,Technology,DQ
2022Q2,2022,Q2,2022-06-30,2022-06-30,627817000.0,1244086000.0,927582000.0,8.18,946866000.0,0.7610936864,6484131000.0,4050213000.0,4656754000.0,835665000.0,974162000.0,52264000.0,0.0,5362001358.0,2077750358.0,53.91721945550466,5.5725129088809515,0.0,0.0,0.19346052946440914,53.91721945550466,0.15500839091672464,4.309992523024936,2.135176873993536,1.3238813262413607,0.0,5.686897290678096,0.0,0.19186626550265565,5.462663866501528,0.09682361445195972,5.974481281003338,0.7610936864493291,-0.05977011494252869,35.29010189913263,10.47261039987171,8.028729965541327,0.16386087743191619,-0.058817091946492844,0.3902212017343631,258.5630697043015,15.938409297921273,5.742980939184591,Semiconductor Equipment & Materials,Technology,DQ
2022Q1,2022,Q1,2022-03-31,2022-03-31,667051000.0,1280323000.0,667219000.0,8.7,813556000.0,0.6354302781,4412905000.0,2705856000.0,2752296000.0,924062000.0,1072733000.0,100313000.0,0.0,3087058272.08,1959323272.08,36.217641542823,2.9784754702606535,0.0,0.0,0.20638911293492304,36.217641542823,0.24652124872868328,2.4111558349572726,1.1569798531446622,1.1408804726046027,0.0,4.653105778912005,0.0,0.2901315573301487,2.8543225454569066,0.1511591570632044,23.731815346437987,0.6354302781407504,2.5802469135802464,19.512323277916654,9.755028410046041,5.434947081329504,2.392247777573928,2.580347701936031,1.9251931221338572,88.79989176803154,13.098008553048897,3.4049398345856177,Semiconductor Equipment & Materials,Technology,DQ
2021Q4,2021,Q4,2021-12-31,2021-12-31,186309000.0,395547000.0,228094000.0,2.43,239828000.0,0.6063198558,3343651000.0,2169254000.0,1742980000.0,550499000.0,672526000.0,327771000.0,0.0,2998915879.68,2274949879.68,29.165313329606597,3.166181954917266,0.0,0.0,0.08539427004022382,29.165313329606597,0.08588620788529144,7.581692895357568,4.024115689097145,1.382464146513041,0.0,0.4750847390403666,0.0,0.11829793240981192,2.488883721859622,0.05572022917463575,-214.66828057838222,0.6063198557946338,-0.3622047244094488,30.874695667505097,5.0590363708338995,4.673398663508725,-0.4489233660922934,-0.36267356300606507,-0.45912889242997657,13.567212050806699,3.6556690058640418,2.67591297404189,Semiconductor Equipment & Materials,Technology,DQ
2021Q3,2021,Q3,2021-09-30,2021-09-30,292329000.0,585782000.0,421716000.0,3.81,435199000.0,0.7429367921854888,2989902000.0,1990298000.0,1508797000.0,428805000.0,543460000.0,46231000.0,937766000.0,4220573037.0,3559660037.0,26.879522047233323,3.5186086915964134,0.0,0.0,0.18038120633918872,26.879522047233323,0.14687700032859402,7.205023433632307,3.6094375147522144,2.120573420161202,0.0,3.257186736172698,0.0,0.19592013383716256,3.331316099392498,0.09777210089160113,-18.10868471139448,0.7429367921854888,0.259504132231405,17.475179049833624,6.6349083001114675,4.1027883127201985,0.4351872310254423,0.25949590693666524,0.4421782665791202,15.158021268056988,6.702423207967013,2.4746195687624684,Semiconductor Equipment & Materials,Technology,DQ
2021Q2,2021,Q2,2021-06-30,2021-06-30,232100000.0,441368000.0,292416000.0,3.025,303235000.0,0.6870344021315546,1716751000.0,1096415000.0,429719000.0,395265000.0,573442000.0,33815000.0,645436000.0,4792932004.679999,4764935004.679999,14.873756446031535,1.0871668374381744,0.11600459239575221,0.18163833949736186,0.1917032279694169,14.873756446031535,0.2116899166830078,10.859264841764693,5.162572172210254,4.371457892020813,0.0,4.084962294839568,0.0,0.2570949427144647,0.8463385323770128,0.13519724176656953,16.931668302322702,0.6870344021315546,1.7880184331797235,7.29608307848612,3.407996390306167,1.9392526579469473,1.5493929916599407,1.7890265444189428,1.6779738627934024,13.832516911937967,4.647675405830496,0.7389063712640079,Semiconductor Equipment & Materials,Technology,DQ
2021Q1,2021,Q1,2021-03-31,2021-03-31,83219000.0,256095000.0,109193000.0,1.085,118944000.0,0.46445264452644525,1439114000.0,849659000.0,323434000.0,347553000.0,553875000.0,34064000.0,413337000.0,5537092159.5,5653144159.5,11.585368755320244,0.9306033899865632,0.19671895346720275,0.33319366946033646,0.08265133241277563,11.585368755320244,0.09794399871007074,21.621242739998827,16.6340984615893,6.516840473060369,0.0,4.026274072334429,0.0,0.17795324067447055,0.6135610971564049,0.05782655161439608,34.78553669162824,0.46445264452644525,0.13020833333333334,6.111030966746045,2.1586411248538275,1.3972182070128134,0.08637555143533023,0.14271002114629391,0.11445309709223404,0.9465252071247213,0.8348550038342631,0.43227105694896395,Semiconductor Equipment & Materials,Technology,DQ
2020Q4,2020,Q4,2020-12-31,2020-12-31,72826000.0,247725000.0,97979000.0,0.96,109487000.0,0.44196992632959936,1239143000.0,767123000.0,180271000.0,284135000.0,440228000.0,42159000.0,330118000.0,4138398266.88,4304892266.88,10.632658444730573,0.6344554525137699,0.19617590544432725,0.3168852974034151,0.08230492603603637,10.632658444730573,0.09493392845736603,16.70561415634272,14.206458774613461,5.394699763766697,0.0,3.2789677174506036,0.0,0.19991639383025203,0.2705685677582839,0.058771263687887515,203.94235496156122,0.44196992632959936,2.5555555555555554,4.481834479052816,2.0258891019219156,1.31090557012006,1.419441804963207,2.508503155561979,1.9396639663966397,0.5989133711425355,0.7685558897261405,0.44942241498135693,Semiconductor Equipment & Materials,Technology,DQ
2020Q3,2020,Q3,2020-09-30,2020-09-30,20757000.0,125529000.0,33330000.0,0.27,45253000.0,0.36049837089437503,1199232000.0,658741000.0,179794000.0,335461000.0,514395000.0,53640000.0,257292000.0,1928013464.8319998,2191100464.832,9.241443015312427,0.5359609611847577,0.27787534021773935,0.505869529906291,0.026190316661548238,9.241443015312427,0.03151010791798294,15.359107973711252,23.221244216794336,2.926815645044107,0.0,1.4965697240865026,0.0,0.10467449167467179,0.21556306098175346,0.01730857748959334,79.80518501726064,0.36049837089437503,7.4375,3.962641217353911,0.987166514404609,1.0654177193385523,0.9936998854524628,7.71044901384809,2.0996001115967635,-0.36162568899777553,0.04150596935494357,0.41150826462730444,Semiconductor Equipment & Materials,Technology,DQ
2020Q2,2020,Q2,2020-07-06,2020-06-30,2383000.0,133518000.0,10753000.0,0.032,22698000.0,0.169999550622388,1159485000.0,602729000.0,171685000.0,368350000.0,528166000.0,26824000.0,236535000.0,1047470051.84,1273222051.8400002,8.543748030103108,0.4660920320347496,0.2707814245117444,0.5209090652681387,0.0063817685146956675,8.543748030103108,0.003953683993967438,7.845159842418251,109.88985017205205,1.737878966898888,0.0,4.131374888159857,0.0,0.11515284803166924,0.26185692955069906,0.0020552227928778725,36.4046172397734,0.169999550622388,-0.9295154185022027,2.9163186083329196,1.8960631368106942,0.8893586287910642,-0.5986490787565866,-0.9282876918447186,-0.7651824514663813,-0.8533250737079805,0.31107755018758115,0.4306968095987584,Semiconductor Equipment & Materials,Technology,DQ
2020Q1,2020,Q1,2020-04-24,2020-03-31,33230000.0,168831000.0,45793000.0,0.454,56554000.0,0.3349740272817196,1181216000.0,594531000.0,181531000.0,408651000.0,586177000.0,33234000.0,234152000.0,810407778.24,1102558778.24,8.498249016016256,0.44422012915666426,0.30080781161108555,0.5976458754884102,0.04049150252206922,8.498249016016256,0.05589279617042677,4.800112409687794,6.096958909419199,1.3631043263345393,0.0,3.3783775651441297,0.0,0.1429298282447918,0.16587014347205806,0.028132026657275214,44.559728280640016,0.3349740272817196,0.6099290780141846,18.744990674312632,1.822416576069419,0.7486401735188112,0.6103992254684207,0.6542214257268021,0.5219183090165841,0.091253417672698,0.5145501913064013,0.5099211426388928,Semiconductor Equipment & Materials,Technology,DQ
2019Q4,2019,Q4,2020-03-06,2019-12-31,20088000.0,118918000.0,30089000.0,0.282,35118000.0,0.2953127365075094,1201356021.0,566642953.0,174328361.0,445146337.0,634196601.0,39304208.0,200922577.0,708467200.0,1038823227.0,8.190109349762416,0.39162034259309203,0.3181371885761748,0.6744918029537376,0.02452417305079195,8.190109349762416,0.03545089530126037,5.957611126995072,8.81704500199124,1.2502885569283697,0.0,2.1320872309651935,0.0,0.09898647688219311,0.12920290524596634,0.01672110485889012,34.873787470629104,0.2953127365075094,3.0285714285714276,2.600393398068327,0.5535566988171986,0.7711893714390031,0.9429045643153527,3.0313064419024682,2.4137735420921262,2.694646402686778,0.9582901054348014,0.5931855390616906,Semiconductor Equipment & Materials,Technology,DQ
2019Q3,2019,Q3,2019-10-29,2019-09-30,4983000.0,83909000.0,8814000.0,0.07,18075000.0,0.21541193435745867,1042072000.0,527954000.0,129528000.0,304025000.0,514118000.0,21023000.0,180834000.0,628409542.09,912589542.09,7.744439964762662,0.4260439108625935,0.2986022079088585,0.5893789989279369,0.007962665120915756,7.744439964762662,0.009438322278077256,7.489179254787925,31.527671186534217,1.1902732853430413,0.0,3.1315226180849547,0.0,0.08052130754880661,0.11479319134939561,0.004781819298474577,-26.768169283097635,0.21541193435745867,3.1875,-0.4456624705185803,0.16318792107024552,0.6869523172803169,1.1093476485004083,3.2763819095477387,23.090225563909776,-0.6579432700922596,0.18786434146310874,0.4701986765728858,Semiconductor Equipment & Materials,Technology,DQ
2019Q2,2019,Q2,2019-09-11,2019-06-30,-2189000.0,65959000.0,-399000.0,-0.032,8569000.0,0.129914037508149,979399000.0,539414000.0,137175000.0,245860000.0,439985000.0,19871000.0,175851000.0,594188120.4,879423120.4,7.996050996108067,0.5579394777515659,0.3231420493588415,0.5867200332212363,-0.0006180007940634434,7.996050996108067,-0.0040581075018445946,9.008446465228399,-67.86068072179077,1.10154375006952,0.0,2.888128428362941,0.0,0.06734640325342378,0.18442609615228178,-0.0022350441444191796,-6.734230799918398,0.129914037508149,-1.3333333333333333,-1.2853581313274782,-0.1112883467061527,0.6115997695022065,-0.5327953764789269,-1.329569406805179,-1.0434687874496134,-1.0854970947977551,-0.2801830085163211,0.5801263271095611,Semiconductor Equipment & Materials,Technology,DQ
2019Q1,2019,Q1,2019-04-17,2019-03-31,6642000.0,81204000.0,9179000.0,0.096,18341000.0,0.2258632579675878,924062000.0,549263000.0,154961000.0,179558000.0,374799000.0,18882000.0,178040000.0,474573094.08,668738094.0799999,8.22205135662882,0.8630136223392998,0.2805829046102967,0.4720434473103049,0.009128136901958137,8.22205135662882,0.012092567677050884,5.844208340475839,17.86258258355917,0.8640179551143987,0.0,3.3292553754898844,0.0,0.08787722035967284,0.4021430401318794,0.007187829388071363,-35.8114317899185,0.2258632579675878,-0.43529411764705883,0.31126901514239574,0.0017933140981055706,1.0792707472017022,0.08283150312905892,-0.41639574729812845,-0.5468279437176006,-0.3769203185148258,0.09954054786125419,0.7012882047499558,Semiconductor Equipment & Materials,Technology,DQ
2018Q4,2018,Q4,2019-02-26,2018-12-31,11381000.0,75603000.0,20255000.0,0.17,16938000.0,0.2240387286218801,854929081.0,525131677.0,160068807.0,149853934.0,329797404.0,20461148.0,171398185.0,309750948.0,445058923.0,7.934168609421011,1.0681655311097806,0.23478832158243076,0.3822419648091425,0.025572871752311495,7.934168609421011,0.021672659446137353,4.0970721796754095,6.804124154292241,0.5898538625008524,0.0,2.867141178979791,0.0,0.08843189649317824,0.6495195915243707,0.013312215308768985,-8.524434601233262,0.2240387286218801,1.6115107913669067,1.7442344156695566,0.06969124240057119,1.0039751703121043,0.3184401027477232,1.6220485351989506,4.087917608641045,-0.06615191101468289,0.00665011827234839,0.7244148797866655,Semiconductor Equipment & Materials,Technology,DQ
2018Q3,2018,Q3,2018-10-15,2018-09-30,-18296000.0,67390000.0,3981000.0,-0.278,12847000.0,0.19063659296631547,815100000.0,507572000.0,192773000.0,153491000.0,304304000.0,17021000.0,160017000.0,346562663.23,406743663.23,7.735961165039665,1.2559238000925135,0.20918046865415285,0.3359188450111511,0.005996592383631565,7.735961165039665,-0.03604611759513921,5.1426422797150915,-4.73549769389484,0.6827852269825759,0.0,3.2044533223664886,0.0,0.08267697215065636,0.9899212331667655,-0.02244632560422034,-13.463449874907736,0.19063659296631547,-2.39,0.062752162557228,0.1999234833344734,0.8661553038734052,-0.5271623113728376,-2.3647620468446964,-0.8104827192230791,-5.752213830026857,0.1589832965036504,0.7289498230864396,Semiconductor Equipment & Materials,Technology,DQ
2018Q2,2018,Q2,2018-07-16,2018-06-30,13406000.0,66953000.0,21006000.0,0.2,27170000.0,0.4058070586829567,877837000.0,540179000.0,253917000.0,206905000.0,334400000.0,33657000.0,178313000.0,448890742.12,511224742.12,8.553511961210326,1.2272153887049613,0.2536142814668327,0.41214486309167886,0.02083319498441245,8.553511961210326,0.02481769931818897,6.7045650250175495,8.371079034014619,0.8310036897398825,0.0,1.1820126570995633,0.0,0.076270423780269,0.9233464633527464,0.015271627876245818,101.26116447552448,0.4058070586829567,-0.6415770609318997,1.216081245813734,0.3166667300078629,0.9337240632680233,-0.4121846739647787,-0.576215464373775,-0.4967537912364342,13.042684705751357,0.6222533337983255,0.8915178178756842,Semiconductor Equipment & Materials,Technology,DQ
2018Q1,2018,Q1,2018-04-02,2018-03-31,31634000.0,103274000.0,41741000.0,0.558,46222000.0,0.44756666731219863,799430000.0,438946000.0,169534000.0,224024000.0,357245000.0,19502000.0,164907000.0,531262475.6999999,718547475.6999999,8.088810214457238,0.7567671320929901,0.31231127178114404,0.5687966173515648,0.051221442161432616,8.088810214457238,0.07206809038013788,5.144203533319131,4.198508532749573,1.210313969599905,0.0,2.9254435442518716,0.0,0.12918454398759116,0.5316751776595364,0.039570694119560185,52.42894263298134,0.44756666731219863,-0.07615894039735088,2.0799190824373044,3.5427028529502986,0.5161223212705418,-0.014309171944639924,-0.06163977218794495,-0.042110335964751236,23.232560397208086,1.2257609647893863,0.664392096573295,Semiconductor Equipment & Materials,Technology,DQ
2017Q4,2017,Q4,2018-01-08,2017-12-31,33712000.0,103675000.0,43576000.0,0.604,46893000.0,0.4523076923076923,748781233.0,391735587.0,142362550.0,216511379.0,354253166.0,25911979.0,133273480.0,634826332.8,803914946.8,7.335789991123695,0.6575291823345691,0.3068522672228886,0.5865313916450485,0.060214413214401644,7.335789991123695,0.08605804812928573,6.123234461538461,4.707717821547223,1.6205480274632287,0.0,2.1913416956690184,0.0,0.13845833126001972,0.4615530022558306,0.045022495909696494,36.407656898563346,0.4523076923076923,0.3603603603603603,1.2934939502652292,10.017002180555723,0.2755745094296304,0.28681979089487114,0.39831598158364095,0.329833984375,6.828371557055861,0.7547983226165804,0.5864346504438088,Semiconductor Equipment & Materials,Technology,DQ
2017Q3,2017,Q3,2017-10-23,2017-09-30,24109000.0,89366000.0,32768000.0,0.444,36441000.0,0.40777253094017857,709377000.0,346036000.0,124228000.0,217898000.0,360993000.0,17310000.0,99560000.0,306755474.7,512185474.7,6.547211409883274,0.5701199643870067,0.34725258924380126,0.7118710192003144,0.047149747765597806,6.547211409883274,0.06967194164768983,3.4325747454289104,3.180922836907379,0.8864842811152598,0.0,3.057481224725592,0.0,0.12597814702196433,0.348240920063516,0.03398615968659824,18.340037946909003,0.40777253094017857,0.9473684210526315,1.2059469745292613,-0.43811017736556873,-0.8336355351694111,0.5030315528975047,0.9883711340206186,0.6219373360392021,2.459423572219097,0.5979191678564632,0.4261629646405559,Semiconductor Equipment & Materials,Technology,DQ
2017Q2,2017,Q2,2017-08-08,2017-06-30,12125000.0,76002000.0,20203000.0,0.228,24245000.0,0.31900476303255176,670631000.0,314404000.0,90248000.0,207506000.0,354160000.0,15981000.0,75451000.0,218597194.8,433537194.8,5.971739066433802,0.4349175445529286,0.3658986834786939,0.7804703502499968,0.029443018988820218,5.971739066433802,0.038565030979249626,2.876203189389753,4.5071586556701035,0.6952748527372425,0.0,3.238658406858144,0.0,0.11332908857479002,0.22247549468449104,0.01807998735519235,7.792292974013475,0.31900476303255176,-0.4672897196261682,1.229015338498614,-0.6679792344598947,-0.8551084967767283,-0.32453892015378616,-0.4703852537782825,-0.37181679674139484,1.0252827196262335,0.31211304198840595,0.20360079089995436,Semiconductor Equipment & Materials,Technology,DQ
2017Q1,2017,Q1,2017-05-12,2017-03-31,22894000.0,83808000.0,32161000.0,0.428,35894000.0,0.4282884688812524,695983000.0,296031000.0,110035000.0,245550000.0,398052000.0,16268000.0,63326000.0,197449607.25,412587607.25,5.628273408480026,0.4481164732233761,0.37326917467811715,0.8775736324911918,0.04802527963634422,5.628273408480026,0.07733649516435778,2.3559756496993125,2.156128322377042,0.666989630308988,0.0,2.945291369559872,0.0,0.12041673431678647,0.28433720219914477,0.0328944816180855,15.606197221783118,0.4282884688812524,4.487179487179487,1.2229019784173847,-0.6710448150764989,-0.8676143692698468,1.532204585537919,4.544683942843304,2.367291383101246,4.7405401642304845,0.3131802327318849,0.4233314470932766,Semiconductor Equipment & Materials,Technology,DQ
2016Q4,2016,Q4,2017-02-10,2016-12-31,4129000.0,46116000.0,9551000.0,0.078,14175000.0,0.3073770491803279,656708076.0,270099761.0,73302858.0,249750421.0,384979154.0,18013614.0,40432352.0,202809437.29999998,430483681.29999995,5.140712835358771,0.29350444218070004,0.37103506246510665,0.9021175031695048,0.014232749731711814,5.140712835358771,0.015286944293149522,4.397810679590597,12.279573583192056,0.7508686292395498,0.0,1.7731589008180146,0.0,0.07022298291333941,0.14165437983385823,0.006287420774767509,9.09788638300436,0.3073770491803279,-0.6285714285714287,1.014011074709137,-0.8386590085228894,-0.8838870281740866,-0.2960719074340766,-0.6312075741336192,-0.4193214980544747,1.3401262450207176,-0.17806594014501215,0.29841718608441364,Semiconductor Equipment & Materials,Technology,DQ
2016Q3,2016,Q3,2016-11-14,2016-09-30,11196000.0,54289000.0,16448000.0,0.21,20137000.0,0.3709222862826724,664298000.0,275988000.0,76211000.0,233445000.0,386672000.0,14905000.0,36304000.0,222147825.20000002,442562825.20000005,5.26761456677092,0.32646233588211354,0.36436207846478535,0.8770127686711017,0.02666141560102932,5.26761456677092,0.040566981173094485,4.091949109396011,4.960428394069311,0.804918421090772,0.0,2.2913116403891314,0.0,0.08172386489196114,0.1932832144616505,0.016853881842185284,-14.996815310875583,0.3709222862826724,-0.4385026737967915,-0.8755227562790798,-0.8777304309434365,-0.8935961083764232,-0.31462509785235354,-0.4357992340253981,-0.37079683256187596,1.7182379548345803,0.21053431456211888,0.27071305721710653,Semiconductor Equipment & Materials,Technology,DQ
2016Q2,2016,Q2,2016-06-30,2016-06-30,19844000.0,71021000.0,26141000.0,0.374,29381000.0,0.4136945410512384,662700000.0,264585000.0,89474000.0,253824000.0,396606000.0,9539000.0,25107000.0,236016859.85000002,460311859.85,5.060387172166675,0.3525040973272819,0.38321110608118303,0.9598200956214449,0.04422329962607612,5.060387172166675,0.0750004724379689,3.3231982068683914,2.9734032938167707,0.8920266071394827,0.0,4.365237446273194,0.0,0.10716915648106232,0.23257060010085728,0.029944167798400482,12.888644596439494,0.4136945410512384,1.3670886075949367,-0.8961432378373293,-0.8650031855020388,-0.8926109447332352,0.7555568833652008,1.3836636636636637,0.9640120210368144,1.386330356454156,0.6869583480362553,0.14402043144940987,Semiconductor Equipment & Materials,Technology,DQ
2016Q1,2016,Q1,2016-04-07,2016-03-31,8325000.0,57676000.0,13310000.0,0.158,16736000.0,0.29017268881337127,672441000.0,252134000.0,98005000.0,278829000.0,418929000.0,10868000.0,5264000.0,194180443.39,447256443.39,4.832838629970542,0.3514878294581984,0.4006671217251774,1.0685786129597754,0.02253313124390996,4.832838629970542,0.03301815701174772,3.366746018968028,5.831244546246246,0.7701477920074246,0.0,3.7670224512329775,0.0,0.0857710936721586,0.20986697940314672,0.012380268306067001,35.93272453552923,0.29017268881337127,-0.13186813186813184,-0.9679509080996517,-0.9110054000970746,-0.8871013969029242,-0.010582323381613952,-0.13452541844266555,-0.06661991584852735,1.295609697869325,1.638856625744011,-0.09415917449751428,Semiconductor Equipment & Materials,Technology,DQ
2015Q4,2015,Q4,2016-01-06,2015-12-31,9619000.0,59277000.0,14260000.0,0.182,16915000.0,0.2853551967879616,660851404.0,240354463.0,88776027.0,275393602.0,419194914.0,16768254.0,-3061404.0,173954937.6,422103313.6,4.601078720918124,0.32236052818685307,0.3974242702827034,1.0927127531640635,0.026851487303714203,4.601078720918124,0.040020059872988505,2.9346110228250417,4.521128433309076,0.7237433223779997,0.0,2.526321464357589,0.0,0.08969792549612257,0.1660675726228382,0.014555465785164617,-14.734671429965413,0.2853551967879616,2.1379310344827585,-0.977562301944752,-0.944573920609618,-0.9301493657853009,0.9728248192209004,2.120012974375608,1.14371617558629,1.0856048104373994,5.439160007936853,-0.1999472804723474,Semiconductor Equipment & Materials,Technology,DQ
2015Q3,2015,Q3,2015-11-19,2015-09-30,3083000.0,46562000.0,6652000.0,0.058,8574000.0,0.18414157467462738,717361000.0,235087000.0,131592000.0,309829000.0,479758000.0,12157000.0,-12681000.0,168025494.39,451426494.39,4.474369968256101,0.42472460615371704,0.43402972840731513,1.3244288284762662,0.010304832972591351,4.474369968256101,0.013114293857167772,3.608639972295004,13.625161724781057,0.7147374988408546,0.0,3.124784075018508,0.0,0.06490734790433268,0.20091728017712995,0.004297696696642276,14.218963729372936,0.18414157467462738,4.222222222222222,-0.9867491215289568,-0.9439216323048673,0.0,1.3876357560568087,4.329373650107992,4.416938110749186,1.026492194823266,-0.7055044958983265,-0.8863063801331785,Semiconductor Equipment & Materials,Technology,DQ
2015Q2,2015,Q2,2015-07-02,2015-06-30,-926000.0,34331000.0,1228000.0,-0.018,3591000.0,0.10459934170283418,778171000.0,237554000.0,180152000.0,413263000.0,540617000.0,10516000.0,-15765000.0,247428216.3,497269216.3,4.522036155502124,0.4359257905982389,0.3964154408221329,1.2985636949914545,0.0018863461482672506,4.522036155502124,-0.0038980610724298477,7.207136882118203,-66.80027437904967,1.0415661967384258,0.0,2.923164701407379,0.0,0.04411755256877987,0.27672208738745063,-0.0011899698138326923,24.83221761340827,0.10459934170283418,-1.7499999999999998,-1.0060017613571273,-0.9501900591238903,-0.8584482668549336,-0.5759829968119022,-1.7860780984719864,-0.6991670749632533,0.9824711779408916,-0.8496907866535297,-0.8902824438724244,Semiconductor Equipment & Materials,Technology,DQ
2015Q1,2015,Q1,2015-04-10,2015-03-31,1178000.0,41870000.0,4082000.0,0.024,8469000.0,0.20226892763315021,716872000.0,237983000.0,128233000.0,376016000.0,478889000.0,9398000.0,-14840000.0,259631066.52999997,501880066.53,4.859918664064042,0.34103070082124165,0.35862329676706584,1.0802746414659872,0.006972693326189045,4.859918664064042,0.004949933398604102,6.200885276570336,55.09997167444821,1.0909647602139647,0.0,3.554054054054054,0.0,0.05840652166635048,0.22464735543168377,0.0016432501199656285,-10.421509514309797,0.20226892763315021,-0.6923076923076923,-0.9846897223804295,-0.924166718943682,0.0,-0.3257702412228326,-0.6733222407099279,-0.4638119006961776,1.0123192028685242,-0.823477815967565,-0.8856872523872088,Semiconductor Equipment & Materials,Technology,DQ
2014Q4,2014,Q4,2014-12-31,2014-12-31,3606000.0,49472000.0,7613000.0,0.078,12561000.0,0.25390119663648125,710131219.0,206768070.0,121949234.0,396067715.0,503363149.0,15967172.0,-16018293.0,235561622.76,514574982.76,4.624073225500648,0.3078999609953061,0.4028577188915278,1.3835881091311633,0.01544689326139741,4.624073225500648,0.0174398300472602,4.761514043499353,16.33122731281198,1.139255315194459,0.0,2.3116804904462733,0.0,0.06966599788369535,0.19191061306271834,0.005077934758421035,-34.56953082267168,0.25390119663648125,-0.390625,-0.96764334428981,-0.8604679480926111,-0.6476603175029626,0.08359213250517598,-0.38808756151366025,-0.19481755684822846,1.014377864041097,-0.7966263687374804,-0.8955563359889473,Semiconductor Equipment & Materials,Technology,DQ
2014Q3,2014,Q3,2014-11-14,2014-09-30,5893000.0,47291000.0,9455000.0,0.128,11592000.0,0.24512063606182993,656596454.0,205169648.0,108990666.0,303219878.0,451426806.0,17473172.0,-19624288.0,382649479.2,645131078.2,4.590787709547208,0.3594443303614811,0.4189689790801094,1.3408101475126575,0.019687121807631172,4.590787709547208,0.028722572063875646,8.091380584043476,16.233220736466993,1.8650394097278948,0.0,2.0430749494138785,0.0,0.07202445232821802,0.2167939035975735,0.008975071315264824,-11.817505447672051,0.24512063606182993,0.11304347826086954,-0.9084125814192838,-0.8604182059492642,-0.5726563656157423,0.14908802537668517,0.30404956848860365,0.13328538894881936,-0.923190697597295,-0.8751365462987971,-0.9072677638574932,Semiconductor Equipment & Materials,Technology,DQ
2014Q2,2014,Q2,2014-07-01,2014-06-30,4519000.0,43722000.0,8343000.0,0.115,10088000.0,0.2307305246786515,668820000.0,197175000.0,158640000.0,326907000.0,471645000.0,12070000.0,-25518000.0,254180333.94,472373333.94,4.961561268141593,0.4852756288485716,0.41492927843066896,1.4074451629263345,0.01757575502224619,4.961561268141593,0.022918727019145428,5.8135568807465345,14.061757797078998,1.2891103534423736,0.0,2.7865782932891467,0.0,0.06537184892796268,0.33576827660466124,0.0067566759367243805,-83.7221126284585,0.2307305246786515,0.5540540540540542,-0.9612827142344903,-0.9161458774853591,-0.8446899643302629,0.11803169677490857,0.7182509505703422,0.2595108695652174,-0.9688831315277304,-0.890658572427121,-0.8947081796103431,Semiconductor Equipment & Materials,Technology,DQ
2014Q1,2014,Q1,2014-04-10,2014-03-31,2630000.0,42087000.0,6624000.0,0.074,9023000.0,0.21438924133342838,615321000.0,137157000.0,109874000.0,319460000.0,478164000.0,12371000.0,-30037000.0,297116592.62,574459592.62,3.954295691262966,0.3439366430852063,0.4648711810583419,2.085529721414146,0.015652099942816907,3.954295691262966,0.01917510590053734,7.059581168056645,28.2430221121673,2.1662517598081035,0.0,2.6727022876081157,0.0,0.06839844568932313,0.18525323984223377,0.004274191844581934,27.457406211995195,0.21438924133342838,1.3189655172413792,-0.9517428552795507,-0.8923849642976697,0.0,8.41858037578288,1.3281756925380583,2.62671905697446,-0.9847711356384109,-0.9023219962073206,-0.9076247948756577,Semiconductor Equipment & Materials,Technology,DQ
2013Q4,2013,Q4,2013-12-31,2013-12-31,-8014000.0,37039000.0,-4072000.0,-0.232,958000.0,0.025864629174653743,610199543.0,137326561.0,91144427.0,299123874.0,472872982.0,16765061.0,-32667469.0,251815278.0,499298984.0,3.9592150276918465,0.3047046221392546,0.4184119652806754,1.8591799586388826,-0.010446486640520006,3.9592150276918465,-0.058357246709178134,6.798652177434596,-7.8554803468929375,1.8336968184909253,0.0,2.1521544120835587,0.0,0.06069981602723029,0.1574158035944667,-0.013133408721677788,-13.956146772069271,0.025864629174653743,0.22147651006711402,-1.0463730920661236,-0.8834618930817151,-0.28150238100484637,1.2425930615345657,0.22201727987574021,0.18364073777064957,-1.028154303279931,-0.9478403980867527,-0.9398937298291958,Semiconductor Equipment & Materials,Technology,DQ
2013Q3,2013,Q3,2013-09-30,2013-09-30,-10301000.0,29636000.0,-4988000.0,-0.298,-3949000.0,-0.13325010122823594,625474000.0,143525000.0,92580000.0,327516000.0,491451000.0,11780000.0,-24653000.0,183223381.32,440166381.32,4.145400518907965,0.2826732129117356,0.42801779130707274,1.8652778261626894,-0.013443941842366754,4.145400518907965,-0.07177146838529873,6.182459890673505,-4.446737727405106,1.276595584880683,0.0,2.851018675721562,0.0,0.04738166574469922,0.14101601143150258,-0.01646910982710712,43.34596198722498,-0.13325010122823594,0.6965376782077393,-1.2066539017865443,-0.8870894014754478,-0.6141162179979691,0.6136763842692232,0.6967350663879648,0.9714893227856783,-1.0671871466803373,-0.9458349700155573,0.0,Semiconductor Equipment & Materials,Technology,DQ
2013Q2,2013,Q2,2013-09-12,2013-06-30,-33967000.0,27840000.0,-174952000.0,-0.982,-10222000.0,-0.36716954022988507,636712000.0,152939000.0,88335000.0,321540000.0,492580000.0,13311000.0,-14355000.0,69012668.06,332062668.06,4.423336361008385,0.2747247620824781,0.42362795109876994,1.7636377902300917,-0.4142429289442274,4.423336361008385,-0.22209508366080594,2.4789033067528736,-0.5079390883798981,0.4512430973133079,0.0,2.859439561265119,0.0,0.04372463531392529,0.13732350562915968,-0.053347510334342686,-10.208974565088758,-0.36716954022988507,-0.8185185185185184,-1.334491405910127,-0.9386296161352206,-0.861537832371709,0.20704367388100225,-0.8199207029575654,-9.525961133505806,-1.334491405910127,-0.9386296161352206,-0.861537832371709,Semiconductor Equipment & Materials,Technology,DQ
2013Q1,2013,Q1,2013-04-02,2013-03-31,-18664000.0,14485000.0,-16621000.0,-0.54,-12891000.0,-0.8899551259924059,812890000.0,184467000.0,97592000.0,286106000.0,492342000.0,19305000.0,19612000.0,41490582.0,348108582.0,5.335196310333752,0.3411043459417139,0.3840089064941136,1.6922105308808622,-0.03346797577241535,5.335196310333752,-0.10117798847490338,2.8643826026924404,-0.5557568313330475,0.2249214331018556,0.0,1.418078218078218,0.0,0.01781913912091427,0.1597135327466044,-0.02296005609615077,-1.458163421663035,-0.8899551259924059,0.7490706319702602,-1.3435509503887322,-0.9628444205419611,0.0,-0.16639522258414766,0.7530955656683247,0.7026069530676877,-1.3435509503887322,-0.9628444205419611,0.0,Semiconductor Equipment & Materials,Technology,DQ
2012Q4,2012,Q4,2013-02-21,2012-12-31,-75592000.0,6193000.0,-55889000.0,-2.152,-11052000.0,-1.784595511060875,816307804.0,202105283.0,96511143.0,260311121.0,475430391.0,19111382.0,38276015.0,55947369.440000005,378403067.44,5.750969415658732,0.3707530536123349,0.4031992838818922,1.6285310166780746,-0.140527865215948,5.750969415658732,-0.3740228799461912,9.033968906830292,-0.18503072229865594,0.276822894530669,0.0,0.9023418609915285,0.0,0.007586599037340576,0.17554255778415245,-0.09260232430657983,-14.230073447927056,-1.784595511060875,0.021818181818181837,-1.4317192358844046,-0.9807682575980751,0.043655826512071685,-0.024091919940696812,-3.8634111818825194,-2.5689016602809707,-1.863049895966151,-0.977775205393852,-0.5617944095718804,Semiconductor Equipment & Materials,Technology,DQ
2012Q3,2012,Q3,2012-09-30,2012-09-30,-15543000.0,21117000.0,-15660000.0,-2.2,-10792000.0,-0.511057441871478,915563000.0,276167000.0,131657000.0,243784000.0,498170000.0,12717000.0,113869000.0,5670055.968,338883055.968,39.354626701984614,0.5400559511698881,0.3903335980156472,1.29405396010385,-0.017732740828904105,39.354626701984614,-0.05628116320921761,0.26850669924705217,-0.09119951051920479,0.02053125814452849,,2.5091609656365494,,0.023064496927027413,0.24289945197387852,-0.016976439633318515,0.0,-0.511057441871478,-1.2000000000000002,-2.538452679292989,-0.6030530982893859,2.6634125271544353,-0.8153069806560135,-1.1990662139219015,-1.2904782799473453,-2.538452679292989,-0.6030530982893859,2.6634125271544353,Semiconductor Equipment & Materials,Technology,DQ
2012Q2,2012,Q2,2012-06-30,2012-06-30,-7068000.0,30559000.0,-6837000.0,-1.0,-5945000.0,-0.19454170620766387,936499000.0,289684000.0,178043000.0,248904000.0,508581000.0,17648000.0,129411000.0,5974279.399999999,283205279.4,41.21524681286248,0.7153079098769003,0.3666261256018426,1.1852397785172808,-0.008114040801841792,41.21524681286248,-0.02439900028997114,0.19549983310972216,-0.21131435342388227,0.020623435881857475,,2.0684496826835903,,0.03263110798836945,0.43084080609391573,-0.007547258459432418,0.0,-0.19454170620766387,0.4879006193078324,-1.3423938777454083,-0.6686168481149902,0.2901466104519774,0.4578203374373005,0.4850273224043716,0.4348652669862787,-1.3423938777454083,-0.6686168481149902,0.2901466104519774,Semiconductor Equipment & Materials,Technology,DQ
2012Q1,2012,Q1,2012-03-31,2012-03-31,-13725000.0,34045000.0,-12098000.0,-1.952745966316875,-10965000.0,-0.3220737259509473,919158000.0,298814000.0,206250000.0,229866000.0,479868000.0,19258000.0,136480000.0,14830270.04,232311270.04,42.51423192561098,0.8972618830101016,0.3446523883815405,1.0601578239306058,-0.01771251946577241,42.51423192561098,-0.04593158285756357,0.43560787310912025,-0.2701324233151184,0.04963043913605118,,2.337210509917956,,0.03703933382508774,0.6466898105852975,-0.014932144419131422,0.0,-0.3220737259509473,0.6518445718497426,-2.2427977510369925,-0.5704036777474721,0.0,0.020715987452304,0.6518445718497425,0.7573908847556168,-2.2427977510369925,-0.5704036777474721,0.0,Semiconductor Equipment & Materials,Technology,DQ
2011Q4,2011,Q4,2012-01-31,2011-12-31,-39422048.0,38236018.0,-49866222.0,-5.6088338955155,-11196956.0,-0.2928379205177694,878476642.0,311178231.0,179452895.0,217840943.0,426450415.0,24176109.0,150204956.0,11737701.879999999,200649895.88,44.27337234177565,0.8237794627982308,0.32056548636155996,0.9049774821812648,-0.06290994700384638,44.27337234177565,-0.126686394074912,0.30698023732492224,-0.07443614979110166,0.037720189623418734,,2.0447034715139645,,0.04352536672227194,0.5753251811804726,-0.04487546522608623,0.0,-0.2928379205177694,-4.2993140561855885,-2.125731323391253,-0.4063093422805088,7.034499866756808,-1.5640215595406004,-4.2672010608320905,-3.909687361419069,-2.125731323391253,-0.4063093422805088,7.034499866756808,Semiconductor Equipment & Materials,Technology,DQ
2011Q3,2011,Q3,2011-09-30,2011-09-30,12066000.0,59564000.0,17138000.0,1.7,19852000.0,0.333288563561883,755627000.0,347955000.0,145401000.0,193305000.0,268819000.0,28506000.0,189627000.0,24599974.0,122964974.0,49.50584500617765,0.7521843718475983,0.20857645372650793,0.4529493756376543,0.027504870746290908,49.50584500617765,0.03467689787472518,0.41300070512390036,0.509696129620421,0.0706987225359601,,1.3931102224093173,,0.07882725207013513,0.497519464059388,0.01596819594853016,0.0,0.333288563561883,-0.5342465753424658,0.19240008326765762,0.11787548648745362,3.6083611499191584,-0.3976210705182668,-0.5302316527155928,-0.47498698036332443,0.19240008326765762,0.11787548648745362,3.6083611499191584,Semiconductor Equipment & Materials,Technology,DQ
2011Q2,2011,Q2,2011-06-30,2011-06-30,25685000.0,70721000.0,32643000.0,3.65,32956000.0,0.46600019796100167,722911000.0,331200000.0,211186000.0,168185000.0,254904000.0,15016000.0,177561000.0,55103941.76,91760941.75999999,47.12200102325311,1.2556767844932664,0.22511208157020712,0.49135265700483094,0.056448412631112645,47.12200102325311,0.07755132850241546,0.7791736791052163,0.536343602881059,0.16637663574879227,,2.5149840170484814,,0.09782808672160197,0.9721140410857092,0.03552996150286827,0.0,0.46600019796100167,-0.27,0.2442539261305617,-0.23309833815047049,0.47504369375490174,-0.2593824441547935,-0.266038005429347,-0.24943091674139478,0.2442539261305617,-0.23309833815047049,0.47504369375490174,Semiconductor Equipment & Materials,Technology,DQ
2011Q1,2011,Q1,2011-03-31,2011-03-31,34995000.0,87311000.0,43491000.0,5.0,44498000.0,0.5096494141631639,683041000.0,300871000.0,229594000.0,168483000.0,247863000.0,14115000.0,151876000.0,90527904.32000001,65345904.32000001,42.80689483655552,1.3627131520687548,0.21407060483924098,0.4859856882185388,0.0820824950335839,42.80689483655552,0.11631230660316215,1.0368442042812476,0.6467202766109444,0.300886108398616,,3.033156216790648,,0.12782688008479726,1.1527572514734423,0.051234113325554394,0.0,0.5096494141631639,-0.3907284405069931,2.1687947029172725,0.10173254493142785,0.0,-0.027851514488623746,0.06607291122288875,0.053751145464638446,2.1687947029172725,0.10173254493142785,0.0,Semiconductor Equipment & Materials,Technology,DQ
2010Q4,2010,Q4,2010-12-31,2010-12-31,32826085.0,81891631.0,41272553.0,8.20652125,45772843.0,0.5589440879495977,650970939.0,263480999.0,241738269.0,171009849.0,254548105.0,11239762.0,116881004.0,40640000.0,-8393990.0,65.87024975,1.4135926697414953,0.23749417790830138,0.586766440793706,0.08362905689452187,65.87024975,0.12458615659036575,0.49626560740987075,0.3095099522224475,0.15424262149544984,0.0,3.2134833459996752,0.0,0.1257992117525234,1.2848348635171298,0.050426344761912635,0.5023485784919653,0.5589440879495977,1.5250834615384614,0.6471049418288858,1.2342598993012466,10.953788131477742,0.7021621732178052,0.8532199514480889,0.7177572314479543,0.6471049418288858,1.2342598993012466,10.953788131477742,Semiconductor Equipment & Materials,Technology,DQ
2010Q3,2010,Q3,2010-09-30,2010-09-30,17713000.0,63212000.0,24027000.0,3.25,26891000.0,0.42540973232930457,,,,,,,,41000000.0,,,0.0,0.0,0.0,0.0,,0.0,0.6486110232234386,0.5786710325749449,0.0,,0.0,,0.0,0.0,0.0,0.0,0.42540973232930457,0.5853658536585368,2.0757951780533435,1.084566343948896,0.0,0.3855626545754328,0.5077459993190331,0.45750682438580526,2.0757951780533435,1.084566343948896,0.0,Semiconductor Equipment & Materials,Technology,DQ
2010Q2,2010,Q2,2010-06-30,2010-06-30,11748000.0,52481000.0,16485000.0,2.05,19408000.0,0.3698100264857758,516412344.0,127784692.0,130049620.0,130540283.0,259663893.0,7352233.0,67441919.0,41000000.0,155122371.0,31.946173,0.9962412905141319,0.3437300464684477,1.3891056606373477,0.04566193711742484,31.946173,0.0919358947940337,0.7812351136601818,0.8724889342866872,0.3208522034861578,0.0,4.498361246168341,0.0,0.1016261532276618,0.8828790266986015,0.022749262554421047,-2.949640287769784,0.3698100264857758,0.6399999999999999,0.0,0.0,0.0,0.3735314932767162,0.8692124105011934,0.5546020369671822,0.0,0.0,0.0,Semiconductor Equipment & Materials,Technology,DQ
2010Q1,2010,Q1,2010-03-31,2010-03-31,6285000.0,45101000.0,10604000.0,1.25,14130000.0,0.3132968226868584,,,,,,,,41000000.0,,,0.0,0.0,0.0,0.0,,0.0,0.9090707523114787,1.6308671439936355,0.0,,0.0,,0.0,0.0,0.0,0.0,0.3132968226868584,-0.498458713472372,0.0,0.0,0.0,0.7483363274469378,-0.36956260283477155,0.23207212478645844,0.0,0.0,0.0,Semiconductor Equipment & Materials,Technology,DQ
2009Q4,2009,Q4,2009-12-31,2009-12-31,9969269.0,31716606.0,8606639.0,2.49231725,8081969.0,0.25481821730862375,523923458.0,52495628.0,120916743.0,142674843.0,343431512.0,4717488.0,51609747.0,41000000.0,148347044.0,13.123907,0.8474986932349384,0.36028445971968676,3.595756202783211,0.05195937878551028,13.123907,0.18990665279782917,1.2926982161962728,1.0281596373816375,0.7810174211079063,0.0,5.010004688936146,0.0,0.06053671679652107,0.6877518904997147,0.01902810200187677,-1.4857863696495157,0.25481821730862375,0.7311256997073716,-0.4997748821913574,-0.1346717599538675,1.3816579461992653,-0.1562517682554431,0.7311256997073714,0.06381001857635805,-0.4997748821913574,-0.1346717599538675,1.3816579461992653,Semiconductor Equipment & Materials,Technology,DQ
2009Q3,2009,Q3,2009-09-30,2009-09-30,5758836.0,30323813.0,8090391.0,1.439709,9578650.0,0.3158788111508272,476257029.0,42970456.0,72641159.0,163159228.0,305368148.0,6600591.0,42343218.0,41000000.0,204870704.0,10.742614,0.44521636863837083,0.36485477256861654,4.043816756331373,0.032154507198591885,10.742614,0.1340184986633607,1.3520727093258358,1.7798735716731646,0.9541439355449242,0.0,3.1429250804965796,0.0,0.06367110856856247,0.1282126500377901,0.012091865629976875,-8.272585318098056,0.3158788111508272,0.0,0.0,0.0,0.0,0.0,0.0,0.0,0.0,0.0,0.0,Semiconductor Equipment & Materials,Technology,DQ
2008Q4,2008,Q4,2008-12-31,2008-12-31,19929565.0,36652688.0,23486407.0,4.98239125,26391480.0,0.7200421426117506,350105228.0,22041632.0,33948359.0,154324344.0,279052340.0,4808827.0,21477485.0,41000000.0,134217348.0,5.510408,0.21998058193592582,0.27569258405932745,4.379050289924085,0.18533622791244306,5.510408,0.9041782840762427,1.1186082723318955,0.5143112757353209,1.8601163471017028,0.0,2.1338276465341757,0.0,0.10469049036879849,0.03722511854642972,0.05692449985351261,-0.8891141504165153,0.7200421426117506,0.0,0.0,0.0,0.0,0.0,0.0,0.0,0.0,0.0,0.0,Semiconductor Equipment & Materials,Technology,DQ
