Quarters,Year,Quarter,FillingDate,Date,NetIncome,Revenue,OperatingIncome,EPSDiluted,GrossProfit,GrossProfitRatio,TotalAssets,CommonStockEquity,CurrentAssets,CurrentLiability,TotalLiability,Inventory,RetainedEarnings,MarketCap,EnterpriseValue,bookValuePerShare,currentRatio,debtToAssets,debtToEquity,roic,shareholdersEquityPerShare,roe,priceToSalesRatio,peRatio,pbRatio,payoutRatio,inventoryTurnover,dividendYield,assetTurnover,quickRatio,returnOnAssets,priceToFreeCashFlowsRatio,grossProfitMargin,epsdilutedGrowth,fiveYNetIncomeGrowthPerShare,fiveYRevenueGrowthPerShare,fiveYShareholdersEquityGrowthPerShare,grossProfitGrowth,netIncomeGrowth,operatingIncomeGrowth,threeYNetIncomeGrowthPerShare,threeYRevenueGrowthPerShare,threeYShareholdersEquityGrowthPerShare,Industry,Sector,Symbol
2023Q2,2023,Q2,2023-05-02,2023-03-31,-57635000.0,229878000.0,-78473000.0,-0.89,136079000.0,0.5919618232,14566909000.0,13119079000.0,876038000.0,355132000.0,1447830000.0,7603000.0,-68707000.0,14829860520.0,14613513520.0,202.4674208284462,2.466795445073944,0.004832116408498193,0.005365391884597996,-0.004170556939544797,202.4674208284462,-0.004393219981372168,64.51187377652494,-64.3266267025245,1.1304040870551966,0.0,12.337103774825726,0.0,0.015780835865728274,2.3807598301476633,-0.003956570333486672,114.65175473725715,0.5919618232279731,0.12745098039215685,-2.6886441368236627,1.024497779256841,53.198552447777985,-0.0912314678776546,0.1293412088161095,-0.3212054886774981,-2.38582170895588,0.8220260566016728,34.64790149590413,Software—Application,Technology,AZPN
2023Q1,2023,Q1,2023-01-30,2022-12-31,-66197000.0,242838000.0,-59395000.0,-1.02,149740000.0,0.6166250752,14900653000.0,13147065000.0,1045397000.0,605203000.0,1753588000.0,0.0,-11072000.0,13273153400.0,13163697400.0,203.4488014732053,1.7273493356774503,0.0225917615825293,0.025605106538987978,-0.01743819854547877,203.4488014732053,-0.005035116202741829,54.65846943229643,-50.12747329939424,1.0095906120491533,0.0,0.0,0.0,0.016297138118711977,1.688106304826645,-0.00444255698055649,277.79145266947114,0.6166250751529826,-4.999999999999999,-2.946171083100019,1.1765271640442625,54.61573000387829,-0.06230235019318801,-4.887317680540733,-0.16087483386756313,-2.8229964344884233,1.05211394681428,34.33526017151881,Software—Application,Technology,AZPN
2022Q4,2022,Q4,2022-11-01,2022-09-30,-11244000.0,250819000.0,-51164000.0,-0.17,159689000.0,0.6366702682,14971403000.0,13170790000.0,1094991000.0,337533000.0,1800613000.0,0.0,55125000.0,15352942800.0,15315383800.0,204.3440282992522,3.2441005768324875,0.02303718629443079,0.026186660025708405,-0.0004039457986049523,204.3440282992522,-0.0008537073326656944,61.21124316738365,-341.35856456776946,1.1656812385589626,0.0,0.0,0.0,0.016753206095647816,3.002832315655062,-0.0007510318171249548,4198.234290401969,0.6366702682013723,-1.1504424778761062,-1.3665382379545703,1.314435112804543,56.79221453364313,-0.048915438767852676,-1.1966215507291995,-2.306737498084487,-1.2579624088549517,0.9862196500060605,34.56093103650328,Software—Application,Technology,AZPN
2022Q3,2022,Q3,2022-06-30,2022-06-30,57186000.0,238920000.0,39154000.0,1.13,167902000.0,0.7027540599,14969922000.0,13169357000.0,1042926000.0,300936000.0,1800565000.0,-12377000.0,66369000.0,9216878720.0,9119924720.0,262.4475776719345,3.465607305207752,0.02356531984602191,0.026787260759959654,0.003494410044210058,262.4475776719345,0.004342353237139824,38.57725899882806,40.29342286573637,0.6998731008658965,0.0,-5.737900945301769,0.0,0.015960002998011612,3.329485339075418,0.0038200599842804794,-5025.560916030534,0.7027540599363804,0.008928571428571237,0.5578079655162388,1.860100259413647,75.76793183461677,-0.035771918842710373,-0.23876841979154187,-0.5151567685373223,-0.24467641601023374,0.6742531871620779,44.93775201026812,Software—Application,Technology,AZPN
2022Q2,2022,Q2,2022-05-16,2022-03-31,75123000.0,187753000.0,80756000.0,1.12,174131000.0,0.9274472312,1381017000.0,774855000.0,695034000.0,170674000.0,606162000.0,0.0,1954519000.0,11012649780.0,11041724780.0,11.635507703396703,4.072289862544968,0.2275801094410858,0.40561395357841146,0.06133704568351257,11.635507703396703,0.09695104245310412,58.65498703083306,36.648728684956666,14.212529802350117,0.0,0.0,0.0,0.1359527073164197,3.9843912956865135,0.054396868394813384,136.57914698878858,0.9274472312026971,0.21739130434782614,1.3823233110773783,0.7887648179137055,4.529243796317557,0.1129426051386936,0.21432497090391828,0.1791090540086729,0.27160477125239696,0.32263617949711804,0.8993659576352548,Software—Application,Technology,AZPN
2022Q1,2022,Q1,2021-12-31,2021-12-31,61864000.0,171356000.0,68489000.0,0.92,156460000.0,0.9130698662,1303930000.0,691804000.0,587902000.0,172735000.0,612126000.0,0.0,1879396000.0,10163155000.0,10270925000.0,10.360224634968176,3.4034908964598953,0.2447746428105803,0.46135755213904517,0.054860498759739515,10.360224634968176,0.08942417216437025,59.31017880902915,41.07055395706711,14.69080115177131,0.0,0.0,0.0,0.13141502994792664,3.310301907546241,0.047444264646108306,249.71510356519815,0.9130698662433764,0.5862068965517243,0.9251279167974574,0.645512926671716,5.130886915247684,0.29159546629023336,0.5701921368562654,0.7174632629520036,0.1018514671498624,0.287041431348599,0.688246251895072,Software—Application,Technology,AZPN
2021Q4,2021,Q4,2021-09-30,2021-09-30,39399000.0,136020000.0,39878000.0,0.58,121137000.0,0.8905822673,1320174000.0,692246000.0,610122000.0,179990000.0,627928000.0,0.0,1817532000.0,8227722800.0,8304877800.0,10.331875643647109,3.389754986388133,0.24627056736460498,0.46965962966922165,0.03233844878109266,10.331875643647109,0.056914738402244286,60.489066313777386,52.2076880123861,11.885547623243761,0.0,0.0,0.0,0.10303187307127697,3.2924273570753932,0.029843793318153518,255.0757316468254,0.8905822673136303,-0.5827338129496403,0.3280877053007737,0.336750046082412,5.448697365683562,-0.3403776831512802,-0.5872072921577872,-0.6233625175908348,0.09660850968995341,0.26228734829418665,0.5502213781125276,Software—Application,Technology,AZPN
2021Q3,2021,Q3,2021-06-30,2021-06-30,95445000.0,197961000.0,105879000.0,1.39,183646000.0,0.9276877769,1454000000.0,800757000.0,768317000.0,141530000.0,653243000.0,0.0,1778133000.0,9356571120.0,9306330120.0,11.770991356500264,5.428651169363386,0.22669325997248968,0.41162549937122,0.07644966927686,11.770991356500264,0.11919346318546076,47.26471941443012,24.507756089894702,11.684657293036464,0.0,0.0,0.0,0.13614924346629986,5.235370592807179,0.06564305364511692,91.33084541275001,0.9276877768853461,0.5274725274725273,2.32792228225648,1.023479259709553,13.400689350809406,0.25209482447109516,0.5272421793743499,0.5367276738414201,1.6329417877937253,0.6483414303532534,3.956015917128407,Software—Application,Technology,AZPN
2021Q2,2021,Q2,2021-03-31,2021-03-31,62495000.0,162726000.0,68899000.0,0.91,146671000.0,0.9013372172,1372661000.0,732888000.0,686738000.0,126646000.0,639773000.0,0.0,1682688000.0,9802893600.0,9818862600.0,10.790459363957597,5.422500513241634,0.24264403228473747,0.45445961729486634,0.05153836146973942,10.790459363957597,0.08527223805001583,60.24171675085727,39.214711576926156,13.375704882601436,0.0,0.0,0.0,0.1185478424753089,5.250604045923282,0.04552835696504818,99.57432959531936,0.9013372171625923,-0.5185185185185185,1.3045744680303324,0.6696398364759978,26.285069931376704,-0.3314995692857436,-0.5161127973240832,-0.5389921915250948,0.7468178889708165,0.3671852468395977,3.7819110686573376,Software—Application,Technology,AZPN
2021Q1,2021,Q1,2020-12-31,2020-12-31,129152000.0,233718000.0,149453000.0,1.89,219403000.0,0.9387509734,1287889000.0,654132000.0,588724000.0,119141000.0,633757000.0,0.0,1620193000.0,8828345000.0,8949599000.0,9.650811448804957,4.941405561477577,0.2630203379328498,0.5178480795924981,0.11974021289963666,9.650811448804957,0.19744027199403177,37.773491986068684,17.08905979001487,13.496274452251228,0.0,0.0,0.0,0.181473713961374,4.816133824627962,0.1002819342350156,236.02045181125519,0.9387509733952883,2.9375,3.3277077403496063,1.4111048897565797,37.22532689931452,1.2049444751520024,2.948274280822965,3.3738074334211294,2.6200615372731755,0.9971547402222062,3.5433194848563,Software—Application,Technology,AZPN
2020Q4,2020,Q4,2020-09-30,2020-09-30,32711000.0,114971000.0,34170000.0,0.48,99505000.0,0.8654791208,1255979000.0,508042000.0,670432000.0,232108000.0,747937000.0,0.0,1491041000.0,8573814110.0,8718457110.0,7.501099971947024,2.8884484808795907,0.3679631586196903,0.9096767590081135,0.028217119980772157,7.501099971947024,0.06438640899768129,74.57371084882274,65.52699481825685,16.876191555028914,0.0,0.0,0.0,0.09153895089010246,2.816718941182553,0.0260442252617281,241.73379130483818,0.8654791208217725,-0.6643356643356644,0.10166975819415279,0.18358695443020046,10.983374767887348,-0.483651516016377,-0.678012816095914,-0.7204290518151248,0.014769681380970725,0.00959710735575165,3.0480313633648004,Software—Application,Technology,AZPN
2020Q3,2020,Q3,2020-06-30,2020-06-30,101591000.0,207867000.0,122223000.0,1.43,192709000.0,0.9270783722,1223306000.0,466353000.0,650440000.0,234498000.0,756953000.0,0.0,1458330000.0,7007558740.0,7187206740.0,6.895244995120797,2.773755000042644,0.3821153497162607,1.002339429573735,0.09867769738133292,6.895244995120797,0.21784142055481578,33.711742316000134,17.244536277819886,15.026297118277355,0.0,0.0,0.0,0.16992232523996448,2.7104452916442785,0.08304626969866902,70.42560264514638,0.9270783722283961,1.2343749999999998,3.1472460860524,1.2893519866213679,13.080953287706393,0.6566857516205017,1.3342983846878518,1.6470664674160223,1.053224153477187,0.8461680405580005,2.9643664169101807,Software—Application,Technology,AZPN
2020Q2,2020,Q2,2020-03-31,2020-03-31,43521000.0,132027000.0,46173000.0,0.64,116322000.0,0.8810470586,1130048000.0,385114000.0,541658000.0,236143000.0,744934000.0,0.0,1388064000.0,6446316420.0,6724833420.0,5.679644869185617,2.2937711471438917,0.41652124511525174,1.2222069309347363,0.04420289484733586,5.679644869185617,0.11300809630395156,48.82574337067418,37.029919004618456,16.738722612005795,0.0,0.0,0.0,0.11683309027581129,2.2335068157853506,0.038512523361839496,79.42041001885002,0.8810470585562045,0.14285714285714277,0.9903601209326224,0.5282384969098488,19.51703282629356,0.0651612548761057,0.1370607446113651,0.10835593749249862,0.3554815782142096,0.23536727002767846,2.7227311373794696,Software—Application,Technology,AZPN
2020Q1,2020,Q1,2019-12-31,2019-12-31,38275000.0,124732000.0,41659000.0,0.56,109206000.0,0.8755251259,1044555000.0,392178000.0,426866000.0,142251000.0,652377000.0,0.0,1344543000.0,8237026020.0,8537268020.0,5.757670963384913,3.0007943705140914,0.36448822704405226,0.9708040736604298,0.04294115073306925,5.757670963384913,0.09759598957616185,66.03779318859635,53.80160692357937,21.003284273977634,0.0,0.0,0.0,0.11941161547261753,2.8980182916113066,0.036642397958939456,177.07180059331873,0.875525125869865,-0.16417910447761191,0.6590307213354993,0.5280077946414024,12.728961871388279,-0.08132208323168423,-0.17304035951948837,-0.1193345171655674,0.16765436121335645,0.1742413787397096,3.295730882578621,Software—Application,Technology,AZPN
2019Q4,2019,Q4,2019-09-30,2019-09-30,46284000.0,134091000.0,47304000.0,0.67,118873000.0,0.8865099075,1021657000.0,393283000.0,407450000.0,417326000.0,628374000.0,0.0,1306268000.0,8423718280.0,8721002280.0,5.74630703817887,0.9763350474209611,0.3476969276381408,0.9032350749968852,0.052302152227694104,5.74630703817887,0.11768624629083892,62.82090729430014,45.500163555440324,21.41897381783601,0.0,0.0,0.0,0.13124855014941414,0.9430948467145589,0.04530287562264047,574.958588492253,0.8865099074509102,-0.5503355704697986,1.1287511515327562,0.6676398746170225,6.486398072015087,-0.3406164888866701,-0.5543830934385982,-0.5746922848691368,0.5273458190266068,0.2900662245433174,3.4742439673936505,Software—Application,Technology,AZPN
2019Q3,2019,Q3,2019-06-30,2019-06-30,103865000.0,195769000.0,111223000.0,1.49,180279000.0,0.9208761346,903065000.0,393285000.0,429040000.0,320755000.0,509780000.0,0.0,1259984000.0,8723966470.0,8872040470.0,5.713113206176732,1.3375941138875467,0.24361480070648292,0.5593907725949375,0.16094805337653034,5.713113206176732,0.2640960117980599,44.56255316214518,20.998330693688924,22.182301562480134,0.0,0.0,0.0,0.21678284508867024,1.2904023319979423,0.11501386943354022,102.74368708043811,0.9208761346280565,0.6931818181818181,4.156978029140706,1.5539965439199952,5.225665680467673,0.34915135005687603,0.6864760420218553,0.5702587849952704,2.578840710054485,0.977498628376614,7.018740473943256,Software—Application,Technology,AZPN
2019Q2,2019,Q2,2019-03-31,2019-03-31,61587000.0,147984000.0,70831000.0,0.88,133624000.0,0.9029624824,938667000.0,425285000.0,462652000.0,326766000.0,513382000.0,0.0,1224377000.0,7386607200.0,7541015200.0,6.125995707474468,1.4158510983394845,0.23437491677027103,0.5173001634198243,0.08979862866416109,6.125995707474468,0.14481347802062147,49.91490431397989,29.984441521749723,17.368605053082053,0.0,0.0,0.0,0.15765335310605358,1.3025528971802451,0.06561112726877583,82.89499483772501,0.902962482430533,0.06024096385542174,2.933355610434639,0.9017082821492863,5.5673789463307015,0.06317431017472391,0.04002229089619535,0.11093509834060039,1.221922072884212,0.4855077139161573,15.354924534556092,Software—Application,Technology,AZPN
2019Q1,2019,Q1,2018-12-31,2018-12-31,59217000.0,140423000.0,63758000.0,0.83,125684000.0,0.8950385621,952446000.0,432194000.0,466446000.0,328655000.0,520252000.0,0.0,1162790000.0,5787773040.000001,5953345040.000001,6.1366785937411255,1.4192572758667905,0.23098422377751598,0.509030666783898,0.08450985888814491,6.1366785937411255,0.13701485906791858,41.21670267691191,24.43459243122752,13.391608953386676,0.0,0.0,0.0,0.14743408025231877,1.314901644581704,0.06217360354287802,100.93075195312501,0.895038562058922,0.5660377358490565,2.355565954408723,0.8741428425676193,5.297022425690327,0.24511105387252086,0.5556402038564598,0.7236550419032171,0.9096747201541279,0.39417855611883,24.034662868874655,Software—Application,Technology,AZPN
2018Q4,2018,Q4,2018-09-30,2018-09-30,38066000.0,114169000.0,36990000.0,0.53,100942000.0,0.8841454335,939668000.0,473119000.0,459724000.0,275107000.0,466549000.0,0.0,1103573000.0,8030872440.0,8148824440.0,6.664774328055446,1.6710734368809228,0.18091496145447114,0.35931763467541994,0.051670304530836715,6.664774328055446,0.08045755930326197,70.34197058746244,52.74308070193874,16.97431817365187,0.0,0.0,0.0,0.12149929549585599,1.541269396998259,0.040510052486622934,1491.6182095096583,0.8841454335239863,0.0,2.3395147775915475,0.7156396575967164,5.601662407173252,-0.10601967886780088,0.001209889531825355,-0.27050053248136313,0.22316366863473325,0.12137218839834832,9.87029103854237,Software—Application,Technology,AZPN
2018Q3,2018,Q3,2018-06-30,2018-06-30,38020000.0,125960000.0,50706000.0,0.53,112913000.0,0.8964194983,264924000.0,-284115000.0,131185000.0,502288000.0,549039000.0,0.0,305208000.0,6616906260.0,6690741260.0,-3.982045999243157,0.2611748638231453,0.6416934668055744,-0.5983492599827535,-0.3439722633878354,-3.982045999243157,-0.13381905214437817,52.53180581136869,43.50937835349815,-23.28953508262499,0.0,0.0,0.0,0.4754571122284127,0.2350743000031854,0.14351285651734083,83.79755404429923,0.8964194982534138,0.019230769230769246,1.4401061305751643,0.9805274355416717,-4.650345608248477,-0.001609266545824307,0.004889652438218581,-0.008815997810661298,0.4712750349276357,0.31503362172289845,-5.976824136110617,Software—Application,Technology,AZPN
2018Q2,2018,Q2,2018-03-31,2018-03-31,37835000.0,125871000.0,51157000.0,0.52,113095000.0,0.8984992572,246007000.0,-278606000.0,111163000.0,477777000.0,524613000.0,0.0,267188000.0,5666510920.0,5765435920.0,-3.878793785153422,0.2326671229464792,0.6910372469076084,-0.6101806852688025,-0.35937025008576934,-3.878793785153422,-0.13580109545379496,45.01839915469012,37.44225531914894,-20.33879715440443,0.0,0.0,0.0,0.5116561723853387,0.20685382511087808,0.15379643668676093,77.55650493409797,0.8984992571759977,0.0,3.696257665345225,1.069785232983407,-4.641893891256175,0.002499711912634182,-0.0063816376910552025,-0.06073625263930965,0.633431345349535,0.3753980817374169,-11.645817388298768,Software—Application,Technology,AZPN
2018Q1,2018,Q1,2017-12-31,2017-12-31,38078000.0,124902000.0,54465000.0,0.52,112813000.0,0.9032121183,195796000.0,-274507000.0,88739000.0,430419000.0,470303000.0,0.0,229353000.0,4786870140.0,4889167140.0,-3.7945730004699896,0.20616887265664388,0.7712108521113812,-0.5500770472155537,-0.31679260305860657,-3.7945730004699896,-0.13871413115148248,38.325007926214155,31.428056489311412,-17.438062198778173,0.0,0.0,0.0,0.6379190586120248,0.16939540308397166,0.19447792600461705,113.76182660772851,0.9032121183007478,0.10638297872340435,3.9533118834997607,1.088411957983111,-4.402189041103289,0.02511608465319994,0.09561214213782189,0.021608238140791176,0.5540294046933695,0.44066481596219803,-10.048024517716645,Software—Application,Technology,AZPN
2017Q4,2017,Q4,2017-09-30,2017-09-30,34755000.0,122781000.0,53313000.0,0.47,110049000.0,0.8963031739,202723000.0,-267457000.0,101937000.0,429672000.0,470180000.0,0.0,191275000.0,4586637440.0,4667654440.0,-3.6625903812445224,0.23724375802938055,0.6905975148355145,-0.5234486291254296,-0.28155793688882563,-3.6625903812445224,-0.12994612218038787,37.35624762789031,32.99264451158107,-17.14906485902407,0.0,0.0,0.0,0.6056589533501379,0.20310143551360108,0.17144083305791646,376.81871837002956,0.8963031739438513,-0.35616438356164387,9.076154060298698,1.1983549757319285,-4.162613857362551,-0.013606173868617065,-0.36054534415190154,0.08919852084908166,0.4981732273460745,0.43114795907337267,-5.771692390704529,Software—Application,Technology,AZPN
2017Q3,2017,Q3,2017-06-30,2017-06-30,54351000.0,123681000.0,48947000.0,0.73,111567000.0,0.9020544789,247942000.0,-260784000.0,146186000.0,467243000.0,508726000.0,0.0,156520000.0,4105486440.0,4143532440.0,-3.5101623280480254,0.31286932067468104,0.5646481838494487,-0.5368427510890239,-0.4584236057251444,-3.5101623280480254,-0.2084138597459967,33.194156256821984,18.884134790528233,-15.74286167863059,0.0,0.0,0.0,0.498830371619169,0.2774230967612142,0.2192085245742956,56.627399172413796,0.9020544788609407,0.5531914893617021,13.685373610161232,1.4295787502392532,-3.8870646347002507,0.04258480515839641,0.5167438745325669,-0.063627494117422,1.5004283029431176,0.49506537037817666,-4.825076862641654,Software—Application,Technology,AZPN
2017Q2,2017,Q2,2017-03-31,2017-03-31,35834000.0,119277000.0,52273000.0,0.47,107010000.0,0.8971553611,243952000.0,-249495000.0,147052000.0,427275000.0,493447000.0,0.0,102168000.0,4458829920.0,4514277920.0,-3.296884084782494,0.3441624246679539,0.5738833868957828,-0.5611334896490912,-0.33260450426078886,-3.296884084782494,-0.1436261247720395,37.38214341406977,31.10753697605626,-17.871419948295557,0.0,0.0,0.0,0.4889363481340592,0.3203580832016851,0.14688955204302487,81.33879236747053,0.8971553610503282,-0.020833333333333353,86.21788286704046,1.404766821895019,-3.37533530915544,-0.012403787585137604,-0.031775195893001894,-0.06763577989833229,1.0994941106457636,0.4061480590576454,-4.534427407527457,Software—Application,Technology,AZPN
2017Q1,2017,Q1,2016-12-31,2016-12-31,37010000.0,119933000.0,56065000.0,0.48,108354000.0,0.9034544287,267357000.0,-192877000.0,168409000.0,395000000.0,460234000.0,0.0,66334000.0,4205165400.0,4278139400.0,-2.5079903777387687,0.4263518987341772,0.5236444155193244,-0.7258511901367193,-0.6996641740475619,-2.5079903777387687,-0.19188394676399986,35.06262163041031,28.40560253985409,-21.80231650222681,0.0,0.0,0.0,0.4485874691891366,0.399726582278481,0.1384291415597871,157.83970422640942,0.9034544287227035,0.09090909090909087,10.78041940481665,1.20028164222078,-2.705003492828474,-0.0017504422169811321,0.057428571428571426,0.02439247213594007,0.9205660245860826,0.4658648057713987,-3.5735210685702077,Software—Application,Technology,AZPN
2016Q4,2016,Q4,2016-09-30,2016-09-30,35000000.0,120050000.0,54730000.0,0.44,108544000.0,0.9041566014,289944000.0,-183585000.0,225664000.0,411665000.0,473529000.0,0.0,29324000.0,3698655920.0,3790278920.0,-2.3224496508450563,0.5481738792464746,0.48285186104903016,-0.76258953618215,-0.8023102531172934,-2.3224496508450563,-0.1906473840455375,30.809295460224906,26.418970857142856,-20.146830732358307,0.0,0.0,0.0,0.41404547084954335,0.5183778071976,0.12071296526225754,146.1861554879254,0.9041566014160767,0.047619047619047665,4.548829356665381,1.788800007053186,-2.544386740707223,0.06468920734877243,0.05023105083118286,0.11757739116229682,1.7574536747276592,0.620071187102538,-3.300457269497648,Software—Application,Technology,AZPN
2016Q3,2016,Q3,2016-06-30,2016-06-30,33326000.0,113680000.0,48972000.0,0.42,101949000.0,0.8968068262,419738000.0,-75034000.0,361323000.0,432623000.0,494772000.0,0.0,-5676000.0,3180891520.0,3002555520.0,-0.9492207266471004,0.8351913790991232,0.3335413996350104,-1.865820827891356,0.49965117078067284,-0.9492207266471004,-0.44414532078790947,27.981100633356792,23.861936025925704,-42.39266892342139,0.0,0.0,0.0,0.2708356165036285,0.7901059351906856,0.07939714774454541,72.91107616842781,0.8968068261787474,0.049999999999999906,-0.048558186581933394,1.5695916269212904,-1.565822244520443,-0.04895659393453175,0.004672756323294444,-0.03372072374262544,0.9305310800367603,0.6133525512009516,-1.8701516033298557,Software—Application,Technology,AZPN
2016Q2,2016,Q2,2016-03-31,2016-03-31,33171000.0,119217000.0,50681000.0,0.4,107197000.0,0.8991754532,439431000.0,-35455000.0,394987000.0,416298000.0,474886000.0,0.0,-39002000.0,3001716530.0,3044806530.0,-0.4267522056787954,0.9488083055887849,0.3185938179145304,-3.9486673247778876,0.336729855078615,-0.4267522056787954,-0.9355803130729093,25.178594747393408,22.623048219830576,-84.66271414469045,0.0,0.0,0.0,0.27129856564511834,0.30671297964438937,0.07548625381459205,43.519536781975816,0.8991754531652365,-0.09090909090909087,7.589666332584554,1.5605441996450458,-1.3363406373961786,-0.0006153100323503911,-0.0957391707330371,-0.09978862857244356,2.5596623215446415,0.6948444645606979,-1.40068803267927,Software—Application,Technology,AZPN
2016Q1,2016,Q1,2015-12-31,2015-12-31,36683000.0,119151000.0,56299000.0,0.44,107263000.0,0.9002274425,276393000.0,-22196000.0,230226000.0,234659000.0,298589000.0,0.0,-72173000.0,3145974400.0,2975351400.0,-0.26641061033427355,0.9811087578145309,0.0,0.0,-1.655596482229814,-0.26641061033427355,-1.6526851684988286,26.40325637216641,21.44027478668593,-141.73609659398088,0.0,0.0,0.0,0.43109268324451055,0.9216267008723297,0.13272043792715446,156.7969696969697,0.9002274424889426,0.0,4.998265672786313,1.6775250622596016,-1.203340445217487,-0.0005683724050538556,-0.002393190285823067,0.015695754929729924,3.143369864002666,0.7298632917806379,-1.238861990216196,Software—Application,Technology,AZPN
2015Q4,2015,Q4,2015-09-30,2015-09-30,36771000.0,120296000.0,55429000.0,0.44,107324000.0,0.8921659906,266780000.0,-63021000.0,219937000.0,264052000.0,329801000.0,0.0,-108856000.0,3179739159.9999995,3050000159.9999995,-0.7513591492202776,0.8329306348749489,0.0,0.0,-0.5733659405072732,-0.7513591492202776,-0.5834721759413529,26.432625856221318,21.61852519648636,-50.45523174814743,0.0,0.0,0.0,0.45091835969712873,0.7752791116901216,0.1378326711147762,183.51354302533616,0.892165990556627,0.22222222222222227,3.627010224391609,2.084355312266843,-1.5442113634607981,0.05670260424358785,0.19363111082256704,0.18170383319831152,8.281343677869105,0.8751920305750263,-1.6487918685498077,Software—Application,Technology,AZPN
2015Q3,2015,Q3,2015-06-30,2015-06-30,30806000.0,114186000.0,46906000.0,0.36,101565000.0,0.8894698124,315361000.0,-48546000.0,263630000.0,296466000.0,363907000.0,0.0,-145627000.0,3874300799.9999995,3718051799.9999995,-0.5707533860045146,0.8892419366807661,0.0,0.0,-0.6491886506725727,-0.5707533860045146,-0.634573394306431,33.92973569439335,31.44112185937804,-79.8067976764306,0.0,0.0,0.0,0.36208028259677005,0.8394352134814785,0.0976848754284772,74.80356032668506,0.8894698124113288,0.12499999999999993,1.9881831344786045,2.253664672506205,-1.3752753110262643,0.026012728558440248,0.09357472488462903,0.12400853082840095,7.2802917772012945,0.9592490219602009,-1.469437525068929,Software—Application,Technology,AZPN
2015Q2,2015,Q2,2015-03-31,2015-03-31,28170000.0,111299000.0,41731000.0,0.32,98990000.0,0.8894060144,317065000.0,-26794000.0,258405000.0,275854000.0,343859000.0,0.0,-176433000.0,3362293950.0,3218331950.0,-0.30672543071375424,0.9367455248066006,0.0,0.0,-1.038046807424845,-0.30672543071375424,-1.0513547809211017,30.209561182041167,29.839314430244944,-125.48682354258416,0.0,0.0,0.0,0.3510289688234274,0.8896300216781341,0.08884613565041868,53.47329670154903,0.8894060144295995,-0.058823529411764754,2.3613449513233995,1.5649298022257128,-1.1628347376643058,0.03627322690395184,-0.07530199579831932,-0.10296425270308034,59.035362116562396,0.9439179354692256,-1.2209891907189565,Software—Application,Technology,AZPN
2015Q1,2015,Q1,2014-12-31,2014-12-31,30464000.0,107790000.0,46521000.0,0.34,95525000.0,0.8862139345,343354000.0,37720000.0,265966000.0,233995000.0,305634000.0,0.0,-204602000.0,3149768840.0000005,2991325840.0000005,0.4193813791109826,1.1366311245966794,0.0,0.0,0.8097238735141715,0.4193813791109826,0.8076352067868505,29.22134557936729,25.848286830357143,83.50394591728528,0.0,0.0,0.0,0.3139325593993371,1.0741041475245197,0.08872475637388817,97.2330937827993,0.8862139345022729,0.06250000000000006,2.005415715720759,1.5549441346966089,-0.8009256467484345,0.008232624412897778,0.05167949735906376,0.04227718779405834,7.291261830211099,0.6908694826280929,-0.714892559972203,Software—Application,Technology,AZPN
2014Q4,2014,Q4,2014-09-30,2014-09-30,28967000.0,107126000.0,44634000.0,0.32,94745000.0,0.8844258163,378235000.0,69989000.0,308656000.0,242639000.0,308246000.0,0.0,-235067000.0,3439422760.0,3246288760.0,0.7675663226697959,1.272079096930007,0.0,0.0,0.410933170411395,0.7675663226697959,0.41387932389375476,32.10633048933032,29.68397452273276,49.14233322379231,0.0,0.0,0.0,0.2832260367232012,1.202551939300772,0.07658466297407697,93.16889045400369,0.8844258163284356,0.10344827586206906,2.359091088320144,1.6601132149272477,-0.6733444859902079,0.06871735869062524,0.08580103456031186,0.19466823693155966,3.546229828901797,1.1573822687177646,-0.4895823679478679,Software—Application,Technology,AZPN
2014Q3,2014,Q3,2014-06-30,2014-06-30,26678000.0,101532000.0,37361000.0,0.29,88653000.0,0.8731532916,407972000.0,83676000.0,329682000.0,266504000.0,324296000.0,0.0,-264034000.0,4230891200.0,4031365200.0,0.9176710571049428,1.2370621078858104,0.0,0.0,0.3215880267940819,0.9176710571049428,0.31882499163439937,41.67051963912855,39.64775470425069,50.56278024762178,0.0,0.0,0.0,0.24887002049160237,1.155603668237625,0.06539174257056857,74.51769554573154,0.8731532915731001,0.31818181818181807,1.581083583453636,0.40809595385615666,-0.6395598014796431,0.004009105425882513,0.2799501031521374,0.18976498312209414,-0.3397182078598043,0.9895735293070386,-0.4529842399284143,Software—Application,Technology,AZPN
2014Q2,2014,Q2,2014-03-31,2014-03-31,20843000.0,103587000.0,31402000.0,0.22,88299000.0,0.8524139129,383030000.0,86203000.0,318420000.0,242499000.0,296827000.0,0.0,-290712000.0,3914657040.0,3733174040.0,0.9327915683770858,1.3130775797013596,0.0,0.0,0.24336296249188175,0.9327915683770858,0.2417897288957461,37.7910069796403,46.95409777863071,45.412074289757896,0.0,0.0,0.0,0.2704409576273399,1.2016379448987418,0.054416103177296817,57.37442532610289,0.8524139129427438,-0.12,1.5090424779397502,0.4160635436423917,-0.613131978845536,0.022855223223594283,-0.10402785539268367,-0.13042755870624723,4.7224513945469715,1.0001533337684614,-0.26482931666000503,Software—Application,Technology,AZPN
2014Q1,2014,Q1,2013-12-31,2013-12-31,23263000.0,98769000.0,36112000.0,0.25,86326000.0,0.8740191761,358911000.0,90475000.0,291209000.0,213170000.0,268436000.0,0.0,-311555000.0,3880670199.9999995,3743193199.9999995,0.9745365632977521,1.3660880987005677,0.0,0.0,0.25878329379531967,0.9745365632977521,0.2571207515888367,39.290366410513414,41.704318015733136,42.89218237082066,0.0,0.0,0.0,0.2751907854593479,1.1966599427686824,0.06481551136632759,85.76256270856814,0.874019176057265,0.5625,-0.017360032742570135,0.1593596311663265,-0.5775614844335029,0.14358763760647528,0.5509700646709781,0.4532576763652461,3.275439369549055,0.9918161734987319,-0.25617565151386545,Software—Application,Technology,AZPN
2013Q4,2013,Q4,2013-09-30,2013-09-30,14999000.0,87565000.0,24849000.0,0.16,75487000.0,0.8620681779,367059000.0,94303000.0,286880000.0,206902000.0,272756000.0,0.0,-334818000.0,3227315499.9999995,3101711499.9999995,1.0095600042821968,1.3865501541792733,0.0,0.0,0.1618850605659627,1.0095600042821968,0.15905114365396647,36.856226802946374,53.792177811854124,34.22282960245167,0.0,0.0,0.0,0.23855837889821527,1.1811292302636032,0.04086264061090996,130.24397675450984,0.86206817792497,-0.2727272727272727,0.24041031974143146,-0.023375841047250722,-0.5109715394378995,0.07415049234447037,-0.26471885876758666,0.6153546122342846,1.9621947131868045,1.0159887602270359,-0.2687730934053877,Software—Application,Technology,AZPN
2013Q3,2013,Q3,2013-06-30,2013-06-30,20399000.0,83264000.0,15383000.0,0.22,70276000.0,0.8440142198,382748000.0,101898000.0,285351000.0,215461000.0,280850000.0,0.0,-349817000.0,2738781200.0,2606349200.0,1.0908682153944973,1.3243742487039418,0.0,0.0,0.20398282539507845,1.0908682153944973,0.20019038646489626,32.892741160645656,33.56514044806118,26.877673752183558,0.0,0.0,0.0,0.21754261289412355,1.1239574679408337,0.05329616353318633,85.892905977545,0.8440142198308993,1.0,-0.04838469787726435,-0.18380947015533347,-0.4317622755140108,0.05348683816034059,0.9403595548368686,-0.058222113383127216,1.59583030323038,1.1603732224933658,-0.28274466896005845,Software—Application,Technology,AZPN
2013Q2,2013,Q2,2013-03-31,2013-03-31,10513000.0,79357000.0,16334000.0,0.11,66708000.0,0.8406063737,361661000.0,99827000.0,235549000.0,195578000.0,261834000.0,0.0,-370216000.0,2973115600.0,2834073600.0,1.0650485436893204,1.204373702563683,0.0,0.0,0.10053002822227436,1.0650485436893204,0.10531219008885372,37.465070504177326,70.7009321792067,29.782680036463077,0.0,0.0,0.0,0.21942371447294565,1.1236386505639693,0.029068658218608035,51.706358260869564,0.8406063737288456,0.09999999999999995,1.5022298460616799,0.026012464757813963,-0.36500505233181224,0.027288407046938523,0.057965180638019524,0.09411213075222721,1.4734969147314694,0.7044278186714934,-0.4345858450411667,Software—Application,Technology,AZPN
2013Q1,2013,Q1,2012-12-31,2012-12-31,9937000.0,77309000.0,14929000.0,0.1,64936000.0,0.839953951,345438000.0,104297000.0,251577000.0,175815000.0,241141000.0,0.0,-380729000.0,2584671680.0,2409447680.0,1.1153327915133886,1.430918863578193,0.0,0.0,0.09053371936023144,1.1153327915133886,0.09527599068046061,33.432998486592766,65.0264586897454,24.78184108843016,0.0,0.0,0.0,0.223799929365038,1.3462105053607485,0.028766377758092626,74.96799837572874,0.8399539510276941,1.0,0.02846252459484964,-0.0019200871876412931,-0.3156377627223365,0.09839476310492397,1.2517561749376842,0.6672995309358946,1.3154345260139249,0.7624961912022121,-0.470567447220795,Software—Application,Technology,AZPN
2012Q4,2012,Q4,2012-09-30,2012-09-30,4413000.0,71457000.0,8954000.0,0.05,59119000.0,0.82733672,338830000.0,108198000.0,237967000.0,172197000.0,230632000.0,0.0,-390666000.0,2323554360.0,2165807360.0,1.1580896519244765,1.3819462592263512,0.01657468346958652,0.05190484112460489,0.03647237157627167,1.1580896519244765,0.04078633616148173,32.51681934590033,131.63122365737593,21.475021349747685,0.0,0.0,0.0,0.21089336835581265,1.281421859846571,0.01302423044004368,144.01601338787654,0.8273367199854458,1.8880994671403197,1.466912211634954,0.049793125217057345,-0.20650271335618323,0.161108492418886,1.819042316258352,3.3769577913458986,1.2020764936563026,0.7317565363526954,-0.507148295403324,Software—Application,Technology,AZPN
2012Q3,2012,Q3,2012-06-30,2012-06-30,-5388000.0,64017000.0,-3767000.0,-0.0563,50916000.0,0.7953512348,368335000.0,113592000.0,261463000.0,195719000.0,254743000.0,0.0,-395079000.0,2162858200.0,2008372200.0,1.215823949993578,1.3359101569086291,0.02920167782046235,0.09468976688499191,-0.03552985309992507,1.215823949993578,-0.04743291781111346,33.785685052407956,-100.35533593170007,19.040585604620045,0.0,0.0,0.0,0.17380102352478044,1.2148284019436029,-0.014627988108651091,116.42666738440006,0.7953512348282488,-9.053571428571429,-1.3773508232096383,-0.3902171754270099,-0.21138833265543439,0.041077964299589015,-9.361538461538462,-2.357397504456328,-1.5087602969107419,-0.13351419517780305,-0.5224521657204511,Software—Application,Technology,AZPN
2012Q2,2012,Q2,2012-03-31,2012-03-31,-520000.0,61337000.0,-1122000.0,-0.0056,48907000.0,0.7973490715,403994000.0,129890000.0,276538000.0,198324000.0,274104000.0,0.0,-389691000.0,1921258990.0,1754124990.0,1.387965763012513,1.3943748613380125,0.03819363653915652,0.11879282469782124,-0.0023969335814733104,1.387965763012513,-0.004003387481715298,31.32300226616887,-923.6822067307693,14.791431134036491,0.0,0.0,0.0,0.15182651227493477,1.3060698654726608,-0.0012871478289281525,35.354955467226084,0.7973490715228981,-1.1400000000000001,-1.0549525709582632,-0.2960976378561527,0.010089899338681206,-0.08806638075703897,-1.1355578727841502,-1.1593523647209203,-1.0618147239589772,-0.17198000851245654,-0.4243520349342096,Software—Application,Technology,AZPN
2012Q1,2012,Q1,2011-12-31,2011-12-31,3836000.0,66555000.0,7041000.0,0.04,53630000.0,0.8057997145,382553000.0,138126000.0,242666000.0,163602000.0,244427000.0,0.0,-389171000.0,1629199700.0000002,1503574700.0000002,1.4709590850035144,1.4832703756677792,0.046085117617689575,0.12763708498038023,0.02271219540351033,1.4709590850035144,0.02777174463895284,24.478997821350767,106.17829118873827,11.795025556376062,0.0,0.0,0.0,0.17397589353632045,1.3785711666116551,0.01002736875674743,73.12714664033396,0.8057997145218241,1.3333333333333335,-0.9185419213825049,-0.5805449804138014,-0.011768913221138098,0.4338038712437173,1.3268575323790048,1.4485284749649636,-0.8397998517146704,-0.22761502530033814,-0.3623740804293629,Software—Application,Technology,AZPN
2011Q4,2011,Q4,2011-09-30,2011-09-30,-11736000.0,51225000.0,-15698000.0,-0.12,37404000.0,0.7301903367,394057000.0,141455000.0,241119000.0,173809000.0,252602000.0,0.0,-393007000.0,1436372550.0,1315825550.0,1.5038005634401743,1.3872641807961612,0.06295789695399397,0.17538439786504542,-0.06708242274978192,1.5038005634401743,-0.08296631437559648,28.040459736456807,-30.59757476993865,10.154272029974196,0.0,0.0,0.0,0.12999388413351368,1.2855145590849726,-0.029782493395625505,306.4588329421805,0.730190336749634,-1.272727272727273,-0.13816615288043382,-0.5503978882884583,3.824895885520302,-0.0024269902653687157,-1.2815671409035292,0.1473575579816414,-1.9638034547693886,-0.4326589728392009,-0.2715625902251917,Software—Application,Technology,AZPN
2011Q3,2011,Q3,2011-06-30,2011-06-30,41681000.0,52645000.0,-18411000.0,0.44,37495000.0,0.712223383,411975000.0,157803000.0,253863000.0,173675000.0,254172000.0,0.0,-381271000.0,1616036700.0,1490964700.0,1.6775952798596716,1.4617129696271771,0.06047211602645792,0.15787405816112496,0.2682956302102182,1.6775952798596716,0.2641331280140428,30.696869598252444,9.692885847268538,10.24084903328834,0.0,0.0,0.0,0.12778688027186116,1.350919821505686,0.10117361490381697,168.4775542118432,0.7122233830373255,8.26072607260726,1.82430846423296,-0.6292461651457381,5.0482020187318,-0.1116823426283494,8.329171795322665,-1.4356396348723377,0.9308830987642068,-0.48754383389369427,-0.12613374284522702,Software—Application,Technology,AZPN
2011Q2,2011,Q2,2011-03-31,2011-03-31,-5687000.0,52601000.0,-7559000.0,-0.0606,42209000.0,0.802437216,362084000.0,119093000.0,247653000.0,153794000.0,242991000.0,0.0,-422952000.0,1406991380.0,1311464380.0,1.268809528882828,1.6102903884416817,0.15330972923410038,0.46611471706985297,-0.04622662882672811,1.268809528882828,-0.0477525967101341,26.74837702705272,-61.85121241427818,11.814224009807461,0.0,0.0,0.0,0.14527292009588935,1.541620609386582,-0.015706300195534737,46.97487246260684,0.8024372160225091,0.4490909090909091,-1.3829108196183124,-0.6761088256141762,2.4776139822430405,0.16428985187432765,0.4461972928230597,0.18032964649750596,-2.351675920042636,-0.3208742318503552,-0.24352026471680513,Software—Application,Technology,AZPN
2011Q1,2011,Q1,2010-12-31,2010-12-31,-10269000.0,49808000.0,-9222000.0,-0.11,36253000.0,0.7278549631,364639000.0,122176000.0,234536000.0,136565000.0,242463000.0,0.0,-416775000.0,1184300400.0,1119421400.0,1.310170291253807,1.7173946472375792,0.18309341567961737,0.5464493844944998,-0.06146967998957159,1.310170291253807,-0.08405087742273441,23.777312881464827,-28.831931054630438,9.693396411733891,0.0,0.0,0.0,0.13659537240942413,1.6581920697103942,-0.028162100049638136,88.82475061876546,0.7278549630581432,0.35294117647058826,-1.5914810001178126,-0.694150821880942,2.1810324166491215,0.21442449417124482,0.3361132660977502,0.5302327950690234,-2.0657872636294283,-0.35517249575969767,-0.19608651466209492,Software—Application,Technology,AZPN
2010Q4,2010,Q4,2010-09-30,2010-09-30,-15468000.0,43100000.0,-19631000.0,-0.17,29852000.0,0.6926218097,373774000.0,127970000.0,238284000.0,141621000.0,245804000.0,0.0,-406506000.0,961184929.9999999,909236929.9999999,1.380638479215441,1.6825470798822209,0.1905242205182811,0.5564819879659295,-0.10451728218038893,1.380638479215441,-0.12087207939360788,22.301274477958234,-15.535055113783294,7.511017660389153,0.0,0.0,0.0,0.11531032121014302,1.614937050296213,-0.04138329578836409,170.90770448079655,0.6926218097447796,0.5405405405405405,-0.4056922655684378,-0.6652119726317476,2.07761830356238,0.43892798611780587,0.5446838572942423,0.4348514509442653,-0.6496215596502195,-0.3617584542447922,-0.05401720387279493,Software—Application,Technology,AZPN
2010Q3,2010,Q3,2010-06-30,2010-06-30,-33972000.0,38244000.0,-34736000.0,-0.37,20746000.0,0.5424641774,394713000.0,140970000.0,250283000.0,155817000.0,253743000.0,0.0,-391038000.0,1009383210.0,960573210.0,1.520892446784408,1.606262474569527,0.19288698370714924,0.5400794495282685,-0.15338624049485092,1.520892446784408,-0.24098744413705045,26.39324364606213,-7.428052587424939,7.160269631836561,0.0,0.0,0.0,0.0968906521953926,1.5142571093012958,-0.08606759848294837,73.27113893728223,0.5424641773873026,-0.5416666666666667,0.3932284879161556,-0.7467875761011672,2.3396929147726895,-0.32956308169596693,-0.5616438356164384,-0.7641442356526156,-3.398212628243294,-0.6328089945014205,-0.013513816439671745,Software—Application,Technology,AZPN
2010Q2,2010,Q2,2010-03-31,2010-03-31,-21754000.0,45618000.0,-19690000.0,-0.24,30944000.0,0.6783287299,427017000.0,172986000.0,259317000.0,152473000.0,254031000.0,0.0,-357066000.0,941308750.0,909640750.0,1.8836609135950346,1.7007404589665056,0.20464290648850045,0.5051622674667314,-0.08639742685892521,1.8836609135950346,-0.12575584151318603,20.63459051251699,-10.817651351475591,5.441531395604269,0.0,0.0,0.0,0.1068294704894653,1.5282049936710107,-0.050944107611640754,50.32122046402224,0.6783287298873252,0.2941176470588236,-0.0037150402835090693,-0.6701790445199507,4.968055812201902,0.18030285692489606,0.29040675865218385,0.3275502885830402,-3.342677623109853,-0.46652402517869507,0.3708312649382429,Software—Application,Technology,AZPN
2010Q1,2010,Q1,2009-12-31,2009-12-31,-30657000.0,42686000.0,-29281000.0,-0.34,26217000.0,0.614182636,449317000.0,191710000.0,253589000.0,143432000.0,257607000.0,0.0,-335312000.0,891819600.0000001,878895600.0000001,2.1066569965495265,1.76800853366055,0.21479935101498496,0.5034322674873507,-0.11563413830470819,2.1066569965495265,-0.1599134108810182,20.892554936044608,-7.272560915940895,4.651920087632361,0.0,0.0,0.0,0.09500196965616703,1.604119025043226,-0.06823022498592309,97.40275229357799,0.6141826359930657,-0.4782608695652174,-3.567583371094195,-0.7239432464000848,11.746933604689843,0.17422851256326422,-0.45555977589972463,-0.19353523825051971,-1.6717522388432147,-0.7224034442390294,0.41531056464800165,Software—Application,Technology,AZPN
2009Q4,2009,Q4,2009-09-30,2009-09-30,-21062000.0,39796000.0,-24533000.0,-0.23,22327000.0,0.5610362851,479817000.0,211731000.0,274711000.0,190338000.0,268086000.0,0.0,-304655000.0,919091399.9999999,918947399.9999999,2.3497730475989655,1.4432798495308345,0.22679688297830214,0.5139587495454138,-0.08267686201245407,2.3497730475989655,-0.09947527759279463,23.09506985626696,-10.909355711708288,4.340844751122887,0.0,0.0,0.0,0.08293995419086861,1.3071640975527745,-0.04389590197929627,-144.35234804460498,0.5610362850537742,-3.0909090909090913,0.6752458911200292,-0.7082453560308836,32.83504515314307,-0.563593362131311,-3.062071666340317,-3.9199000238038564,-1.1323314041390509,-0.6353675406213598,5.414058868872669,Software—Application,Technology,AZPN
2009Q3,2009,Q3,2009-06-30,2009-06-30,10214000.0,71255000.0,8402000.0,0.11,51161000.0,0.7179987369,515976000.0,229410000.0,301986000.0,204072000.0,286566000.0,0.0,-283593000.0,768612710.0,758495710.0,2.5459731208452174,1.4798012466188404,0.21725041474797277,0.48862734841550065,0.03378955022784449,2.5459731208452174,0.04452290658646092,10.786789839309522,18.81272542588604,3.350388867093849,0.0,0.0,0.0,0.13809750841124394,1.3505968481712336,0.019795494364078948,354.19940552995394,0.7179987369307417,0.22222222222222227,1.1247662534675535,-0.622540029392485,2.476250124427386,-0.03280021173623714,0.2616106719367589,-0.26291779980700064,-0.2774974563879865,-0.47614222333709916,7.143682955703502,Software—Application,Technology,AZPN
2009Q2,2009,Q2,2009-03-31,2009-03-31,8096000.0,71292000.0,11399000.0,0.09,52896000.0,0.7419626326,511601000.0,217159000.0,296178000.0,206313000.0,294442000.0,0.0,-293807000.0,629554350.0,625768350.0,2.4111364014878145,1.4355760422271016,0.23938772598177094,0.5639692575486165,0.06625847542411054,2.4111364014878145,0.03728143894565733,8.830645093418616,19.44028995800395,2.8990479326207983,0.0,0.0,0.0,0.13935078312982188,1.3111146655809378,0.015824832242313836,30.29470910928252,0.7419626325534422,-0.64,-0.25001612656441885,-0.5973579081829309,0.37209551868291374,-0.17943626576485736,-0.6474021166325509,-0.5919748004438559,-0.4319080178962446,-0.5425120467690049,3.80793040943703,Software—Application,Technology,AZPN
2009Q1,2009,Q1,2008-12-31,2008-12-31,22961000.0,82627000.0,27937000.0,0.25,64463000.0,0.78016871,521934000.0,207723000.0,297252000.0,213987000.0,314211000.0,0.0,-301903000.0,668119060.0,683380060.0,2.3069311329031685,1.389112422717268,0.2645238670023413,0.6646543714465899,0.07431008031542112,2.3069311329031685,0.11053662810569845,8.085965362411802,7.274498715212752,3.216394236555413,0.0,0.0,0.0,0.15830928814754355,1.2683620967628875,0.043992152264462556,-150.74888537906136,0.78016870998584,1.0833333333333335,1.6187731636375413,-0.5415796954762858,0.355044201710379,-0.04129982153480071,0.9703938899854114,0.5257782632441289,0.3696564345583239,-0.47454152857126997,3.0795468109175146,Software—Application,Technology,AZPN
2008Q4,2008,Q4,2008-09-30,2008-09-30,11653000.0,86406000.0,18310000.0,0.12,67240000.0,0.7781867,528531000.0,185837000.0,309784000.0,185956000.0,342694000.0,0.0,-324864000.0,1143241300.0,1153348300.0,2.064419733611793,1.6658994600873325,0.27750500916691734,0.7892400329320857,0.036070266419797006,2.064419733611793,0.0627054892190468,13.231040668472097,24.526759203638548,6.1518497392876546,0.0,0.0,0.0,0.16348331507518007,1.5516735141646412,0.022047902582819173,119.37363474992169,0.7781866999976853,-0.4545454545454546,10.41575004774183,-0.5043016574952958,0.28727249651487446,-0.11971093422706326,-0.4359086068351244,-0.13115687577109233,2.0904050415990385,-0.30891644032570736,2.611324415961244,Software—Application,Technology,AZPN
2008Q3,2008,Q3,2008-06-30,2008-06-30,20658000.0,98312000.0,21074000.0,0.22,76384000.0,0.7769550004,554626000.0,172813000.0,333340000.0,217033000.0,381813000.0,0.0,-336517000.0,1197252700.0,1210411700.0,1.9197391661760295,1.535895462901955,0.2654166952144328,0.8518282768078791,0.06395436928979255,1.9197391661760295,0.11953961796855561,12.178093213442917,14.488971584858168,6.928024512044812,0.0,0.0,0.0,0.17725818840083227,1.471320029672907,0.03724672121393516,59.76700778753994,0.7769550004068679,4.5,1.1756185739514495,-0.47521420659524327,0.9046540304126787,0.4468310792893132,4.122241507562609,1.5956398571252617,1.379914922794972,-0.3297724977306632,2.6910209295701946,Software—Application,Technology,AZPN
2008Q2,2008,Q2,2008-03-31,2008-03-31,4033000.0,74244000.0,8119000.0,0.04,52794000.0,0.7110877647,554346000.0,150906000.0,319296000.0,258169000.0,403440000.0,0.0,-357175000.0,1147143000.0,1181507000.0,1.6772551460454364,1.2367712622352025,0.3079647007464652,1.1312936530025315,0.016551419158838617,1.6772551460454364,0.026725246179741032,15.450985938257636,71.10978180014877,7.601705697586577,0.0,0.0,0.0,0.1339307941249689,1.182167494935488,0.007275239651769834,44.8207783074158,0.711087764667852,-0.6,1.5126733708925375,-0.5984742271453395,-0.4345651350316072,0.009078919704122786,-0.5643767552387124,-0.3820686505822361,1.1899329814132906,-0.4520963136313331,4.533248464612982,Software—Application,Technology,AZPN
2008Q1,2008,Q1,2007-12-31,2007-12-31,9258000.0,74219000.0,13139000.0,0.1,52319000.0,0.7049273097,538229000.0,146028000.0,311683000.0,241543000.0,392201000.0,0.0,-361208000.0,1453344440.0,1511843440.0,1.629740407580188,1.2903830787892838,0.3531675179152368,1.3017024132358177,0.05159747120261149,1.629740407580188,0.06339880023009285,19.581838073808594,39.245637286670984,9.952505272961348,0.0,0.0,0.0,0.1378948365844278,1.240739744062134,0.017200856884337336,-344.8847745609872,0.7049273097185357,2.0,1.0119115226440283,-0.6193685871270463,-0.45041089771972154,0.15947521219777053,2.028323892035988,1.604360753221011,2.40090033543785,-0.5125150095401526,9.313983710604825,Software—Application,Technology,AZPN
2007Q4,2007,Q4,2007-09-30,2007-09-30,-9003000.0,64838000.0,5045000.0,-0.1,45123000.0,0.6959344829,507943000.0,129886000.0,291870000.0,237546000.0,378057000.0,0.0,-373459000.0,1329585300.0,1383681300.0,1.4594752514186191,1.228688338258695,0.36138700602232926,1.4132700983939763,0.022598865263696925,1.4594752514186191,-0.06931462975224427,20.506266386995282,-36.92061812729091,10.236555902868668,0.0,0.0,0.0,0.12764818099668665,1.1910366834213162,-0.017724429709632773,69.20237859782439,0.6959344828649866,-1.6666666666666667,0.6554073412142363,-0.6416721753940214,-0.7756479446581634,-0.41236912017502736,-1.6619366223071832,-0.8819772610302719,0.8594485858633969,-0.5187165932332574,20.77316940301219,Software—Application,Technology,AZPN
2007Q3,2007,Q3,2007-06-30,2007-06-30,13601000.0,100002000.0,42746000.0,0.15,76788000.0,0.7678646427,528897000.0,137206000.0,318958000.0,265939000.0,391691000.0,0.0,-361463000.0,1245930000.0,1320006000.0,1.541727063318164,1.1993652679749867,0.39013834451698537,1.503891958077635,0.07909427400444011,1.541727063318164,0.09912831800358585,12.45905081898362,22.90144107050952,9.080725332711397,0.0,0.0,0.0,0.18907651206189485,1.1611497373457822,0.02571578208989652,145.09491091184347,0.7678646427071458,0.4999999999999999,1.1004546101450647,-0.4914577385981334,-0.7691916952586004,0.35987390865461244,0.5599265970868219,2.6497609289617485,1.168215125698372,-0.4636390314058995,1.1050610675393153,Software—Application,Technology,AZPN
2007Q2,2007,Q2,2007-03-31,2007-03-31,8719000.0,80290000.0,11712000.0,0.1,56467000.0,0.7032880807,273004000.0,118486000.0,179240000.0,135816000.0,154518000.0,0.0,-433350000.0,1120964000.0,1020382000.0,1.3741012200213387,1.319726689049891,0.0009303892983252993,0.0021437131813041204,0.08564928261032244,1.3741012200213387,0.07358675286531742,13.961439780794619,32.141415299919714,9.460729537666898,0.7531827044385824,0.0,0.005858350491184374,0.29409825497062314,1.252046886964717,0.03193726099251293,92.43539210027213,0.7032880807074355,-0.6875,1.659139499455267,-0.643592183912414,-0.8193357540927783,-0.22032751574063847,-0.6952996680062904,-0.5425178703956877,-0.15636256317624173,-0.5263608713806751,-0.21804584550065248,Software—Application,Technology,AZPN
2007Q1,2007,Q1,2006-12-31,2006-12-31,28615000.0,96415000.0,25601000.0,0.32,72424000.0,0.7511694238,261915000.0,84931000.0,169055000.0,128732000.0,176984000.0,0.0,-441923000.0,,,,,,,,,,,,,,,,,,,,,,,,,,,,,,,Software—Application,Technology,AZPN
