Quarters,Year,Quarter,FillingDate,Date,NetIncome,Revenue,OperatingIncome,EPSDiluted,GrossProfit,GrossProfitRatio,TotalAssets,CommonStockEquity,CurrentAssets,CurrentLiability,TotalLiability,Inventory,RetainedEarnings,MarketCap,EnterpriseValue,bookValuePerShare,currentRatio,debtToAssets,debtToEquity,roic,shareholdersEquityPerShare,roe,priceToSalesRatio,peRatio,pbRatio,payoutRatio,inventoryTurnover,dividendYield,assetTurnover,quickRatio,returnOnAssets,priceToFreeCashFlowsRatio,grossProfitMargin,epsdilutedGrowth,fiveYNetIncomeGrowthPerShare,fiveYRevenueGrowthPerShare,fiveYShareholdersEquityGrowthPerShare,grossProfitGrowth,netIncomeGrowth,operatingIncomeGrowth,threeYNetIncomeGrowthPerShare,threeYRevenueGrowthPerShare,threeYShareholdersEquityGrowthPerShare,Industry,Sector,Symbol
2023Q1,2023,Q1,2023-05-10,2023-03-31,11630000.0,278051000.0,32650000.0,0.38,122322000.0,0.4399264883,1499884000.0,352473000.0,455666000.0,161896000.0,1147411000.0,7239000.0,-115792000.0,1231681080.0,2119687080.0,12.45135650699449,2.814559964421604,0.6657048145056551,2.832784355113725,0.018198873612524726,12.45135650699449,0.03299543511134186,4.429694840155223,26.476377472055027,3.494398379450341,0.0,21.51250172675784,0.0,0.1853816695157759,0.7756275633740178,0.00775393297081641,41.788731763588245,0.4399264883061021,0.0857142857142858,1.838126932351908,0.24152959314015443,-0.037726475445442186,-0.010339805825242718,0.051822374966084835,-0.07815235191145745,1.3517689535283555,0.32430066480491165,0.34350026555955393,Resorts & Casinos,Consumer Cyclical,GDEN
2022Q4,2022,Q4,2023-03-01,2022-12-31,11057000.0,279710000.0,35418000.0,0.35,123600000.0,0.4418862393,1508670000.0,352920000.0,244573000.0,132702000.0,1155750000.0,8117000.0,-127422000.0,1066161800.0,1994470800.0,12.380117164205283,1.8430242196801856,0.7060510250750661,3.0182420945256716,0.014293903396155806,12.380117164205283,0.031330046469454836,3.811668513817883,24.106036899701543,3.0209730250481694,0.0,19.232475052359245,0.0,0.18540171144120318,1.1859956895902097,0.007328971875890686,213.7025055121267,0.441886239319295,-0.2222222222222223,1.7374400867825537,0.35996679591520025,-0.014538184364642048,0.0005990641646293088,-0.21038348925230307,0.010441629578911331,2.407544162634186,0.12819853461337546,0.18958405340106882,Resorts & Casinos,Consumer Cyclical,GDEN
2022Q3,2022,Q3,2022-11-07,2022-09-30,14003000.0,278993000.0,35052000.0,0.45,123526000.0,0.4427566283,1547673000.0,352202000.0,266014000.0,139084000.0,1195471000.0,6705000.0,-124950000.0,994539450.0,1924359450.0,12.355797228556394,1.9126139599091196,0.7109421693083746,3.124076524267324,0.015737197974684022,12.355797228556394,0.039758434080442474,3.564746964977616,17.75582821538242,2.8237757025797694,0.0,23.186726323639075,0.0,0.1802661156458761,1.3764128152770987,0.009047776888270326,41.87181921522398,0.44275662830250223,-0.3283582089552239,0.27856330023411974,1.0118601863140633,0.19326402735576892,-0.07311472949651084,-0.34010367577756834,-0.2139220919019533,2.445921270500012,0.11851981323257495,0.1598667765114701,Resorts & Casinos,Consumer Cyclical,GDEN
2022Q2,2022,Q2,2022-08-05,2022-06-30,21220000.0,289372000.0,44591000.0,0.67,133270000.0,0.460549051,1546849000.0,335028000.0,228127000.0,119364000.0,1211821000.0,7194000.0,-138953000.0,1142085350.0,2092288350.0,11.60189770405513,1.9111876277604638,0.7301074636244391,3.370960039160906,0.020020952987414325,11.60189770405513,0.06333798966056568,3.946772147961793,13.455293944392082,3.4089250749191113,0.0,21.698915763135947,0.0,0.18707191199658144,1.6564625850340136,0.013718210374768319,30.592664470159647,0.4605490510484774,-0.4017857142857143,8.551215483041677,1.0192605809018223,0.172118903281488,0.07422095403910947,-0.4116342261409638,0.3559265340874536,2.415925348580167,0.12145263655177636,0.06269737291679514,Resorts & Casinos,Consumer Cyclical,GDEN
2022Q1,2022,Q1,2022-05-06,2022-03-31,36066000.0,273644000.0,32886000.0,1.12,124062000.0,0.4533700721,1604139000.0,333258000.0,257673000.0,134705000.0,1270881000.0,7427000.0,-137704000.0,1677874580.0,2649689580.0,11.533813248425279,1.9128688615864295,0.7319178699601468,3.523090218389356,0.03980503210812446,11.533813248425279,0.10822245827557028,6.131596453786671,11.630584068097377,5.034761596120723,0.0,20.14029890938468,0.0,0.17058621478562644,1.65411825841654,0.022483089058990526,51.303304693471944,0.4533700720644341,0.898305084745763,4.196155653514205,0.9748286386575168,0.18551683838596997,-0.03479985996032209,0.888371118906749,-0.040385176539247156,5.292012954240513,0.08842688976773114,0.00845241137340547,Resorts & Casinos,Consumer Cyclical,GDEN
2021Q4,2021,Q4,2022-03-01,2021-12-31,19099000.0,281958000.0,34270000.0,0.59,128535000.0,0.4558657672,1615564000.0,319541000.0,263938000.0,126966000.0,1296023000.0,6637000.0,-158576000.0,1467138550.0,2453373550.0,11.005372825899777,2.0788084999133627,0.7469682414314753,3.7765889197317404,0.019833613738089978,11.005372825899777,0.05977010774830147,5.2033939451975115,19.2043896277292,4.59139374915895,0.0,23.11631761337954,0.0,0.1745260478693509,1.8844415040246996,0.011821877684820905,38.56222861798875,0.4558657672419297,-0.35164835164835173,0.46829232503514107,1.048420591155312,0.1681903771248652,-0.016707594152342048,-0.3425699631682214,-0.24218300827031092,1.7273809990772826,0.2936559609333214,-0.022495823784756095,Resorts & Casinos,Consumer Cyclical,GDEN
2021Q3,2021,Q3,2021-11-05,2021-09-30,29051000.0,282422000.0,45222000.0,0.91,130719000.0,0.4628499196238253,1644267000.0,305419000.0,269188000.0,139803000.0,1338848000.0,5771000.0,-167062000.0,1421155500.0,2440085500.0,10.549879101899828,1.9254808552033933,0.7530492310555402,4.054148563121482,0.026011066142745825,10.549879101899828,0.09511850932653175,5.032028312241964,12.229832880107399,4.65313389147368,0.0,26.287125281580316,0.0,0.17176164211773393,1.7171090749125555,0.017668055127299884,11.79020134896339,0.4628499196238253,-0.7208588957055214,16.126362551037463,1.079876197688781,0.18348207590373825,-0.0906251304384122,-0.7179678853659011,-0.2458097763546305,9.883316913571237,0.2826493446165834,-0.18375292271633956,Resorts & Casinos,Consumer Cyclical,GDEN
2021Q2,2021,Q2,2021-08-06,2021-06-30,103006000.0,292467000.0,59961000.0,3.26,143746000.0,0.49149476693097,1664702000.0,276687000.0,263695000.0,132947000.0,1388015000.0,5682000.0,-196113000.0,1282220800.0,2425696800.0,9.667272282589707,1.983459574116001,0.7785165152681982,4.683985875736844,0.03335702157116371,9.667272282589707,0.3722834827801812,4.384155477370096,3.1120051259149952,4.634192426821643,0.0,26.174058430130234,0.0,0.17568730018946335,1.7535935372742522,0.06187654006542913,21.15457005213489,0.49149476693097,8.314285714285713,27.452395294164624,1.205574184111458,0.0971107301472203,0.30472983398836373,8.69924670433145,1.2737476773728718,26.44386659985215,0.2932830057880637,-0.257424558135096,Resorts & Casinos,Consumer Cyclical,GDEN
2021Q1,2021,Q1,2021-05-07,2021-03-31,10620000.0,239696000.0,26371000.0,0.35,110173000.0,0.4596363727388025,1615193000.0,171213000.0,190006000.0,141866000.0,1443980000.0,5560000.0,-299119000.0,712811940.0,1919048940.0,6.067295084871895,1.3393343013829953,0.8368529333646196,7.894721779304142,0.015608859743120262,6.067295084871895,0.06202800021026441,2.973816584340164,16.77994209039548,4.163305006045102,0.0,23.295503597122302,0.0,0.14840084126169442,1.1315537197073295,0.006575065642310238,15.06333213583821,0.4596363727388025,1.5303030303030303,2.6911452837747816,1.0490279241965963,-0.37889977081849713,0.2983984066562172,1.5750175970545237,24.67235188509874,1.5998254113343051,0.07364564936675037,-0.5311035048629014,Resorts & Casinos,Consumer Cyclical,GDEN
2020Q4,2020,Q4,2021-03-12,2020-12-31,-18469000.0,205628000.0,-1114000.0,-0.66,84853000.0,0.41265294609683506,1570949000.0,161262000.0,140731000.0,118713000.0,1409687000.0,5639000.0,-309739000.0,560619540.0,1791146540.0,5.721351025331725,1.185472526176577,0.8492223490387021,8.27277970011534,-0.00065229979001064,5.721351025331725,-0.11452791110118937,2.726377438870193,-7.588655855758298,3.4764516129032264,0.0,21.417804575279305,0.0,0.13089412832625374,0.9878109389873055,-0.011756587896869982,79.78077984915326,0.41265294609683506,-1.6400000000000001,-1.6100142260632286,0.8391468082075138,-0.4077096285151993,-0.11151482152393119,-1.655117883841288,-1.1178960736585881,-0.24580732974649944,0.011161746594177627,-0.5445783836672963,Resorts & Casinos,Consumer Cyclical,GDEN
2020Q3,2020,Q3,2020-11-06,2020-09-30,-6956000.0,205396000.0,9449000.0,-0.25,95503000.0,0.4649701065259304,1608927000.0,178574000.0,143693000.0,131740000.0,1430353000.0,6144000.0,-290320000.0,389037900.0,1626776900.0,6.348169214361891,1.0907317443449218,0.8317164172147027,7.4936496914444435,0.005493859788756951,6.348169214361891,-0.0389530390762373,1.8940870318798808,-13.982098188614145,2.1785808684354944,0.0,17.88623046875,0.0,0.1276602356725942,0.8634355548808259,-0.004323378251468214,15.02947266756809,0.4649701065259304,0.9107142857142857,-2.5421027101992855,1.1983738544879796,-0.3524214352035752,2.615073056249527,0.9114629738054629,1.1525188449308346,-1.6435940672044693,0.5008862682211329,-0.3869240630173066,Resorts & Casinos,Consumer Cyclical,GDEN
2020Q2,2020,Q2,2020-08-07,2020-06-30,-78566000.0,75974000.0,-61953000.0,-2.8,26418000.0,0.34772422144417825,1623936000.0,182040000.0,127244000.0,128424000.0,1441896000.0,6649000.0,-283364000.0,250402240.0,1514451240.0,6.484753491023083,0.9908116862891672,0.8314416331678096,7.417095143924413,-0.03579758826471311,6.484753491023083,-0.4315864645132938,3.295893858425251,-0.7967894509075173,1.3755341683146562,0.0,7.453150849751842,0.0,0.04678386340348388,0.7780632903507133,-0.048379985418144554,-9.89927811820518,0.34772422144417825,-1.393162393162393,-208.38892011125418,1.3644125379876921,-0.1795499366854564,-0.6706108250314826,-1.408522378908645,-3.482526589971782,-37.37697854586912,-0.4546446582394859,-0.3448569928959047,Resorts & Casinos,Consumer Cyclical,GDEN
2020Q1,2020,Q1,2020-05-08,2020-03-31,-32620000.0,207157000.0,-13821000.0,-1.17,80203000.0,0.3871604628373649,1902268000.0,258851000.0,346535000.0,132370000.0,1643417000.0,7130000.0,-204798000.0,184617300.0,1431622300.0,9.267848191908342,2.6179270227392912,0.8141718201641409,5.983260640291133,-0.006857073791894462,9.267848191908342,-0.12601844304252252,0.8911950839218564,-1.4149087982832618,0.7132184152272929,0.0,17.805610098176718,0.0,0.1089000077801866,2.3702273929138022,-0.017147951813309165,-25.002342903575297,0.3871604628373649,-3.178571428571428,-8.066442918891433,6.7801298836940385,0.17119572630438934,-0.21069361886391372,-3.2518248175182483,-2.3162857142857143,-5.86188702756517,0.5466065045000428,-0.04739309970946543,Resorts & Casinos,Consumer Cyclical,GDEN
2019Q4,2019,Q4,2020-03-13,2019-12-31,-7672000.0,242134000.0,10500000.0,-0.28,101612000.0,0.4196519282711226,1740917000.0,289744000.0,160429000.0,132764000.0,1451173000.0,8237000.0,-172178000.0,535104019.99999994,1780481020.0,10.40709744621242,1.2083772709469434,0.7795058581196002,4.683634518747584,0.005571257501450443,10.40709744621242,-0.026478546579049092,2.209949945071737,-17.436914103232535,1.8468165691092826,0.0,17.059851887823235,0.0,0.13908417230689343,0.9635518664698262,-0.0044068729296112335,-52.44061348490787,0.4196519282711226,0.1764705882352941,-62.61271208797742,8.079495422103502,0.2947947118210871,-0.00234656508036249,0.18789033555626125,0.0626454812265965,-1.6151025028557247,0.834541278109058,0.1046850736264938,Resorts & Casinos,Consumer Cyclical,GDEN
2019Q3,2019,Q3,2019-11-08,2019-09-30,-9447000.0,243314000.0,9881000.0,-0.34,101851000.0,0.418599011976294,1690719000.0,296211000.0,167354000.0,125289000.0,1394508000.0,7379000.0,-164506000.0,369541740.0,1544886740.0,10.652772782852622,1.3357437604258953,0.7684150944065808,4.385974862513546,0.005737878382743802,10.652772782852622,-0.031892806141568,1.5187853555487971,-9.779341060654176,1.2475625145588785,0.0,19.17102588426616,0.0,0.14391155478822915,1.0996097023681248,-0.005587563634169841,42.50537612146308,0.418599011976294,0.34615384615384615,0.8028744090855485,6.354631978655449,0.3251263509974801,-0.05552722113521082,0.3443225985563576,-0.2953216374269006,-6.798397869239506,0.865589585677285,0.19502465624567422,Resorts & Casinos,Consumer Cyclical,GDEN
2019Q2,2019,Q2,2019-08-09,2019-06-30,-14408000.0,248070000.0,14022000.0,-0.52,107839000.0,0.43471197645825777,1694670000.0,303089000.0,165483000.0,122778000.0,1391581000.0,8557000.0,-155059000.0,382560360.0,1563962360.0,10.917405086088898,1.3478228998680546,0.765984527961196,4.2828707079438715,0.007229942959611453,10.917405086088898,-0.047537192045900706,1.5421468133994436,-6.637985147140477,1.2622046989498135,0.0,16.387869580460443,0.0,0.14638248154507957,1.075412533189985,-0.008501950232198598,45.11857058615403,0.43471197645825777,-0.7931034482758622,-122.7743021193933,7.471618410766495,0.1176457906838835,0.027733038530816077,-0.7969568470940385,0.19702919583404474,-5.1029295954387806,0.9286485713178949,0.23898468101318032,Resorts & Casinos,Consumer Cyclical,GDEN
2019Q1,2019,Q1,2019-05-10,2019-03-31,-8018000.0,239892000.0,11714000.0,-0.29,104929000.0,0.43740099711536856,1690183000.0,315322000.0,156153000.0,124032000.0,1374861000.0,7080000.0,-140651000.0,410793000.0,1595896000.0,11.43714182081973,1.2589734907120742,0.7652200974687356,4.101718243573236,0.006062258609630075,11.43714182081973,-0.02542797521263978,1.712408083637637,-12.808462210027438,1.3027730383544442,0.0,19.062570621468925,0.0,0.1419325599654002,1.0028702270381837,-0.0047438650134334565,-1241.0664652567975,0.43740099711536856,0.6777777777777779,-1.1982002003948815,8.445852598230868,0.17224957986934136,0.24465031315240082,0.6832582760527771,1.142282370153621,-3.8523809546952066,1.0989771414250922,0.1708036788592213,Resorts & Casinos,Consumer Cyclical,GDEN
2018Q4,2018,Q4,2019-03-18,2018-12-31,-25314000.0,210125000.0,5468000.0,-0.9,84304000.0,0.4012088042831648,1366569000.0,315152000.0,156759000.0,83460000.0,1051417000.0,6759000.0,-120361000.0,448431840.0,1303403840.0,11.258645327236353,1.8782530553558592,0.7105700480546536,3.0811893943240087,0.006912286748414734,11.258645327236353,-0.08032314565669899,2.134119405116002,-4.428694003318322,1.4229065339899476,0.0,18.615327711199882,0.0,0.15376098828526039,1.5438533429187635,-0.0185237627957315,98.36188637859179,0.4012088042831648,-7.1818181818181825,-12.993951082314886,7.718357409050654,0.1330759849203069,-0.022618978609935655,-7.103072983354673,-0.43762213308649595,-1.8418929559762158,0.8923932526036537,0.1655266725917767,Resorts & Casinos,Consumer Cyclical,GDEN
2018Q3,2018,Q3,2018-11-09,2018-09-30,-3124000.0,210337000.0,9723000.0,-0.11,86255000.0,0.41008001445299685,1390260000.0,357437000.0,172461000.0,69076000.0,1032823000.0,5852000.0,-75461000.0,684184700.0,1521146700.0,12.924859880672573,2.4966848109328854,0.6972285759498223,2.7118876892990933,0.00428240781450516,12.924859880672573,-0.008740001734571406,3.2528024075650026,-54.75229673495518,1.9141406737411066,0.0,21.20334928229665,0.0,0.1512932832707551,2.1355174011234004,-0.0022470617006890795,-120.85933580639463,0.41008001445299685,-1.9166666666666665,-1.0762656439703195,5.496209412917255,0.29365919773872534,-0.04575676781980507,-1.869226488592098,-0.4908091123330715,-1.7044672721820104,1.2899252893977715,0.31846866853913264,Resorts & Casinos,Consumer Cyclical,GDEN
2018Q2,2018,Q2,2018-08-09,2018-06-30,3594000.0,216543000.0,19095000.0,0.12,90391000.0,0.41742748553405096,1396904000.0,356787000.0,179614000.0,75523000.0,1040117000.0,6867000.0,-72337000.0,739687940.0,1569738940.0,13.018572575348465,2.3782688717344387,0.6946654888238561,2.7197767855891612,0.011485932029239525,13.018572575348465,0.010073236973320217,3.4158940256669577,51.452973010573174,2.0731919604694116,0.0,18.37075870103393,0.0,0.1550163790783046,2.034175019530474,0.002572832492426108,74.52024380415071,0.41742748553405096,-0.07692307692307698,6.10543177095359,11.21887042220571,0.5316410704932267,-0.0168907160880536,-0.08549618320610687,0.14471554463161682,10.811261001036758,5.902876640059433,0.6471078983180439,Resorts & Casinos,Consumer Cyclical,GDEN
2018Q1,2018,Q1,2018-05-10,2018-03-31,3930000.0,214789000.0,16681000.0,0.13,91944000.0,0.4280666142120872,1390938000.0,351295000.0,171983000.0,74175000.0,1039643000.0,5363000.0,-75931000.0,630671270.0,1468517270.0,12.939518950974254,2.3186113919784295,0.6984782930655428,2.7655958667217013,0.009601716345875554,12.939518950974254,0.0111871788667644,2.9362363528858553,40.11903753180662,1.7952753953230192,0.0,22.90602274846168,0.0,0.1544202545332718,1.9917762049207954,0.0028254314714243195,31.82476005449866,0.4280666142120872,1.2452830188679245,6.747015386228616,30.656729142789008,0.5278605840338956,0.22849164250497708,1.2924324726542153,2.2752797957981543,2.1237316772016586,7.298820450332559,0.6351917923134642,Resorts & Casinos,Consumer Cyclical,GDEN
2017Q4,2017,Q4,2018-03-16,2017-12-31,-13439000.0,184347000.0,5093000.0,-0.53,74843000.0,0.40598979099198795,1365175000.0,320991000.0,133079000.0,77758000.0,1044184000.0,5594000.0,-78783000.0,834240150.0,1716620150.0,12.56275683926265,1.711450911803287,0.7126991045104107,3.031109906508282,0.005053600548499971,12.56275683926265,-0.0418672174609257,4.5253795830688865,-15.519014621623631,2.5989518397712086,0.0,19.575259206292458,0.0,0.1350354350174886,1.3566321150235345,-0.009844159173732306,-40.138575346420325,0.40598979099198795,-2.4722222222222223,-4.52614382061951,32.692728595212586,0.480570230916069,1.2969248711023815,-2.570894213909994,1.1318543323566346,-120.41691667375191,6.532149653221936,0.5629901810222239,Resorts & Casinos,Consumer Cyclical,GDEN
2017Q3,2017,Q3,2017-11-09,2017-09-30,8555000.0,108322000.0,2389000.0,0.36,32584000.0,0.3008068536400731,435641000.0,230556000.0,68565000.0,43205000.0,205085000.0,2747000.0,-65344000.0,542845080.0,672755080.0,10.354621395850176,1.5869691007985187,0.3967050851503876,0.7495836152605007,0.10052972521550302,10.354621395850176,0.03710595256683843,5.011401931278964,15.863386323787259,2.3545042419195337,0.0,27.57116854750637,0.0,0.24864969091522607,1.2087721328549936,0.019637729231178885,-222.4774918032787,0.3008068536400731,4.142857142857142,6.125686441605094,16.674221367582692,0.2431845994082299,-0.08314809082979262,3.9941622883829537,-0.07331264546159814,1.2229284109835603,3.08890321659551,0.28803851785235296,Resorts & Casinos,Consumer Cyclical,GDEN
2017Q2,2017,Q2,2017-08-08,2017-06-30,1713000.0,110493000.0,2578000.0,0.07,35539000.0,0.3216402849049261,422518000.0,220384000.0,66047000.0,36982000.0,202134000.0,3036000.0,-73898000.0,461108150.0,588093150.0,9.898225915113407,1.785922881401763,0.41842951069540235,0.8022088717874256,0.01923655298163143,9.898225915113407,0.007772796573253957,4.173188799290453,67.2954100992411,2.092294132060404,0.0,24.68840579710145,0.0,0.2615107522046398,1.52587745389649,0.004054265143733521,42.52980538646006,0.3216402849049261,-0.6956521739130435,1.3932805643254385,25.04544481032409,0.17878693934670858,0.05008273253752511,-0.6793335829277424,-0.5152312899586311,17.052500384128972,3.704949372295292,0.013309521999956048,Resorts & Casinos,Consumer Cyclical,GDEN
2017Q1,2017,Q1,2017-05-10,2017-03-31,5342000.0,106646000.0,5318000.0,0.23,33844000.0,0.3173489863661084,418846000.0,216352000.0,65537000.0,34452000.0,202494000.0,3151000.0,-75612000.0,294208740.0,427817740.0,9.728932457954851,1.9022698246836178,0.4268370713818444,0.8263339372873835,0.019779107819924275,9.728932457954851,0.024691243898831535,2.758741443654708,13.768660614002247,1.3598614295222602,0.0,23.104411298000635,0.0,0.2546186426514757,1.4890862649483338,0.012754091002420937,58.59564628560048,0.3173489863661084,-0.47727272727272724,0.7491019640518043,31.28584403239772,0.1619135600247826,0.08900186627196087,-0.4636007631288282,3.56480686695279,2.815708451637347,4.206082068814814,-0.0028332982936321934,Resorts & Casinos,Consumer Cyclical,GDEN
2016Q4,2016,Q4,2017-03-16,2016-12-31,9959000.0,105386000.0,1165000.0,0.44,31078000.0,0.29489685536978344,419078000.0,209426000.0,69647000.0,37839000.0,209652000.0,2605000.0,-80954000.0,269205300.0,405749300.0,9.420872694556905,1.8406141811358652,0.4377275829320556,0.8759275352630523,0.006060362334714853,9.420872694556905,0.04755378988282257,2.5544692843451693,6.757839642534391,1.2854435456915567,0.0,28.52514395393474,0.0,0.2514710865280449,1.478236739871561,0.023764072559284907,85.05696682464455,0.29489685536978344,6.333333333333334,1.466664792322687,48.15740920371507,0.1436147064820455,0.037177946869576824,6.64900153609831,-0.6219987021414666,7.932498349093532,4.505976204527629,-0.05187841903408068,Resorts & Casinos,Consumer Cyclical,GDEN
2016Q3,2016,Q3,2016-11-08,2016-09-30,1302000.0,104226000.0,3082000.0,0.06,29964000.0,0.28749064532842095,408328000.0,198084000.0,59341000.0,33670000.0,210244000.0,2583000.0,-90913000.0,277095870.0,418696870.0,8.914270284865667,1.7624294624294625,0.44465233831625556,0.9166010379434987,0.0075877215646675735,8.914270284865667,0.006572969043436118,2.6586060100166944,53.205812211981566,1.398880626400921,0.0,28.750290360046456,0.0,0.25525068082521896,1.391000891000891,0.003188613075762622,70.07988619119878,0.28749064532842095,-0.5,21.35806100914498,246.7108821385176,-0.029462755458312076,-0.009126984126984128,-0.535,-0.38982379726786776,-0.9604415775394817,3.006180154006069,-0.10776380930905816,Resorts & Casinos,Consumer Cyclical,GDEN
2016Q2,2016,Q2,2016-08-08,2016-06-30,2800000.0,102558000.0,5051000.0,0.12,30240000.0,0.29485754402386943,429308000.0,195053000.0,80758000.0,55258000.0,234255000.0,2694000.0,-92215000.0,258769840.0,380289840.0,8.811573906758221,1.4614716421151688,0.426791487696479,0.9393600713652187,0.010960808654777523,8.811573906758221,0.01435507272382378,2.5231560677860334,23.10445,1.3266642399758015,0.0,26.844097995545656,0.0,0.23889142527043522,1.2553476419703935,0.0065221239762594686,-98.05602122015915,0.29485754402386943,0.1999999999999999,-0.8239264286390605,1.1724842636258956,-0.04009760566565068,0.11356606274856386,0.2505582849486378,0.3516189456783516,5.853571365093283,6.164781661302984,0.03668573594875072,Resorts & Casinos,Consumer Cyclical,GDEN
2016Q1,2016,Q1,2016-05-10,2016-03-31,2239000.0,91034000.0,3737000.0,0.1,27156000.0,0.29830612738097856,400619000.0,214519000.0,82605000.0,30488000.0,186100000.0,2490000.0,-71486000.0,238046400.0,330372400.0,9.768624772313297,2.709426659669378,0.3963366690047152,0.7401675376073914,0.0097537212666688,9.768624772313297,0.010437303921797137,2.6149175033503966,26.57954443948191,1.1096751336711432,0.0,25.653815261044176,0.0,0.2272333563810004,2.4112765678299657,0.005588851252686468,104.36054362121877,0.29830612738097856,-0.9056603773584906,-0.024822437369657526,8.28487107824819,0.156066335243999,0.04865616311399444,-0.9043407673246177,-0.8638119533527697,5.047859266370196,15.587431101342085,0.15345066585422176,Resorts & Casinos,Consumer Cyclical,GDEN
2015Q4,2015,Q4,2016-03-14,2015-12-31,23406000.0,86435000.0,27440000.0,1.06,25896000.0,0.2996008561346677,378784000.0,210485000.0,83644000.0,25346000.0,168299000.0,0.0,-73725000.0,222911700.0,299832700.0,9.659706287287747,3.30008679870591,0.38570266959533667,0.694101717462052,0.06890674011559518,9.659706287287747,0.11120032306340119,2.578951813501475,2.3809247628813126,1.0590384112882152,0.0,0.0,0.0,0.22819073667314355,2.9309555748441567,0.06179247275492101,44.26364177918983,0.2996008561346677,5.625,1.5043374998200305,10.202569043636863,0.15932284395325058,0.31072531254745156,6.755467196819086,4.5397316821465425,6.201300608705447,17.52424077393974,0.13843432228609842,Resorts & Casinos,Consumer Cyclical,GDEN
2015Q3,2015,Q3,2015-11-06,2015-09-30,3018000.0,62512000.0,-7752000.0,0.16,19757000.0,0.3160513181469158,345378000.0,184501000.0,60229000.0,21400000.0,160877000.0,0.0,-97131000.0,170139957.89999998,270737957.9,9.802932894107645,2.8144392523364488,0.41622222608272674,0.7791502485081382,0.007231376185009791,9.802932894107645,0.016357634917967923,2.721716756782697,14.09376722166998,0.9221627953236026,0.0,0.0,0.0,0.18099589435343305,2.3339719626168223,0.00873825200215416,-302.7401386120996,0.3160513181469158,17.0,-0.8595794728072137,4.3586575726705545,-0.06687097053359539,1.7056970692960833,17.860335195530727,-485.5,3.139196930495709,11.066644669172417,0.17694841144757853,Resorts & Casinos,Consumer Cyclical,GDEN
2015Q2,2015,Q2,2015-07-30,2015-06-28,-179000.0,15329000.0,16000.0,-0.01,7302000.0,0.47635201252527887,119226000.0,105849000.0,88204000.0,5104000.0,13377000.0,0.0,-100149000.0,120528000.0,87703000.0,7.903897849462366,17.281347962382444,0.08080452250348079,0.09101644795888483,0.0001530875743241777,7.903897849462366,-0.001691088248353787,7.862743818905343,-168.33519553072625,1.1386786837853924,0.0,0.0,0.0,0.12857094928958449,16.682014106583072,-0.001501350376595709,-124.641158221303,0.47635201252527887,0.9230769230769231,-1.0450822501484642,2.142750414938121,-0.15515625676962905,0.3329682365826944,0.896231884057971,1.01193139448173,-1.4157828202965774,5.00742139014695,-0.05871904371764116,Resorts & Casinos,Consumer Cyclical,GDEN
2015Q1,2015,Q1,2015-05-07,2015-03-29,-1725000.0,12766000.0,-1341000.0,-0.13,5478000.0,0.42910856963810123,120349000.0,105965000.0,82413000.0,5754000.0,14384000.0,0.0,-99970000.0,117305160.0,93318160.0,7.913150623553133,14.322732012513034,0.08292549169498709,0.09418204124003209,-0.012707677948555117,7.913150623553133,-0.016278960033973482,9.188873570421432,-17.000747826086958,1.1070179776341245,0.0,0.0,0.0,0.1060748323625456,13.922836287799791,-0.014333313945275823,-55.568526764566556,0.42910856963810123,-29.009233610341646,0.6377461404112513,0.8069204336628034,-0.12595193294386056,-0.027861579414374445,-28.74137931034483,-7.984375,-1.9379572810404915,5.418080048821957,-0.05494286739475103,Resorts & Casinos,Consumer Cyclical,GDEN
2014Q4,2014,Q4,2015-03-12,2014-12-28,-58000.0,12825000.0,192000.0,-0.004332,5635000.0,0.43937621832358675,122029000.0,107616000.0,83861000.0,5472000.0,14413000.0,0.0,-98245000.0,90777420.0,65670420.0,8.037642841138247,15.32547514619883,0.08447991870784813,0.09579430567945287,0.0016281534873860504,8.037642841138247,-0.0005389533154921202,7.078161403508772,-391.28198275862076,0.843530887600357,0.0,0.0,0.0,0.10509796851568069,14.995248538011696,-0.00047529685566545656,52.081135972461276,0.43937621832358675,0.9974813953488372,0.9764686139073073,1.4033380461700702,-0.14049137223223732,-0.24836601307189543,0.9974865661293119,1.0084129348873894,0.9954875893146115,8.932412773684792,-0.024297763424117796,Resorts & Casinos,Consumer Cyclical,GDEN
2014Q3,2014,Q3,2014-11-12,2014-09-28,-23076000.0,15930000.0,-22822000.0,-1.72,7497000.0,0.47062146892655365,122100000.0,107635000.0,83042000.0,5187000.0,14465000.0,0.0,-98187000.0,112601490.0,89890490.0,8.039061916498618,16.009639483323692,0.08718263718263718,0.09889905699818832,-0.19294893473114644,8.039061916498618,-0.21439122961861848,7.068517890772128,-1.2198982709308372,1.0461419612579552,0.0,0.0,0.0,0.13046683046683047,15.554848660111817,-0.188992628992629,-43.49227114716106,0.47062146892655365,-412.0898661567877,-10.916176362288843,1.3669788275780261,-0.15744804168096208,0.18417311641130943,-405.8421052631579,-71.00613496932516,-597.8270575609987,61.83480170289043,-0.12475068044718099,Resorts & Casinos,Consumer Cyclical,GDEN
2014Q2,2014,Q2,2014-08-07,2014-06-29,57000.0,14107000.0,326000.0,0.004184,6331000.0,0.44878429148649607,146272000.0,130645000.0,88188000.0,6025000.0,15627000.0,0.0,-75111000.0,125987790.0,98789790.0,9.768215634229318,14.63701244813278,0.0749699190549114,0.0839373875770217,0.002302081053025542,9.768215634229318,0.00043629683493436413,8.930870489827745,552.5780263157894,0.9643521757434268,0.0,0.0,0.0,0.09644361190111574,14.23551867219917,0.0003896849704659812,-116.76347544022242,0.44878429148649607,1.0298857142857143,-0.9801053608685312,0.9655961567471304,0.05017592069087942,0.2144638403990025,1.032239819004525,1.1979356405585915,-0.9940675704615978,-0.5054122520523687,0.0641156364221626,Resorts & Casinos,Consumer Cyclical,GDEN
2014Q1,2014,Q1,2014-05-08,2014-03-30,-1768000.0,12310000.0,-1647000.0,-0.14,5213000.0,0.42347684809098296,145424000.0,130382000.0,89289000.0,5096000.0,15042000.0,0.0,-75168000.0,133635000.0,108246000.0,9.756575747371572,17.521389324960754,0.07751815381230058,0.08646132134803884,-0.01162683985740002,9.756575747371572,-0.01356015400898897,10.855808285946384,-18.89635180995475,1.0249497630040956,0.0,0.0,0.0,0.08464902629552205,17.115777080062795,-0.012157553086148092,-102.32388973966309,0.42347684809098296,-1.3333333333333337,-2.6989342101300684,0.6659584585999485,0.07292825146858878,0.17304230423042305,-1.0582072176949942,0.26077199281867147,-2.2653887969772737,1.0632051952591322,0.1546403953156764,Resorts & Casinos,Consumer Cyclical,GDEN
2013Q4,2013,Q4,2014-03-14,2013-12-29,-859000.0,11445000.0,-2228000.0,-0.06,4444000.0,0.38829183049366534,147261000.0,132079000.0,90925000.0,4861000.0,15182000.0,0.0,-73400000.0,106074150.0,79749150.0,9.936355087455333,18.70499897140506,0.07858156606297662,0.08761423087697515,-0.015509811974855727,9.936355087455333,-0.006503683401600557,9.268165137614679,-30.87140570430733,0.8031113954527215,0.0,0.0,0.0,0.07771915171022878,18.340053486936846,-0.005833180543388949,-24.72014681892333,0.38829183049366534,-1.0410958904109588,0.9877377676648859,2.5119754199959248,0.09421953525556387,-0.4307672601511464,-1.043828766773815,-1.1187759889113977,0.9696584484227807,1.431612409924521,0.19252522757112692,Resorts & Casinos,Consumer Cyclical,GDEN
2013Q3,2013,Q3,2013-11-07,2013-09-29,19599000.0,15492000.0,18758000.0,1.46,7807000.0,0.5039375161373613,150282000.0,132200000.0,95242000.0,5173000.0,18082000.0,0.0,-72541000.0,109560959.99999999,81331959.99999999,9.99093107617896,18.411366711772665,0.0911819113400141,0.1036535552193646,0.12856486843999096,9.99093107617896,0.14825264750378214,7.072099147947327,1.3975325271697534,0.8287515885022693,0.0,0.0,0.0,0.10308619794785803,17.987434757394162,0.1304148201381403,43.6845933014354,0.5039375161373613,72.0,4.260101998048302,0.31455097977801144,-0.34924217569006394,0.404641957538683,79.32377049180327,16.09090909090909,0.2970672061506451,0.8889362569626076,-0.04897565664410626,Resorts & Casinos,Consumer Cyclical,GDEN
2013Q2,2013,Q2,2013-08-09,2013-06-30,244000.0,8549000.0,-1243000.0,0.02,5558000.0,0.6501345186571529,131526000.0,112371000.0,34308000.0,5792000.0,19155000.0,0.0,-92140000.0,97038470.0,81573470.0,8.499754169660754,5.923342541436464,0.0858233353101288,0.1004529638429844,-0.010051836097655649,8.499754169660754,0.00217137873650675,11.350856240495965,99.4246618852459,0.8635543868079842,0.0,0.0,0.0,0.06499855541870049,5.360842541436464,0.0018551465109560086,-12.886915006640105,0.6501345186571529,2.0,1.0443574808508092,-0.2645486491851749,-0.457492134521448,0.9231833910034603,1.7327327327327327,0.33812566560170393,-0.9377499162642373,0.7754520405902884,-0.09146546855706086,Resorts & Casinos,Consumer Cyclical,GDEN
2013Q1,2013,Q1,2013-05-09,2013-03-31,-333000.0,3304000.0,-1878000.0,-0.02,2890000.0,0.8746973365617433,120621000.0,111965000.0,28089000.0,5708000.0,8656000.0,0.0,-92384000.0,73505980.0,54436980.0,8.469044287281116,4.920988086895585,0.0,0.0,-0.01677309873621221,8.469044287281116,-0.0029741437056222926,22.247572639225183,-55.18466966966966,0.6565085517795739,0.0,0.0,0.0,0.027391581897016275,4.475823405746321,-0.002760713308627851,-9.361434029546613,0.8746973365617433,-1.1428571428571428,0.9551245937938802,-0.6784381173658236,-0.48018668451762564,0.44644644644644643,-1.168864097363083,0.0021253985122210413,0.9291673834415161,-0.5263152999993246,-0.06455062701850552,Resorts & Casinos,Consumer Cyclical,GDEN
2012Q4,2012,Q4,2013-03-15,2012-12-30,1972000.0,2831000.0,-1882000.0,0.14,1998000.0,0.705757682797598,119722000.0,112177000.0,35896000.0,4243000.0,7545000.0,0.0,-92051000.0,79323000.0,51443000.0,8.485079989410385,8.460051850106057,0.0,0.0,-0.01904683808638241,8.485079989410385,0.017579361188122342,28.019427764040977,10.05616125760649,0.7071235636538684,0.0,0.0,0.0,0.02364644760361504,8.164270563280697,0.016471492290472928,19.30939629990263,0.705757682797598,2.7500000000000004,1.2785328853621738,-0.6843376358145088,-0.4965388770284916,-0.2879543834640057,2.9899091826437942,0.25287812624057165,1.810264268781975,-0.4627237808929746,-0.09264449760434638,Resorts & Casinos,Consumer Cyclical,GDEN
2012Q3,2012,Q3,2012-11-07,2012-09-30,-991000.0,3639000.0,-2519000.0,-0.08,2806000.0,0.7710909590546854,117536000.0,110115000.0,36110000.0,3781000.0,7421000.0,0.0,-94023000.0,55526100.0,31533100.0,8.32911009417193,9.550383496429516,0.0,0.0,-0.021029869514894908,8.32911009417193,-0.008999682150479044,15.258615004122012,-14.007593340060547,0.5042555510148481,0.0,0.0,0.0,0.03096072692621835,9.060830468130124,-0.008431459297576913,75.44307065217392,0.7710909590546854,-3.0,0.824589095872323,-0.5208877471110908,-0.52255940037426,0.11393410083366415,-3.3317647058823527,-1.287920072661217,-1.4312783204088375,-0.45240318425292136,-0.12704889030684785,Resorts & Casinos,Consumer Cyclical,GDEN
2012Q2,2012,Q2,2012-08-09,2012-07-01,425000.0,2519000.0,-1101000.0,0.04,2519000.0,1.0,117441000.0,111012000.0,43991000.0,2465000.0,6429000.0,0.0,-93032000.0,75356850.0,45245850.0,8.396959267803789,17.846247464503044,0.0,0.0,-0.015072283186279583,8.396959267803789,0.0038284149461319497,29.915383088527193,44.327558823529415,0.6788171549021729,0.0,0.0,0.0,0.02144906804267675,16.520081135902636,0.00361883839544963,30.707762836185818,1.0,-0.7142857142857143,-0.941737760866744,-0.7207334080897757,-0.5378146224452872,0.28323993886907795,-0.7658402203856749,0.30623818525519847,-0.8499348609952145,-0.6449271467152042,-0.0972471574881043,Resorts & Casinos,Consumer Cyclical,GDEN
2012Q1,2012,Q1,2012-05-09,2012-04-01,1815000.0,1963000.0,-1587000.0,0.14,1963000.0,1.0,117916000.0,110656000.0,48312000.0,2559000.0,6832000.0,0.0,-93457000.0,48633040.0,12492040.0,8.37319813854943,18.879249706916763,0.0,0.0,0.10400727412539613,8.37319813854943,0.016402183342972818,24.774854814060113,6.6987658402203865,0.4394975419317525,0.0,0.0,0.0,0.01664744394314597,18.388042203985933,0.015392313172088605,45.707744360902254,1.0,1.1455119943458196,1.1304337489409595,-0.6568874684651512,-0.5164296709799001,0.5420267085624509,1.1432291666666667,0.9053441488727186,0.7636302900049923,-0.7313647290743154,-0.07920144622316547,Resorts & Casinos,Consumer Cyclical,GDEN
2011Q4,2011,Q4,2012-03-16,2012-01-01,-12672000.0,1273000.0,-16766000.0,-0.96212,1273000.0,1.0,116000000.0,108739000.0,46485000.0,2343000.0,6911000.0,0.0,-95272000.0,48840000.0,15883000.0,8.23780303030303,19.839948783610755,0.0,0.0,-0.12677491771836946,8.23780303030303,-0.1165359254729214,38.36606441476827,-0.9635416666666667,0.44914887942688453,0.0,0.0,0.0,0.010974137931034482,18.447289799402476,-0.10924137931034483,-11.754512635379061,1.0,-333.28606210526317,-3.013755158184319,-0.80756287110556,-0.5227682107121971,4.092,-332.4736842105263,-0.5982840800762631,0.8178394710338486,1.1693519007445794,-0.09282982300771374,Resorts & Casinos,Consumer Cyclical,GDEN
2011Q3,2011,Q3,2011-11-16,2011-10-02,-38000.0,250000.0,-10490000.0,-0.0028781337574793607,250000.0,1.0,128854000.0,121268000.0,49295000.0,2549000.0,7399000.0,0.0,-82600000.0,58885380.0,20489380.0,9.184882223737029,19.33895645351118,0.0,0.0,-0.0005262516945467576,9.184882223737029,-0.00031335554309463336,235.54152,-387.4038157894737,0.4855805323745753,0.0,0.0,0.0,0.001940180359166188,18.14633189486073,-0.0002949074145932606,-16.87743766122098,1.0,-1.003997407996499,-1.1654276076283867,-0.9633413058140958,-0.4815523183075937,-0.9911212131974287,-1.0040063257775436,-1.6622474747474747,0.9936651878562873,-0.9787400214267897,-0.40174404898926835,Resorts & Casinos,Consumer Cyclical,GDEN
2011Q2,2011,Q2,2011-08-10,2011-07-03,9485000.0,28157000.0,15840000.0,0.72,28157000.0,1.0,136433000.0,121199000.0,62466000.0,10115000.0,15234000.0,0.0,-82562000.0,59941620.0,5655620.0,9.179656138756343,6.175580820563519,0.0,0.0,0.07227343693910089,9.179656138756343,0.0782597216148648,2.1288354583229747,1.5799056404849763,0.49457190240843574,0.0,0.0,0.0,0.20637968819860297,6.05852694018784,0.06952130349695455,2.0469767441860465,1.0,6.199999999999999,1.5297627792272914,1.1739622962857659,-0.4841255431227642,3.778041744442559,5.8731884057971016,11.93061224489796,2.7265916641378496,1.4254943703499963,-0.41409650699785405,Resorts & Casinos,Consumer Cyclical,GDEN
2011Q1,2011,Q1,2011-05-11,2011-04-03,1380000.0,5893000.0,1225000.0,0.1,5893000.0,1.0,119904000.0,111530000.0,38285000.0,2856000.0,8374000.0,0.0,-92047000.0,68634800.0,44008800.0,8.449882566861126,13.405112044817928,0.0,0.0,0.006390116680015162,8.449882566861126,0.012373352461221196,11.646835228236892,12.433840579710147,0.615393167757554,0.0,0.0,0.0,0.049147651454496934,12.925420168067227,0.011509207365892714,-9.43174385048784,1.0,1.0469750421601003,-0.89974223547123,-0.24568851492464763,-0.5263648606496061,0.26080445014976467,1.0490858646937469,1.0310236539533,1.186273080723481,-0.42552938774690946,-0.4813627933067626,Resorts & Casinos,Consumer Cyclical,GDEN
2010Q4,2010,Q4,2011-03-31,2011-01-02,-28114000.0,4674000.0,-39486000.0,-2.12879,4674000.0,1.0,126646000.0,109985000.0,51317000.0,10831000.0,16661000.0,0.0,-93427000.0,78936000.0,33703000.0,8.33219696969697,4.7379743329332475,0.0,0.0,-0.26210865350303514,8.33219696969697,-0.2556166750011365,16.888318356867778,-0.7019278651205806,0.7176978678910761,0.0,0.0,0.0,0.03690602150877249,4.554888745268212,-0.221988850812501,-57.998530492285084,1.0,-2.8673596491228075,-9.108192736336855,-0.2639535668488899,-0.4768525809039759,-0.4280469897209985,-2.867295430393199,-18.915607985480943,-2.9770967608374623,-0.47802993985879894,-0.5056101712159657,Resorts & Casinos,Consumer Cyclical,GDEN
2010Q3,2010,Q3,2010-11-10,2010-10-03,15056000.0,8172000.0,2204000.0,1.14,8172000.0,1.0,174662000.0,138509000.0,61032000.0,30025000.0,36153000.0,0.0,-65313000.0,46409440.0,-495560.0,10.505441996283515,2.03270607826811,0.0,0.0,0.009203132333804043,10.505441996283515,0.10870051765589239,5.679079784630446,0.7706137088204039,0.3350644362460201,0.0,0.0,0.0,0.04678750958995088,1.9560033305578683,0.08620077635662021,8.70721200750469,1.0,2.8,2.808109750451528,2.243068418988574,-0.3065981669307153,0.7017909204498126,2.8516244563827065,1.6357081049899047,3.672247962509292,0.07886671873604569,-0.3978078727103571,Resorts & Casinos,Consumer Cyclical,GDEN
2010Q2,2010,Q2,2010-08-11,2010-07-04,3909000.0,4802000.0,-3467000.0,0.3,4802000.0,1.0,154543000.0,123347000.0,35680000.0,22340000.0,31196000.0,0.0,-80369000.0,36125530.0,13789530.0,9.355455269445182,1.5971351835273053,0.012941382010184868,0.01621441948324645,0.06584645749343793,9.355455269445182,0.03169108288000519,7.523017492711371,2.310407393195191,0.2928772487373021,0.0,0.0,0.0,0.031072258206453866,1.4927931960608773,0.025293931138906323,16.617079116835328,1.0,1.8333333333333333,1.5849942077180108,-0.38478966050264607,-0.4067072405781233,-0.3094621800402646,1.8340089609558352,-137.68,-0.4626612907775623,-0.4661771135815908,-0.48505709173986833,Resorts & Casinos,Consumer Cyclical,GDEN
2010Q1,2010,Q1,2010-05-14,2010-04-04,-4687000.0,6954000.0,-25000.0,-0.36,6954000.0,1.0,172726000.0,119329000.0,42232000.0,43856000.0,53397000.0,0.0,-84278000.0,60630299.99999999,71238300.0,9.053450172603467,0.9629697190806276,0.09656913261466137,0.13978161218144794,0.0005999469845013329,9.053450172603467,-0.03927796260758072,8.718766177739429,-3.233960955835289,0.508093589990698,0.0,0.0,0.0,0.04026029665481746,0.9031831448376505,-0.02713546310341234,36.54629294755877,1.0,-0.9799802001979978,-0.8683740418434938,0.43128843535694583,-0.44450611451563093,0.32180193879490593,-0.9288065843621399,0.9921135646687698,0.6622774850446889,0.21871647036537653,-0.4771436425734243,Resorts & Casinos,Consumer Cyclical,GDEN
2009Q4,2009,Q4,2010-03-17,2010-01-03,-2430000.0,5261000.0,-3170000.0,-0.18182,5261000.0,1.0,173737000.0,123439000.0,38674000.0,40101000.0,50298000.0,0.0,-79591000.0,68904000.0,83499000.0,9.351439393939394,0.964414852497444,0.10559638994572255,0.14862401672080947,-0.05577971505719211,9.351439393939394,-0.019685836729072658,13.097129823227524,-7.088888888888889,0.5582028370288158,0.0,0.0,0.0,0.03028140234952831,0.9026208822722626,-0.013986657994554988,15.789184234647113,1.0,-2.010111111111111,-1.365220570314404,-0.22724493846764582,-0.4339939731682556,-0.20492670394438567,-2.062062937062937,-5.384508990318119,-1.3861604351631862,-0.20470405725557841,-0.45825311215022124,Resorts & Casinos,Consumer Cyclical,GDEN
2009Q3,2009,Q3,2009-11-06,2009-09-27,2288000.0,6617000.0,723000.0,0.18,6617000.0,1.0,178023000.0,125602000.0,42844000.0,39596000.0,52421000.0,0.0,-77161000.0,89251920.0,100627920.0,9.54132482528107,1.0820284877260329,0.10300916173752829,0.14600085985891945,0.0061721026797327385,9.54132482528107,0.018216270441553477,13.488275653619466,9.752176573426572,0.7105931434212831,0.0,0.0,0.0,0.03716935452160676,0.9478735225780381,0.012852271897451454,25.50783652472135,1.0,-0.18181818181818185,2.1245882073698015,0.8788012261436451,-0.38668744501986696,-0.06327859569648923,-0.18865248226950354,-0.5167112299465241,8.989992502775195,-0.026843099304292486,-0.4614326438332344,Resorts & Casinos,Consumer Cyclical,GDEN
2009Q2,2009,Q2,2009-08-05,2009-06-28,2820000.0,7064000.0,1496000.0,0.22,7064000.0,1.0,172423000.0,122445000.0,25629000.0,40051000.0,49978000.0,0.0,-79449000.0,81880080.0,91045080.0,9.301504102096628,0.6399091158772565,0.11599960562105983,0.16334680877128507,0.010487349731336986,9.301504102096628,0.023030748499326226,11.591177802944507,7.2588723404255315,0.6687090530442239,0.0,0.0,0.0,0.0409690122547456,0.5763401662879828,0.016355126636237626,62.03036363636364,1.0,1.7500000000000002,1.3323741271057774,0.2631721721307833,-0.3270721210206033,-0.029403682330310526,1.751219512195122,32.166666666666664,-0.2456440482552057,-0.452982693035779,-0.47727798249961834,Resorts & Casinos,Consumer Cyclical,GDEN
2009Q1,2009,Q1,2009-05-08,2009-03-29,1025000.0,7278000.0,-48000.0,0.08,7278000.0,1.0,167079000.0,119692000.0,21823000.0,40494000.0,47387000.0,0.0,-82269000.0,52913249.99999999,63065249.99999999,9.09340930674264,0.5389193460759619,0.11981158613589979,0.1672459312234736,-0.00024958046892822086,9.09340930674264,0.00856364669317916,7.270300906842538,12.905670731707316,0.4420784179393777,0.0,0.0,0.0,0.04356023198606647,0.5068405195831481,0.00613482244926053,20.18049199084668,1.0,1.015182483968246,3.2306442745039234,1.9075805497061533,0.23404805325952993,8.652996845425868,1.0149611011370436,0.999023894255211,-0.9253266834652895,-0.06582342025563254,-0.4902937230086118,Resorts & Casinos,Consumer Cyclical,GDEN
2008Q4,2008,Q4,2009-03-13,2008-12-28,-68511000.0,-7403000.0,-49175000.0,-5.26923,-951000.0,-0.12846143455355938,165444000.0,118050000.0,18960000.0,40141000.0,47394000.0,0.0,-83294000.0,101400000.0,115382000.0,9.080769230769231,0.47233501905782116,0.1218055656294577,0.17070732740364253,-0.3954331366632062,9.080769230769231,-0.5803557814485387,-13.69714980413346,-0.37001357446249505,0.8589580686149936,0.0,0.0,0.0,-0.044746258552742925,0.44164320769288257,-0.4141038659606876,-4.382401244705679,0.12846143455355938,-10.454847826086956,-25.586432379501687,-16.744802226197574,-0.38278641903883287,-1.0930710510863182,-10.97535395909806,-8.634600313479623,-21.06283532918475,-2.1837359374107703,-0.42985253424028413,Resorts & Casinos,Consumer Cyclical,GDEN
2008Q3,2008,Q3,2008-11-07,2008-09-28,-5721000.0,11215000.0,-5104000.0,-0.46,10218000.0,0.9111012037449844,245101000.0,193322000.0,31775000.0,36801000.0,42399000.0,0.0,-1046000.0,154126080.0,153766080.0,15.352763659466328,0.863427624249341,0.04772318350394327,0.06050527099864475,-0.03667815350982289,15.352763659466328,-0.029593114079101188,13.742851538118591,-6.735102254850551,0.797250597448816,0.0,0.0,0.0,0.045756647259701105,0.5728920409771474,-0.023341398035911728,-11.359528301886792,0.9111012037449844,-0.09523809523809533,-2.712505086983763,24.134139523557547,0.029309600490665663,0.24990825688073395,-0.10316236020053991,0.21885521885521886,0.28062377685240886,3.6601079871945394,0.013344747219539344,Resorts & Casinos,Consumer Cyclical,GDEN
2008Q2,2008,Q2,2008-08-07,2008-06-29,-5186000.0,10959000.0,-6534000.0,-0.42,8175000.0,0.7459622228305502,240124000.0,195280000.0,22185000.0,27530000.0,33640000.0,0.0,4675000.0,164026240.0,156860240.0,15.667522464698331,0.8058481656374864,0.01149406140160917,0.01413355182302335,-0.03526021292743492,15.667522464698331,-0.026556739041376485,14.96726343644493,-7.907165445430003,0.8399541171650963,0.0,0.0,0.0,0.04563891989138945,0.7359970940791863,-0.021597174793023605,-35.923399036355676,0.7459622228305502,0.2500000000000001,-6.609937913967893,2.1663796201577807,0.04187021547049091,0.18632999564649544,0.24895003620564807,0.16796128867948554,0.17903501919185005,0.48517838935595203,-0.006416324094468813,Resorts & Casinos,Consumer Cyclical,GDEN
2008Q1,2008,Q1,2008-05-09,2008-03-30,-6905000.0,9561000.0,-7853000.0,-0.56,6891000.0,0.7207405083150298,245908000.0,200430000.0,26700000.0,26154000.0,32891000.0,0.0,9861000.0,108749680.0,109005680.0,16.292472768655504,1.0208763477861895,0.0,0.0,-0.04286181609716632,16.292472768655504,-0.034450930499426234,11.374299759439388,-3.93735264301231,0.542581849024597,0.0,0.0,0.0,0.038880394293800934,0.8921388697713543,-0.02807960700749874,-14.889058050383351,0.7207405083150298,-0.04362735049106402,-7.999264552470438,29.064562451042697,1.17759731270677,0.026362823949955316,-0.04827690906330651,-0.16289056715533837,-1.9490946886554663,1.1083948991796133,-0.00034033104904796814,Resorts & Casinos,Consumer Cyclical,GDEN
2007Q4,2007,Q4,2008-03-12,2007-12-30,-6587000.0,8344000.0,-6753000.0,-0.53659,6714000.0,0.8046500479386386,256101000.0,207298000.0,69392000.0,27466000.0,34808000.0,0.0,16766000.0,170478000.0,170430000.0,16.853495934959348,2.5264690890555594,0.0,0.0,-0.038913239281129136,16.853495934959348,-0.031775511582359695,20.431208053691275,-6.470244420828905,0.8223813061389884,0.0,0.0,0.0,0.03258089581844663,2.4162236947498728,-0.0257203212794952,-29.767417496071243,0.8046500479386386,-0.2775952380952382,-1.1469748963752875,0.0,0.1129964295717967,0.18789808917197454,-0.2638142747505756,-0.06868175344200032,-2.062442511824582,0.31527532218553633,0.0200761476948217,Resorts & Casinos,Consumer Cyclical,GDEN
2007Q3,2007,Q3,2007-11-09,2007-09-30,-5212000.0,7007000.0,-6319000.0,-0.42,5652000.0,0.8066219494790924,265157000.0,212772000.0,70062000.0,29892000.0,37815000.0,0.0,23353000.0,239539247.8035,241418247.8035,17.445332677407453,2.3438378161380973,0.0,0.0,-0.03209315233161867,17.445332677407453,-0.024495704321997255,34.18570683652062,-11.489795078832502,1.1258024918856804,0.0,0.0,0.0,0.02642585336234759,2.240566037735849,-0.019656279110112123,-13.425582771185965,0.8066219494790924,-1.8399999999999999,-1.7484868768474868,0.0,0.13715348665600785,0.12098373661245537,-1.7928202007909948,-5.066280566280566,-1.7649963703112028,1.1473580829011245,0.1213790278378857,Resorts & Casinos,Consumer Cyclical,GDEN
2007Q2,2007,Q2,2007-08-10,2007-07-01,6574000.0,8129000.0,1554000.0,0.5,5042000.0,0.6202484930495756,256557000.0,216462000.0,80575000.0,24888000.0,24888000.0,0.0,27398000.0,285948000.0,267319000.0,18.167946619665113,3.2375040180006427,0.0,0.0,0.006825769550629635,18.167946619665113,0.030370226644861453,35.17628244556526,10.874201399452387,1.3210078443329547,0.0,0.0,0.0,0.03168496669356127,3.1577868852459017,0.02562393542175813,-360.1360201511335,0.6202484930495756,1.471698113207547,1.817503122000521,0.0,0.17286534660313416,0.7879432624113475,1.5436202761928388,1.2134029112881077,1.8560908459361383,0.6060572955773215,0.31438073348012363,Resorts & Casinos,Consumer Cyclical,GDEN
2007Q1,2007,Q1,2007-05-11,2007-04-01,-12093000.0,4972000.0,-7282000.0,-1.06,2820000.0,0.5671761866452132,243034000.0,198867000.0,67533000.0,28050000.0,28050000.0,0.0,20826000.0,256804611.485,247879611.485,17.315367871136264,2.4075935828877006,0.0,0.0,-0.03754937067841202,17.315367871136264,-0.06080948573669839,51.650163210981496,-5.308951696952782,1.2913384899706841,0.0,0.0,0.0,0.020458042907576718,2.2832085561497326,-0.049758470008311594,-22.01496883711959,0.5671761866452132,-3.223521320495186,-21.14597300827166,2.066127241750515,0.04480314127546797,-0.31735657225853303,-3.0792640990371387,-1.9661669099111052,-29.161149554338618,1.2764504846691442,1.349833301466397,Resorts & Casinos,Consumer Cyclical,GDEN
