Quarters,Year,Quarter,FillingDate,Date,NetIncome,Revenue,OperatingIncome,EPSDiluted,GrossProfit,GrossProfitRatio,TotalAssets,CommonStockEquity,CurrentAssets,CurrentLiability,TotalLiability,Inventory,RetainedEarnings,MarketCap,EnterpriseValue,bookValuePerShare,currentRatio,debtToAssets,debtToEquity,roic,shareholdersEquityPerShare,roe,priceToSalesRatio,peRatio,pbRatio,payoutRatio,inventoryTurnover,dividendYield,assetTurnover,quickRatio,returnOnAssets,priceToFreeCashFlowsRatio,grossProfitMargin,epsdilutedGrowth,fiveYNetIncomeGrowthPerShare,fiveYRevenueGrowthPerShare,fiveYShareholdersEquityGrowthPerShare,grossProfitGrowth,netIncomeGrowth,operatingIncomeGrowth,threeYNetIncomeGrowthPerShare,threeYRevenueGrowthPerShare,threeYShareholdersEquityGrowthPerShare,Industry,Sector,Symbol
2023Q1,2023,Q1,2023-04-24,2023-03-31,-2626000.0,35202000.0,-2756000.0,-0.49,14990000.0,0.425828078,69465000.0,8871000.0,45075000.0,23423000.0,60594000.0,2537000.0,-430917000.0,23658005.8,25202005.8,1.6573594719467015,1.9243905562908252,0.24187720434751314,1.8940367489572765,-0.07117318507176318,1.6573594719467015,-0.2960207417427573,0.6720642520311346,-2.252285396039604,2.6668927742080935,-0.32597105864432596,7.966890027591644,0.0361822550571866,0.5067587993953789,1.595098834478931,-0.03780321024976607,-24.264621333333334,0.42582807795011646,-0.22499999999999992,0.33642555865874973,-0.2779837161027852,-0.9023275483198328,-0.07205645660517519,-0.2265296590378328,-0.46439957492029754,-0.6200224679023599,-0.12741352089594793,-0.8375894219116972,Publishing,Communication Services,DALN
2022Q4,2022,Q4,2023-03-09,2022-12-31,-2141000.0,39103000.0,-1882000.0,-0.4,16154000.0,0.4131140833,72265000.0,12363000.0,47925000.0,22759000.0,59902000.0,2725000.0,-427435000.0,20671316.38,9392316.379999999,2.3097661088577466,2.105760358539479,0.22896284508406559,1.3383482973388336,-0.04155887367521074,2.3097661088577466,-0.17317803122219527,0.5286376078561746,-2.413745490425035,1.672030767613039,-0.39981317141522654,8.421651376146789,0.04141003815452221,0.5411056528056459,1.8387451118238938,-0.02962706704490417,-5.064016751592357,0.4131140833184155,0.1666666666666666,-1.169624879953955,-0.38036877891883725,-0.8715130158425068,0.0888379617147479,0.17208043310131477,0.17852466171977302,-0.9561124137012268,-0.1633701383615811,-0.7855839204538336,Publishing,Communication Services,DALN
2022Q3,2022,Q3,2022-10-25,2022-09-30,-2586000.0,37688000.0,-2291000.0,-0.48,14836000.0,0.3936531522,77386000.0,24725000.0,51845000.0,24831000.0,52661000.0,1844000.0,-424438000.0,24835553.599999998,8619553.599999998,4.61934538878167,2.0879143006725465,0.21728736463959888,0.6800808897876643,-0.04256838295641134,4.61934538878167,-0.10459049544994944,0.6589777541923157,-2.400962258313998,1.0044713286147622,-3.4358081979891724,12.392624728850326,0.3577532493578078,0.48701315483420776,1.864081188836535,-0.03341689711317292,-3.7715343356112374,0.39365315219698577,-0.0666666666666666,-2.018392970070396,-0.36768865468023665,-0.7042320752837093,-0.03310740354535975,-0.07080745341614907,-0.05284926470588235,0.352314602459202,-0.12199410904831991,-0.5531861255735941,Publishing,Communication Services,DALN
2022Q2,2022,Q2,2022-07-29,2022-06-30,-2415000.0,37573000.0,-2176000.0,-0.45,15344000.0,0.4083783568,94819000.0,36066000.0,68663000.0,25953000.0,58753000.0,1770000.0,-412967000.0,33881261.7,24185261.700000003,6.73817232727198,2.6456671675721495,0.177854649384617,0.4675872012421671,-0.03346381255313255,6.73817232727198,-0.06696057228414573,0.9017449152316824,-3.50737698757764,0.9394238812177674,-0.35486542443064184,12.558757062146892,0.02529421742284172,0.3962602432002025,2.4105113089045584,-0.025469578881869667,-12.091813597430408,0.40837835679876505,0.08163265306122446,-2.0467204983101324,-0.39516963187979626,-0.507381358779277,0.04780114722753346,0.08661119515885023,0.12187247780468119,-1.1440060178378546,-0.2086187069899899,-0.5500896996930961,Publishing,Communication Services,DALN
2022Q1,2022,Q1,2022-04-22,2022-03-31,-2644000.0,36287000.0,-2478000.0,-0.49,14644000.0,0.4035605038,100063000.0,39207000.0,72564000.0,26470000.0,60856000.0,1781000.0,-409695000.0,37467430.0,25104430.0,7.3250020084110385,2.7413675859463544,0.18517334079529896,0.4725941796107838,-0.034922262393803374,7.3250020084110385,-0.06743693728160788,1.0325303827817125,-3.5426843797276852,0.9556311372969113,-0.3237518910741301,12.152161706906233,0.02284650962182354,0.3626415358324256,2.495277672837174,-0.02642335328742892,-80.74877155172413,0.40356050376167774,-2.225,0.3953434120556375,-0.3963604241048507,-0.482151972011608,-0.09049127383392336,-2.2303396928804093,-2.2515151515151515,0.11462153704352417,-0.21442049218463835,-0.3969760820480117,Publishing,Communication Services,DALN
2021Q4,2021,Q4,2022-03-07,2021-12-31,2149000.0,40580000.0,1980000.0,0.4,16101000.0,0.3967718088,105452000.0,42577000.0,76528000.0,27918000.0,62875000.0,2192000.0,-406195000.0,38618215.35,25360215.35,7.954615515395639,2.741170570957805,0.18189318362857035,0.4505014444418348,0.026550859289094255,7.954615515395639,0.050473260210911995,0.9516563664366684,4.492579728943695,0.9070205827089742,0.39879013494648674,11.16742700729927,0.02219160031692143,0.3848196335773622,2.537825059101655,0.020378940181314722,-34.480549419642855,0.3967718087727945,0.3333333333333335,1.1152765473584136,-0.37839867509179675,-0.5096956422127725,0.017055144968732235,0.31759656652360513,1.7674418604651163,13.398791544676754,-0.21965697503444057,-0.38972853758668174,Publishing,Communication Services,DALN
2021Q3,2021,Q3,2021-10-25,2021-09-30,1631000.0,38311000.0,-2580000.0,0.3,15831000.0,0.41322335621623035,108457000.0,42303000.0,78725000.0,30487000.0,66154000.0,2201000.0,-407487000.0,36441357.667,21645357.667000003,7.903424387528048,2.582248171351724,0.1831417059295389,0.4695411672930998,0.06812574641394678,7.903424387528048,0.038555185211450724,0.9511982894468952,5.585738452942979,0.8614367223837552,0.5248313917841815,10.213539300318038,0.02348979442045221,0.35323676664484543,2.3389641486535244,0.015038217911245932,-18.266344695238097,0.41322335621623035,2.0714285714285716,4.32250825001048,-0.40124239829248715,-0.6126230487997714,-0.019084205960716277,2.1005398110661266,0.14342629482071714,2.5963543173869117,-0.2080425399913103,-0.5071867443710267,Publishing,Communication Services,DALN
2021Q2,2021,Q2,2021-07-26,2021-06-30,-1482000.0,38668000.0,-3012000.0,-0.28,16139000.0,0.41737353884348816,113258000.0,41168000.0,81848000.0,31265000.0,72090000.0,2007000.0,-408262000.0,38644977.8,21401977.799999997,7.691373547638576,2.617879417879418,0.18124106023415565,0.4986154294597746,-0.03880586961615748,7.691373547638576,-0.035998834045860864,0.999404618806248,-6.519058333333333,0.9387139963078118,-0.5775978407557355,11.225211758844045,0.022150355589025592,0.3414151759699094,2.391012314089237,-0.013085168376626816,175.65899,0.41737353884348816,0.4615384615384615,-3.158934589483736,-0.4140878758373897,-0.6313992806936787,0.04907696307852314,0.4640144665461121,0.18594594594594593,-1.8178738275356083,-0.23271028459712528,-0.5345076609302725,Publishing,Communication Services,DALN
2021Q1,2021,Q1,2021-04-26,2021-03-31,-2765000.0,36815000.0,-3700000.0,-0.52,15384000.0,0.417873149531441,118088000.0,43147000.0,85088000.0,31665000.0,74941000.0,2366000.0,-405924000.0,30082148.67080569,13166148.670805689,8.060934815851347,2.6871309016264013,0.1796626244834361,0.49171437179873456,-0.048873472782202734,8.060934815851347,-0.06408325028391314,0.8171166282984025,-2.719904943110822,0.6972013968712932,-0.3095840867992767,9.057903634826712,0.028455414184916126,0.31175902716618115,2.413074372335386,-0.023414741548675563,-10.499877372008967,0.417873149531441,-0.625,-3.396192484780775,-0.40794565350683554,-0.6255990542576887,-0.1258594238308995,-0.5899942495687176,0.07914385266301642,0.3013161042517253,-0.2449162433434171,-0.5249484015839758,Publishing,Communication Services,DALN
2020Q4,2020,Q4,2021-03-11,2020-12-31,-1739000.0,40799000.0,-4018000.0,-0.32,17599000.0,0.4313586117306797,123215000.0,46408000.0,88106000.0,31484000.0,76807000.0,1974000.0,-402303000.0,21349320.14506382,1224320.1450638212,8.670170879412922,2.7984373014864694,0.17765694111918193,0.47168591622134115,-0.043476348221251467,8.670170879412922,-0.037471987588346835,0.5232804761161749,-3.06919496047496,0.4600353418605374,-0.4928119608970673,11.752786220871327,0.040141793470559156,0.331120399302033,2.583915639690001,-0.014113541370774663,-101.66342926220867,0.4313586117306797,-15.0,0.8723697381042194,-0.4404835900331726,-0.6050637456100467,0.10276333103577918,-16.744897959183675,-0.6623913942904427,-1.137772689717123,-0.353507632552402,-0.5176983054025339,Publishing,Communication Services,DALN
2020Q3,2020,Q3,2020-10-26,2020-09-30,-98000.0,37742000.0,-2417000.0,-0.02,15959000.0,0.42284457633405753,129267000.0,49836000.0,91529000.0,33265000.0,79431000.0,2062000.0,-399706000.0,19403845.6739218,-1215154.3260781989,9.310606704585897,2.751510596723283,0.1744838203099012,0.4525844770848383,-0.007747653357194341,9.310606704585897,-0.001966449955855205,0.5141181091071433,-49.499606311025005,0.38935399458066067,-8.73469387755102,10.564015518913676,0.04411496640330627,0.2919693347876875,2.4386893130918383,-0.0007581207887550574,17.916755008238045,0.42284457633405753,0.96875,0.9749483713631593,-0.4295559764894876,-0.5647091328171172,0.10176044183638247,0.971294669009959,0.44792142530836,-1.0385925625766992,-0.3667962729438031,-0.40385951014776844,Publishing,Communication Services,DALN
2020Q2,2020,Q2,2020-07-28,2020-06-30,-3414000.0,35415000.0,-4378000.0,-0.64,14485000.0,0.4090074827050685,130606000.0,50571000.0,89714000.0,31007000.0,80035000.0,3060000.0,-398752000.0,23257091.623444192,6154091.623444192,9.447923020660033,2.893346663656594,0.19300032157787544,0.49844772695813805,-0.048574680194309876,9.447923020660033,-0.06750904668683633,0.656701725919644,-1.7030676349915195,0.4598898899259297,-0.5017574692442882,6.839869281045751,0.07365495341099397,0.27115905854248656,2.5189150836907794,-0.026139687303799213,100.68005031794023,0.4090074827050685,-1.1333333333333335,-4.857719869514407,-0.4604837909956191,-0.5780419247025473,-0.09919154228855721,-1.1061073411474398,0.08025210084033614,-3.30694836700544,-0.4299202278311007,-0.3092751602748271,Publishing,Communication Services,DALN
2020Q1,2020,Q1,2020-06-05,2020-03-31,-1621000.0,40343000.0,-4760000.0,-0.3,16080000.0,0.39858215799519126,136452000.0,54622000.0,70806000.0,30789000.0,81830000.0,2677000.0,-394482000.0,21936880.256426997,1696880.2564269975,10.204750770886326,2.299717431550229,0.1736434790255914,0.4337812602980484,-0.02219461591954761,10.204750770886326,-0.029676687049174325,0.543759270664725,-3.3832326120337752,0.4016125417675478,-1.0567550894509563,9.063503922301082,0.07808767609506054,0.29565708087825754,1.9123713014388255,-0.011879635329639726,-8.456777276957208,0.39858215799519126,-0.4999999999999999,-5.54070739320737,-0.3730995620908561,-0.5538721589674932,-0.1753846153846154,-0.479014598540146,-0.971830985915493,0.6293013348326336,-0.3289026869865031,-0.27856537694481276,Publishing,Communication Services,DALN
2019Q4,2019,Q4,2020-05-08,2019-12-31,-1096000.0,46802000.0,-2414000.0,-0.2,19500000.0,0.4166488611597795,141045000.0,57737000.0,74804000.0,31538000.0,83308000.0,2573000.0,-391148000.0,35060191.07775481,9554191.07775481,10.772354917348572,2.371868856617414,0.1639193165301854,0.40043646188752446,-0.01860049233785227,10.772354917348572,-0.01898262812407988,0.7491173684405541,-7.9973063589769176,0.6072395704271923,-1.562043795620438,10.61095996890789,0.04883031002892166,0.33182317700024816,2.126545754328112,-0.007770569676344429,-22.189994353009375,0.4166488611597795,0.7333333333333334,-1.0198395763113974,-0.3457026722360029,-0.5301120250444936,0.08853410740203194,0.7263420724094881,0.6538571838256381,0.9412879285638865,-0.28406003687707543,-0.3360166120682734,Publishing,Communication Services,DALN
2019Q3,2019,Q3,2020-04-14,2019-09-30,-4005000.0,43057000.0,-6974000.0,-0.75,17914000.0,0.41605313886243817,145620000.0,55507000.0,78228000.0,31986000.0,90113000.0,2614000.0,-388342000.0,45623379.19988179,15972379.199881792,10.338410808553611,2.445694991558807,0.16205191594561186,0.4251355684868575,-0.0467843942554111,10.338410808553611,-0.07215306177599222,1.0596042269522212,-2.847901323338439,0.8219392004590735,-0.42871410736579274,9.6185921958684,0.03763421364466682,0.2956805383875841,2.192959419746139,-0.02750309023485785,10.662159196046224,0.41605313886243817,-1.2396166134185305,-1.2213370545401463,-0.3342463999567308,-0.6554059518177621,-0.06930590191188694,-1.2375303955874504,-1.3059442860276376,-7.133482222676849,-0.32913796778913224,-0.4932750839505926,Publishing,Communication Services,DALN
2019Q2,2019,Q2,2019-07-29,2019-06-30,16861000.0,47735000.0,22795000.0,3.13,19248000.0,0.40322614433853565,170990000.0,80597000.0,81747000.0,30820000.0,90393000.0,3454000.0,-363381000.0,42564329.27722859,14178329.277228586,14.97670162847032,2.652401038286827,0.1382010643897304,0.29319949874064793,0.125480811038206,14.97670162847032,0.20920133503728428,0.8916796748136291,0.6311062403954183,0.528113072164331,0.10206986536978827,8.247539085118703,0.04043291716852484,0.27916837241943976,2.351881894873459,0.09860810573717761,29.314276361727675,0.40322614433853565,6.5892857142857135,-0.21549745215382085,-0.2951659321825484,-0.4462972726903831,-0.020856648692644215,6.597941567065073,6.6256169792694966,23.430242324832708,-0.28059928117610916,-0.28225784914773694,Publishing,Communication Services,DALN
2019Q1,2019,Q1,2019-04-29,2019-03-31,-3012000.0,46589000.0,-4052000.0,-0.56,19658000.0,0.42194509433557276,155432000.0,65577000.0,81186000.0,29138000.0,89855000.0,3877000.0,-378526000.0,43245276.13741292,16806276.13741292,12.147116872724512,2.7862584940627357,0.15352051057697258,0.3638775790292328,-0.03414218393144352,12.147116872724512,-0.04593073791115788,0.9282293274681346,-3.5894153500508734,0.6594579827898945,-0.5730411686586986,6.94635027082796,0.03991187371576939,0.29973879252663543,2.397316219369895,-0.019378249009213033,-14.679319802244711,0.42194509433557276,-19.66666666666667,0.24268830087351023,-0.44746587300620133,-0.5929020132260879,-0.1637028843699481,-20.94701986754967,-3.0398803589232304,-3.748138648002416,-0.257139924050482,-0.43581083967491135,Publishing,Communication Services,DALN
2018Q4,2018,Q4,2019-03-14,2018-12-31,151000.0,52613000.0,-1003000.0,0.03,23506000.0,0.44677171041377606,142348000.0,70586000.0,87394000.0,31663000.0,71762000.0,3912000.0,-373794000.0,38840619.08135757,-16472380.918642431,13.034552662743092,2.7601301203297224,0.0,0.0,-0.0086868506571534,13.034552662743092,0.002139234409089621,0.7382323585683684,64.30566073072445,0.5502595285376358,11.788079470198676,7.440439672801636,0.045828311754545416,0.3696082839239048,2.443546094810978,0.0010607806221372973,-34.040858090585076,0.44677171041377606,1.1578947368421053,-0.9913162644301124,-0.4562632758550959,-0.575317265934747,0.040779278282045604,1.1457528957528957,0.22964669738863286,1.0109540263274912,-0.28682004092704233,-0.4062611362717547,Publishing,Communication Services,DALN
2018Q3,2018,Q3,2018-10-30,2018-09-30,-1036000.0,49052000.0,-1302000.0,-0.19,22585000.0,0.46042974802250675,145686000.0,87041000.0,90143000.0,30201000.0,58645000.0,4193000.0,-372217000.0,50966518.75614102,-7504481.243858978,16.037361611633145,2.984768716267673,0.0,0.0,-0.03522039247961514,16.037361611633145,-0.01190243678266564,1.0390303913426775,-12.298870356211637,0.5855461076520377,-1.722007722007722,6.312186978297162,0.035003371694580246,0.3366967313262771,2.590311579086785,-0.007111184327938168,13.645654285446057,0.46042974802250675,-0.8999999999999999,-1.1968028347170199,-0.450075773256612,-0.08010115010749004,-0.0126775956284153,-0.9400749063670412,0.04754937820043892,0.7388176108838878,-0.26882877919017817,-0.2502188885483857,Publishing,Communication Services,DALN
2018Q2,2018,Q2,2018-08-08,2018-06-30,-534000.0,51169000.0,-1367000.0,-0.1,22875000.0,0.4470480173542575,150634000.0,89797000.0,92387000.0,31912000.0,60837000.0,4101000.0,-369400000.0,52478064.312460594,-4272935.687539406,16.52309372697638,2.8950551516670844,0.0,0.0,-0.017078156585306373,16.52309372697638,-0.005946746550552914,1.0255831521519005,-24.568382168754958,0.584407767658837,-3.337078651685393,6.8992928554011215,0.03395704516442836,0.3396909064354661,2.402920531461519,-0.00354501639736049,10.869524505480653,0.4470480173542575,0.8648648648648649,-1.458450236755619,-0.5035887527362501,-0.01587442891345628,0.08268648239303295,0.866965620328849,0.7801190284703233,0.09759587220570816,-0.23225160964704203,-0.26205444183357673,Publishing,Communication Services,DALN
2018Q1,2018,Q1,2018-05-02,2018-03-31,-4014000.0,49453000.0,-6217000.0,-0.74,21128000.0,0.4272339392958971,153833000.0,92124000.0,93897000.0,32655000.0,61709000.0,4027000.0,-367083000.0,56440637.96755864,2465637.9675586373,16.96854582266245,2.8754248966467615,0.0,0.0,-0.05083229625829486,16.96854582266245,-0.04357170769831965,1.1412985656594876,-3.5152365450646883,0.6126594369280387,-0.44095665171898357,7.033772038738515,0.03136038258492708,0.3214719858547906,2.2791303016383404,-0.026093230971248042,-41.500469093793114,0.4272339392958971,-1.3135593220338981,0.492336136819847,-0.49458583342399465,0.004936661760827672,-0.27109639136134683,-1.3132022471910112,-12.815555555555555,-12.085490246275725,-0.24236494651995694,-0.25817485568360815,Publishing,Communication Services,DALN
2017Q4,2017,Q4,2018-03-16,2017-12-31,12816000.0,64077000.0,-450000.0,2.36,28986000.0,0.4523620019663842,162848000.0,97699000.0,102394000.0,34491000.0,65149000.0,3171000.0,-361288000.0,51830488.578426875,-5829511.421573125,17.976654398133796,2.968716476762054,0.0,0.0,-0.009377329134488634,17.976654398133796,0.1311784153369021,0.8088782024505965,1.0110504170261172,0.5305119661248003,0.3746098626716604,11.066225165562914,0.09262887793803846,0.39347735311456083,2.447015163375953,0.07869915504028296,-109.57819995439085,0.4523620019663842,4.0212765957446805,3.850343942982381,-0.44664929420086086,-0.030718109997197433,0.05591781720155914,3.9674418604651165,0.910873440285205,-0.7712102050369494,-0.11656374925323842,-0.21586191724797227,Publishing,Communication Services,DALN
2017Q3,2017,Q3,2017-10-31,2017-09-30,2580000.0,60559000.0,-5049000.0,0.47,27451000.0,0.45329348238907513,153793000.0,84936000.0,94981000.0,34336000.0,68857000.0,3417000.0,-369303000.0,47546315.70135636,-2408684.298643641,15.618141802268397,2.766222041006524,0.0,0.0,-0.05921524196460619,15.618141802268397,0.030375812376377508,0.7851238577479212,4.60720113385236,0.5597899088885321,0.687984496124031,9.68920105355575,0.037332019817244516,0.3937695473786193,2.209605079217148,0.016775796037530967,-2.2259511096140616,0.45329348238907513,4.133333333333334,0.8239976876992676,-0.4168606845344403,-0.23587832485769836,0.0033260233918128656,4.204968944099379,-11.050119331742243,-0.8592323568863262,-0.07555733882225975,-0.4794249514369168,Publishing,Communication Services,DALN
2017Q2,2017,Q2,2017-08-01,2017-06-30,-805000.0,63089000.0,-419000.0,-0.15,27360000.0,0.4336730650351091,170281000.0,74353000.0,111416000.0,34162000.0,95928000.0,3071000.0,-370122000.0,55928452.28290039,-8927547.717099607,13.678273137562554,3.261401557285873,0.0,0.0,-0.008860157584428334,13.678273137562554,-0.01082673194087663,0.8865008524925168,-17.369084559906952,0.7522016903541269,-2.2049689440993787,11.634321068056007,0.031736976932985675,0.37049935107263876,2.599847784087583,-0.00472747987150651,-22.809319854363945,0.4336730650351091,0.8170731707317073,-4.220837869467078,-0.3940566391147585,-0.32935045125051987,0.025717927569918274,0.8182844243792325,0.8986698911729142,-1.0370802270709243,-0.07777035455332072,-0.4943013936555392,Publishing,Communication Services,DALN
2017Q1,2017,Q1,2017-05-03,2017-03-31,-4430000.0,60901000.0,-4135000.0,-0.82,26674000.0,0.43798952398154384,177632000.0,76703000.0,109497000.0,36909000.0,100929000.0,4063000.0,-367531000.0,61544054.61639859,-7660945.383601412,14.145080433858936,2.9666747947655043,0.0,0.0,-0.05340293113481391,14.145080433858936,-0.057755237735160295,1.0105590157205726,-3.473140779706467,0.8023682856785079,-0.3979683972911964,8.424070883583559,0.028646146422894984,0.34284926139434335,2.5665555826492183,-0.024939200144118177,332.6705654940464,0.43798952398154384,0.764367816091954,-0.13781565993576209,-0.4191354783536393,-0.34509490288978417,-0.05921771946531231,0.7652855780438699,0.8286720530350113,-0.10890624781097298,-0.28092937430203563,-0.5259423427209149,Publishing,Communication Services,DALN
2016Q4,2016,Q4,2017-03-10,2016-12-31,-18874000.0,66095000.0,-24135000.0,-3.48,28353000.0,0.42897344731068915,192731000.0,87918000.0,122124000.0,37254000.0,103579000.0,3386000.0,-361324000.0,62714057.23002607,-17356942.769973934,16.22383197101345,3.2781446287646965,0.0,0.0,-0.2300772360940823,16.22383197101345,-0.21467731295070405,0.9488472233909685,-0.8306937749023269,0.7133244299236342,-0.09346190526650419,11.146485528647371,0.02812766511868151,0.34293912240376484,2.930826220003221,-0.0979292381609601,-42.03355042226948,0.42897344731068915,-37.66666666666667,-8.143656570792542,-0.4487859095725606,-0.24642965536065167,0.01806104129263914,-36.97585513078471,-48.355828220858896,-2.0846551286026243,-0.3174062810005138,-0.47140638449687516,Publishing,Communication Services,DALN
2016Q3,2016,Q3,2016-11-01,2016-09-30,-497000.0,64780000.0,-489000.0,-0.09,27850000.0,0.4299166409385613,213382000.0,110562000.0,121082000.0,36657000.0,101539000.0,4257000.0,-340686000.0,71619179.20050249,-6721820.799497515,20.402412593316374,3.303107182802739,0.0,0.0,-0.005331017890414428,20.402412593316374,-0.004495215354280856,1.1055754739194579,-36.02574406463908,0.647773911475032,-3.545271629778672,8.675123326286117,0.024602348416576627,0.30358699421694424,2.8668739940529777,-0.002329156161250715,-28.218746729906417,0.4299166409385613,-1.6923076923076923,-2.657320138355151,-0.4149026936241084,-0.406337928297064,-0.07985594872303169,-1.7171717171717171,-1.183903723204212,-1.0945571933112601,-0.2726328775335001,0.17027702773816558,Publishing,Communication Services,DALN
2016Q2,2016,Q2,2016-08-02,2016-06-30,693000.0,66626000.0,2659000.0,0.13,30267000.0,0.45428211208837393,218834000.0,112753000.0,123318000.0,39982000.0,104774000.0,5194000.0,-338426000.0,47927983.81590554,-34456016.18409446,20.86640949077137,3.0843379520784353,0.0,0.0,0.005182464692502665,20.86640949077137,0.006146177928746907,0.7193585659638211,17.290037451625373,0.4250705862895492,2.536796536796537,7.000192529842126,0.03668003241598042,0.30445908771031926,2.6973388024611076,0.0031667839549612948,7.051343801074818,0.45428211208837393,2.0833333333333335,1.1011025099483147,-0.4207957012738759,-0.39736891437165206,0.07734747632946537,2.096518987341772,2.492981471083661,-0.40162387055455817,-0.34991745531779,0.24281611518697438,Publishing,Communication Services,DALN
2016Q1,2016,Q1,2016-05-02,2016-03-31,-632000.0,62483000.0,-1781000.0,-0.12,28094000.0,0.44962629835315204,215466000.0,115801000.0,118080000.0,35247000.0,98735000.0,4746000.0,-335599000.0,45170404.70000521,-29485595.29999479,21.530220229196324,3.350072346582688,0.0,0.0,-0.005358543335988151,21.530220229196324,-0.0054576385350730994,0.7229231102860811,-17.86803983386282,0.3900692109740435,-2.7610759493670884,7.245891276864728,0.03863148917060286,0.28999006803857685,2.8658041819161912,-0.002933177392256783,-25.84119262014028,0.44962629835315204,0.9529411764705882,0.9066228837318101,-0.44638149016472717,-0.4068665430350214,-0.14030417087426175,0.9537233653071685,0.8135469011725294,0.9193173258711359,-0.35541385714652096,0.2750949828126828,Publishing,Communication Services,DALN
2015Q4,2015,Q4,2016-03-08,2015-12-31,-13657000.0,73088000.0,-9552000.0,-2.55,32679000.0,0.4471185420315236,221501000.0,117781000.0,123349000.0,38972000.0,102651000.0,4052000.0,-333222000.0,46193254.69804074,-32186745.30195926,21.953342553484955,3.1650672277532585,0.0,0.0,-0.11438678357836939,21.953342553484955,-0.1159524880923069,0.6320224208904436,-0.8455966665087635,0.39219614961700733,-0.12813941568426448,9.972606120434353,0.03788431907297984,0.3299669075986113,2.8195114441137226,-0.061656606516449136,44.4593404215984,0.4471185420315236,-2.4931506849315066,0.8882165332992831,-0.4536073227006592,-0.42357826359393697,0.12376203576341128,-2.4522244691607686,-2.079303675048356,-6.235787509575971,-0.3606317858629128,0.18370064255837704,Publishing,Communication Services,DALN
2015Q3,2015,Q3,2015-11-03,2015-09-30,-3956000.0,66908000.0,-3102000.0,-0.73,29080000.0,0.4346266515214922,228147000.0,115779000.0,127249000.0,42603000.0,110226000.0,3163000.0,-317817000.0,45259202.371950224,-34421797.628049776,21.389391339272336,2.986855385770955,0.0,0.0,-0.025580154996527524,21.389391339272336,-0.034168545245683586,0.6764393252219499,-2.8601619294710705,0.3909102891884558,-0.4443882709807887,11.959532089788176,0.03884292934622143,0.29326706027254357,2.62751449428444,-0.01733969765107584,-24.07404381486714,0.4346266515214922,-5.636363636363637,-1.8842625614375006,-0.4260411032493419,-0.6289268190809797,0.04536630958372277,-5.6824324324324325,-4.798130841121496,-3.809906929514739,-0.3527042571618999,0.046481569149614224,Publishing,Communication Services,DALN
2015Q2,2015,Q2,2015-07-28,2015-06-30,-592000.0,66676000.0,-535000.0,-0.11,27818000.0,0.4172115903773472,235100000.0,121736000.0,131543000.0,41652000.0,111160000.0,3903000.0,-312103000.0,50810043.47358597,-33250956.52641403,22.39066763682593,3.158143666570633,0.0,0.0,-0.008090081088633072,22.39066763682593,-0.004862982190970625,0.7620439659485567,-21.45694403445353,0.4173789468488037,-2.988175675675676,9.955931334870613,0.034815951317176685,0.2836069757549979,2.792422932872371,-0.00251807741386644,-28.290670085515575,0.4172115903773472,-2.571428571428571,-2.3350138980998136,-0.4716579548136092,-0.6266309175174049,0.07779930259589306,-2.630853994490358,0.8952213082647865,-3.368153942370152,-0.3597299814992016,0.09782068217368392,Publishing,Communication Services,DALN
2015Q1,2015,Q1,2015-04-29,2015-03-31,363000.0,65436000.0,-5106000.0,0.07,25810000.0,0.39443119995109727,240029000.0,124496000.0,127999000.0,42543000.0,113229000.0,4618000.0,-309742000.0,73799557.60130651,-7642442.398693487,22.874050512670795,3.008697082951367,0.0,0.0,0.002417901260269137,22.874050512670795,0.002915756329520627,1.1278127880876965,50.82614159869595,0.5927865762860374,143.03856749311294,8.580770896491988,0.7035679032184439,0.27261705877206505,2.6409280022565405,0.0015123172616642155,-7.578512795369328,0.39443119995109727,-0.9931773879142299,1.0379343321958137,-0.460778526961902,-0.6215238570658639,-0.1512102078400421,-0.9935799936330515,0.26521801698086056,1.0928900961501464,-0.3781841642958963,0.05904892816631705,Publishing,Communication Services,DALN
2014Q4,2014,Q4,2015-03-06,2014-12-31,56542000.0,73212000.0,-6949000.0,10.26,30408000.0,0.4153417472545484,298747000.0,125763000.0,206455000.0,101406000.0,172728000.0,4901000.0,-308330000.0,92987304.68655865,-65183695.31344135,22.92536836757443,2.0359248959627636,0.0,0.0,-0.05331717154220535,22.92536836757443,0.4495916923101389,1.2701101552554042,0.4111426226811868,0.7393852300482546,0.031604824732057585,8.733727810650887,0.019217677144461976,0.2450635487553013,1.8989704751198153,0.1892638252434334,-2.8224156099847826,0.4153417472545484,2.062686567164179,5.610980442394992,-0.49397675636783994,-0.6338037441138138,0.07956118862498669,2.0656039904576016,-14.898,20.14051572051389,-0.3968549483121207,0.0648457018417893,Publishing,Communication Services,DALN
2014Q3,2014,Q3,2014-10-30,2014-09-30,18444000.0,65923000.0,500000.0,3.35,28167000.0,0.42727121035147064,252883000.0,164190000.0,149237000.0,44312000.0,88365000.0,6971000.0,-312937000.0,78241491.7036933,-29821508.2963067,30.001710311276653,3.3678687488716377,0.0,0.0,0.002017424178770989,30.001710311276653,0.11233327242828431,1.1868618191479954,1.0605277014705772,0.4765301888281461,0.09737584038169594,5.416152632333955,0.022954572578978857,0.260685771680975,3.005009929590179,0.07293491456523372,-48.77898485267662,0.42727121035147064,-0.15617128463476074,4.001082567394672,-0.5124874937860838,-0.475922126493963,-0.10600818865648903,-0.16087352138307554,-0.7922725384295803,135.39569976094623,-0.4104131498937079,-0.12702101202195568,Publishing,Communication Services,DALN
2014Q2,2014,Q2,2014-07-30,2014-06-30,21980000.0,69261000.0,2407000.0,3.97,31507000.0,0.45490247036571807,249890000.0,148861000.0,143607000.0,49683000.0,100701000.0,7974000.0,-329585000.0,86766962.25239241,27012962.25239241,27.048271373414632,2.8904655515971256,0.0,0.0,0.01507591269211673,27.048271373414632,0.1476545233472837,1.2527535301597206,0.9868853759371293,0.5828723591296069,1.6207461328480437,4.734637572109356,0.41057101776105737,0.2771659530193285,1.7743091198196566,0.08795870182880468,-43.711315996167464,0.45490247036571807,6.364864864864865,3.8998961509872876,-0.4932420823715477,-0.5359017371229783,-0.19941557616567146,6.444637106762447,1.9025121859767529,4.148439510448135,-0.4088254131362742,-0.21883402368097318,Publishing,Communication Services,DALN
2014Q1,2014,Q1,2014-04-30,2014-03-31,-4037000.0,85586000.0,-2667000.0,-0.74,39355000.0,0.459829878718482,270976000.0,163505000.0,137016000.0,53452000.0,107301000.0,11024000.0,-315941000.0,73989790.05582322,-8550209.944176778,29.838312316367684,2.5633465539175333,0.0,0.0,-0.021312937251300165,29.838312316367684,-0.024690376441087427,0.8645080977709347,-4.581978576654894,0.4525231036104292,-0.44711419370819916,4.193668359941944,0.024395257759728443,0.3158434695323571,2.154194417421238,-0.014897998346717052,33.19416332697318,0.459829878718482,-1.231974921630094,0.963356320182145,-0.37686225310628996,-0.4998704995868638,-0.19767181097225336,-1.2288678496513408,-1.3220236657812123,0.41455084464771513,-0.25568201460992196,-0.17798790974705722,Publishing,Communication Services,DALN
2013Q4,2013,Q4,2014-03-07,2013-12-31,17639000.0,98154000.0,8282000.0,3.19,49051000.0,0.4997351101330562,279218000.0,168600000.0,140685000.0,54340000.0,110442000.0,8180000.0,-310099000.0,47393297.79823656,-34799702.20176344,30.692447837402117,2.588976812661023,0.0,0.0,0.04745003303784351,30.692447837402117,0.10462040332147093,0.4828463210693049,0.6717118005305935,0.28109903794920854,0.10244344917512331,6.002811735941321,0.03812775400633201,0.35153177803723257,2.2702797202797202,0.0631728613484804,6.773373988600337,0.4997351101330562,2.3229166666666665,1.4961968784432815,-0.4284112436908746,-0.6154919425242502,0.15021690702309767,2.3149783875211427,5.689822294022617,1.141008328427685,-0.28333642012699484,-0.19411843395212805,Publishing,Communication Services,DALN
2013Q3,2013,Q3,2013-11-13,2013-09-30,5321000.0,90161000.0,1238000.0,0.96,42645000.0,0.4729872117656193,270574000.0,95642000.0,124922000.0,60426000.0,174853000.0,8496000.0,-325931000.0,49201858.825043604,-7234141.174956396,17.43383157127233,2.0673551120378644,0.0,0.0,0.010895622508703207,17.43383157127233,0.055634553857092074,0.5457111037482237,2.311682899128153,0.5144377870082558,0.3409133621499718,5.592749529190207,0.03686852576953209,0.33322122598623666,1.5028464568232218,0.019665599798945943,-16.798176451022055,0.4729872117656193,3.5714285714285716,1.2877370228042202,-0.4530316942217043,-0.7978752851901603,-0.12494357122337588,3.5055038103302287,0.37555555555555553,0.1735288708329066,-0.23687263294973035,-0.6975497229376257,Publishing,Communication Services,DALN
2013Q2,2013,Q2,2013-07-30,2013-06-30,1181000.0,104512000.0,900000.0,0.21,48734000.0,0.4663005205143907,273686000.0,92515000.0,114154000.0,56629000.0,181042000.0,8280000.0,-329438000.0,41220459.46394595,8369459.463945948,16.789619345764713,2.0158222818697134,0.0,0.0,0.0069907391151028606,16.789619345764713,0.012765497486894017,0.39440886657939705,8.725753485170607,0.4455543367448084,1.1583403895004234,6.73647342995169,0.033187402998177164,0.3818682723997574,1.2845185329071678,0.004315164093157853,9.71264360601931,0.4663005205143907,1.143835616438356,1.343212822998831,-0.4052206094441249,-0.8155412521499921,0.10066174311719403,1.1472201446023436,1.115060086934288,7.564573571156997,-0.18286751764082668,-0.7200295733902089,Publishing,Communication Services,DALN
2013Q1,2013,Q1,2013-04-30,2013-03-31,-8022000.0,99272000.0,-7822000.0,-1.46,44277000.0,0.44601700378757353,278751000.0,93007000.0,91364000.0,58712000.0,185660000.0,9838000.0,-329251000.0,35508011.48235772,3646011.482357718,16.885189354053956,1.5561384384793568,0.0,0.0,-0.08870331257946422,16.885189354053956,-0.08625157246228779,0.3576840547420997,-1.1065822576152369,0.38177783911273044,-0.17040638244826725,5.590058955072169,0.0384983541159211,0.35613145782436656,1.2253202071126856,-0.028778372095526115,-81.4403933081599,0.44601700378757353,-4.041666666666667,0.14497741376536966,-0.4241474453595944,-0.8205447027586384,-0.2207223063113802,-4.0,-4.574954296160877,0.1716553017553528,-0.19168650864998896,-0.7206161044413685,Publishing,Communication Services,DALN
2012Q4,2012,Q4,2013-03-08,2012-12-31,2674000.0,117188000.0,2188000.0,0.48,56818000.0,0.4848448646619108,291939000.0,102005000.0,99137000.0,61898000.0,189879000.0,9393000.0,-319862000.0,28299228.2518,-5794771.748199999,18.546363636363637,1.6016187922065332,0.0,0.0,0.01831844993959492,18.546363636363637,0.02621440125484045,0.2414857174096324,2.6457767625093496,0.27742981473261114,2.56245325355273,6.427126583626104,0.24212674420067165,0.40141262387005505,1.3095415037642573,0.009159447692839943,37.83319285,0.4848448646619108,0.846153846153846,1.0286907686084736,-0.40931066392233295,0.09211181697931708,0.08497555759242285,0.8031018206338503,0.4823848238482385,-0.6881613185166688,-0.1921230560291697,-0.703751372058819,Publishing,Communication Services,DALN
2012Q3,2012,Q3,2012-10-31,2012-09-30,1483000.0,108881000.0,1476000.0,0.26,52368000.0,0.4809654577015274,299877000.0,116540000.0,101057000.0,60572000.0,183252000.0,10140000.0,-315684000.0,28559344.21520415,-12448655.78479585,20.439338799491384,1.6683781285082215,0.0,0.0,0.009397797850377615,20.439338799491384,0.012725244551227047,0.2622986950450873,4.814454520432257,0.245060444613044,0.9244774106540796,5.5732741617357,0.04800530396178075,0.3630855317346779,1.346843426005415,0.004945360931315173,32.270445440908645,0.4809654577015274,4.2,1.0153292727796814,-0.4712775997802136,0.0,0.0023159224453078646,4.6603053435114505,44.411764705882355,1.2316095698205367,-0.2271531919571981,-0.6429601811773822,Publishing,Communication Services,DALN
2012Q2,2012,Q2,2012-08-02,2012-06-30,262000.0,109143000.0,-34000.0,0.05,52247000.0,0.4787022530075222,303524000.0,116219000.0,100886000.0,59942000.0,187305000.0,10626000.0,-315796000.0,23482173.05984862,-17756826.94015138,20.395560040363268,1.683060291615228,0.0,0.0,-0.00011883472335141667,20.395560040363268,0.002254364604754816,0.2151505186759446,22.406653683061666,0.20205106789637345,5.217557251908397,5.354413702239789,0.05821437379393934,0.35958606238715884,1.334556738180241,0.0008631936848486445,-1.7903456129802242,0.4787022530075222,1.0694444444444444,1.00270986942416,-0.4696798015050447,0.0,0.04148227883427022,1.0673002825584381,0.992022524636321,1.0333853525444605,-0.22872795566400284,-0.650049947574833,Publishing,Communication Services,DALN
2012Q1,2012,Q1,2012-04-30,2012-03-31,-3893000.0,104834000.0,-4262000.0,-0.72,50166000.0,0.4785279584867505,326918000.0,117108000.0,117373000.0,63501000.0,209810000.0,11267000.0,-314691000.0,26787342.502921,-28913657.497079,21.598672076724455,1.8483645926835799,0.0,0.0,-0.0405846155402588,21.598672076724455,-0.03324281859480138,0.2555215149943816,-1.7202249231261881,0.22874050024696008,-0.348574364243514,4.852045797461614,0.050658253981410335,0.32067368575606114,1.4657721925638967,-0.011908184927107103,-26.185085535602152,0.4785279584867505,-2.5,0.6092871677267094,-0.4373808079862332,0.0,-0.22697855029585798,-2.4151217739004,-1.7478505000877347,0.9642873560950124,-0.2285980071826837,-0.6379777461678391,Publishing,Communication Services,DALN
2011Q4,2011,Q4,2012-03-12,2011-12-31,2751000.0,124852000.0,5699000.0,0.48,64896000.0,0.519783423573511,345088000.0,121479000.0,128198000.0,70720000.0,223609000.0,9918000.0,-309441000.0,26802301.86471725,-30637698.13528275,21.52928666371289,1.812754524886878,0.0,0.0,0.04003068354981429,21.52928666371289,0.02264588941298496,0.2146725872610551,2.435687192358892,0.2206332112111332,0.4921846601235914,6.045170397257512,0.05051804904049737,0.36179757047477745,1.5267675339366515,0.007971879636498517,1.8241544861306234,0.519783423573511,17.0,1.0287714991856471,-0.386573387081239,0.26776271821154213,0.2158273381294964,21.377777777777776,21.5,1.075339916423279,-0.29217539666886083,-0.730285957061563,Publishing,Communication Services,DALN
2011Q3,2011,Q3,2011-11-02,2011-09-30,-135000.0,109990000.0,-278000.0,-0.03,53376000.0,0.4852804800436403,340000000.0,185015000.0,108965000.0,67268000.0,154985000.0,10865000.0,-310838000.0,22335874.79764155,-23351125.20235845,34.367047459830964,1.6198638282690134,0.0,0.0,0.0005730181290843575,34.367047459830964,-0.000729670567251304,0.20307186833022592,-41.36273110674361,0.12072466987888307,-10.022222222222222,5.210676484123332,0.06057519628212026,0.3235,1.2754058393292502,-0.00039705882352941176,-7.837149051804053,0.4852804800436403,0.9763779527559054,0.998522057208136,-0.43431812286049387,0.0,-0.05002936622350366,0.9802110817941952,0.9197922677437969,0.9925607810476386,-0.3200331665879491,-0.6015546187723321,Publishing,Communication Services,DALN
2011Q2,2011,Q2,2011-07-28,2011-06-30,-6822000.0,114486000.0,-3466000.0,-1.27,56187000.0,0.4907761647712384,352850000.0,186216000.0,121429000.0,68545000.0,166634000.0,12349000.0,-309349000.0,39079362.8629474,-10977637.137052603,34.625511342506506,1.7715223575753154,0.0,0.0,-0.03977959866155917,34.625511342506506,-0.036634875628302616,0.34134621580758695,-1.4321079911663515,0.20986039257071037,0.0,4.720949064701595,0.0,0.3244608190449199,1.3254504340214457,-0.019333994615275612,-178.44457928286482,0.4907761647712384,-0.007936507936507943,0.9252382446366745,-0.4105928976883346,0.0,0.08008304338632476,-0.014122194143005798,0.5295235509705443,-1.0313082306964751,-0.3324364121822119,-0.6195876550640109,Publishing,Communication Services,DALN
2011Q1,2011,Q1,2011-05-04,2011-03-31,-6727000.0,112175000.0,-7367000.0,-1.26,52021000.0,0.4637486070871406,367313000.0,194046000.0,127929000.0,71978000.0,173267000.0,15038000.0,-301177000.0,43296430.126764044,-8269569.873235956,36.29911612028247,1.7773347411709133,0.0,0.0,-0.04049343060559928,36.29911612028247,-0.034667037712707294,0.3859721874460802,-1.6090541893401236,0.22312456905457492,0.0,4.000132996409097,0.0,0.30539349274324623,1.3003695573647502,-0.01831408090647486,-1.2216480947705777,0.4637486070871406,0.9446640316205532,0.31522867210471656,-0.38939643912767574,0.0,-0.20810753211958838,0.9437108812799143,0.9428511585692233,0.26121611530759903,-0.3295264329972882,-0.6142140584641987,Publishing,Communication Services,DALN
2010Q4,2010,Q4,2011-03-11,2010-12-31,-119508000.0,130846000.0,-128909000.0,-22.77,65692000.0,0.5020558519175213,420049000.0,199873000.0,172959000.0,134497000.0,220176000.0,12646000.0,-294450000.0,43658185.562265605,-42632814.437734395,38.085556402439025,1.2859692037740618,0.0,0.0,-0.5936186617662585,38.085556402439025,-0.5979196789961626,0.33366083458619755,-0.09132900216359073,0.218429630626776,0.0,5.152142970109125,0.0,0.3115017533668691,1.0891990155914257,-0.28450966434868313,13.16194921985698,0.5020558519175213,-28.76829268292683,-0.3438370839094481,-0.30879749746189483,1.2426868694509847,0.049862558332800615,-27.139107611548557,-36.937831056593254,-0.3438370839094481,-0.30879749746189483,1.2426868694509847,Publishing,Communication Services,DALN
2010Q3,2010,Q3,2010-11-03,2010-09-30,4572000.0,119132000.0,3587000.0,0.82,62572000.0,0.525232515193231,407568000.0,318861000.0,152448000.0,80777000.0,88707000.0,0.0,0.0,36967947.83342815,-44336052.16657185,57.64197586658833,1.887269891181896,0.0,0.0,0.009904165116046148,57.64197586658833,0.014338536227384346,0.3103108134961904,2.021431968144584,0.11593750202573583,0.0,0.0,0.0,0.29229968986770305,1.5790262079552349,0.011217759981156518,3.0348861204686113,0.525232515193231,28.333333333333332,1.048711583738234,-0.40372078777256537,0.0,0.008510089613822448,27.736842105263158,1.7928824049513705,1.048711583738234,-0.40372078777256537,0.0,Publishing,Communication Services,DALN
2010Q2,2010,Q2,2010-07-27,2010-06-30,-171000.0,121570000.0,-4524000.0,-0.03,62044000.0,0.5103561733980423,400744000.0,314089000.0,139338000.0,78374000.0,86655000.0,9032000.0,-179514000.0,32872709.336402502,-27136290.663597498,59.96926014319809,1.7778600045933601,0.0,0.0,0.0019862974938580696,59.96926014319809,-0.0005444316738249349,0.2704014916213087,-48.05951657368787,0.10466049220572035,0.0,6.590566873339238,0.0,0.3033607490068473,1.486883405210912,-0.00042670632623320625,1.9086517642920804,0.5103561733980423,0.9829545454545454,0.9980757537580909,-0.3573327612381769,0.0,0.06047243017810139,0.9812664329535495,0.4497689126733155,0.9980757537580909,-0.3573327612381769,0.0,Publishing,Communication Services,DALN
2010Q1,2010,Q1,2010-05-13,2010-03-31,-9128000.0,115758000.0,-8222000.0,-1.76,58506000.0,0.5054164722956512,395968000.0,313775000.0,123880000.0,74349000.0,82193000.0,10829000.0,-179343000.0,35333743.526259124,-7529256.473740876,60.43723214715655,1.6661959138656874,0.0,0.0,-0.028474458874458878,60.43723214715655,-0.02909090909090909,0.30523802697229674,-0.9677296101626622,0.11260853645529159,0.0,5.286914765906363,0.0,0.29234180539841603,1.2318255793621973,-0.023052367868110553,1.9735111442280566,0.5054164722956512,-2.128205128205128,0.043258429603587056,-0.35120253818139374,0.0,-0.15412196744065004,-2.1397178174553626,-2.342805814143394,0.043258429603587056,-0.35120253818139374,0.0,Publishing,Communication Services,DALN
2009Q4,2009,Q4,2010-04-15,2009-12-31,8009000.0,135483000.0,6123000.0,1.56,69166000.0,0.5105142342581727,404427000.0,321597000.0,121944000.0,75692000.0,82830000.0,10460000.0,-170215000.0,27968903.0472412,3465903.0472411998,62.60404905586918,1.6110553294932093,0.0,0.0,0.03385572999416748,62.60404905586918,0.024903839277107685,0.20643846864360252,0.8730460434274316,0.08696879338812613,0.0,6.340057361376673,0.0,0.3349998887314645,1.1557364054325423,0.019803326681947547,2.586360555505937,0.5105142342581727,2.392857142857143,1.0920051626437088,-0.26883748758276876,2.686470464248534,0.05363698682306345,2.389004509191814,1.3622005323868678,1.0920051626437088,-0.26883748758276876,2.686470464248534,Publishing,Communication Services,DALN
2009Q3,2009,Q3,2009-11-13,2009-09-30,-5766000.0,126867000.0,-16905000.0,-1.12,65645000.0,0.5174316410098765,404385000.0,293933000.0,110929000.0,83646000.0,110452000.0,11653000.0,-191007000.0,15676318.00533015,4851318.005330149,57.24666471905736,1.326172201898477,0.0,0.0,-0.019650425064942998,57.24666471905736,-0.01961671537391174,0.12356497753813166,-0.6796877386979774,0.05333296365270367,0.0,5.253754398009097,0.0,0.31372825401535664,0.9623891160366306,-0.01425868912051634,10.381667553198774,0.5174316410098765,0.18840579710144914,0.9338141649692661,-0.31587684038088876,0.0,0.0902311831528599,0.18455663979635129,-2.7202904929577465,0.9338141649692661,-0.31587684038088876,0.0,Publishing,Communication Services,DALN
2009Q2,2009,Q2,2009-08-14,2009-06-30,-7071000.0,127504000.0,-4544000.0,-1.38,60212000.0,0.4722361651399172,421259000.0,299231000.0,94606000.0,93270000.0,122028000.0,14752000.0,-185242000.0,4756050.658294375,-3908949.341705625,58.281345863563324,1.0143240055752119,0.008403381292743893,0.011830325066587353,-0.01916595045731906,58.281345863563324,-0.02363057303554779,0.03730118787092464,-0.16815339620613687,0.015894244440898087,0.0,4.561550976138829,0.0,0.3026736520762761,0.6909081162217219,-0.016785398056777423,0.35862242936920335,0.4722361651399172,0.9313432835820896,0.9188305883380635,-0.31240837472396904,0.0,0.13588258597596634,0.9313948073116777,0.9558770694761373,0.9188305883380635,-0.31240837472396904,0.0,Publishing,Communication Services,DALN
2009Q1,2009,Q1,2009-05-14,2009-03-31,-103068000.0,128494000.0,-102985000.0,-20.1,53009000.0,0.4125406633772783,447722000.0,305853000.0,98659000.0,100872000.0,141869000.0,18845000.0,-178171000.0,4748871.53912375,10589871.539123751,59.66117233980298,0.9780613054167658,0.028254139845707828,0.04135973817487486,-0.32524994171409566,59.66117233980298,-0.3369854145618974,0.0369579244098849,-0.011518782597711583,0.015526646915752831,0.0,4.005571769700186,0.0,0.2869950549671448,0.6322666349432945,-0.23020535064169284,-0.7066773123696057,0.4125406633772783,-2.1066460587326126,-9.940462243925992,-0.2706536964482454,0.0,-0.24186212814645308,-2.1110172049501963,-1.97756382455836,-9.940462243925992,-0.2706536964482454,0.0,Publishing,Communication Services,DALN
2008Q4,2008,Q4,2009-03-18,2008-12-31,-33130000.0,160039000.0,-34587000.0,-6.47,69920000.0,0.43689350720761816,557678000.0,408652000.0,124717000.0,115142000.0,149026000.0,22641000.0,-75103000.0,10549391.87592495,10615391.87592495,79.82263892958296,1.0831581872817913,0.017931494518342125,0.02447069878527451,-0.07611134549522146,79.82263892958296,-0.08107142507561446,0.06591763180177926,-0.0796060358883561,0.02581509909635815,-0.07727135526712949,3.9803453911046334,0.24266801632824395,0.28697384512209556,0.7583418735127061,-0.05940704133926746,-18.83819977843741,0.43689350720761816,-0.9198813056379821,0.6181108162636975,-0.1333635338021957,3.7003956649780845,0.005435564119524891,-0.9196894193996987,-0.3625512133627482,0.6181108162636975,-0.1333635338021957,3.7003956649780845,Publishing,Communication Services,DALN
2008Q3,2008,Q3,2008-11-14,2008-09-30,-17258000.0,153833000.0,-25384000.0,-3.37,69542000.0,0.4520616512711837,588416000.0,441593000.0,122409000.0,113424000.0,146823000.0,20701000.0,-41973000.0,23996482.482866902,16284482.482866902,86.25284437716685,1.079216038933559,0.016994779203828584,0.022645286496842113,-0.038100253512465106,86.25284437716685,-0.03908123543625012,0.15599047332410407,-0.3476138962056279,0.054340722074097424,-0.2966740062579673,4.071832278633883,0.21336460473553143,0.26143578692625624,0.7405928198617576,-0.02932958994996737,-2.1020044221151806,0.4520616512711837,-4.435483870967742,0.8013309191021002,-0.168074309888126,0.0,-0.11489264213621149,-4.398185799186738,-5.180667153640127,0.8013309191021002,-0.168074309888126,0.0,Publishing,Communication Services,DALN
2008Q2,2008,Q2,2008-08-14,2008-06-30,-3197000.0,163255000.0,-4107000.0,-0.62,78569000.0,0.48126550488499586,607117000.0,465982000.0,131814000.0,100410000.0,141135000.0,17287000.0,-17035000.0,25267828.830938403,385828.83093840256,91.02099814435003,1.312757693456827,0.0,0.0,-0.00710290486103947,91.02099814435003,-0.006860780030129919,0.15477522177537228,-1.9759015351062246,0.05422490317423935,0.0,4.898825707178805,0.0,0.26890204029865744,0.9689273976695548,-0.005265871322990462,7.968410227353643,0.48126550488499586,0.6352941176470589,0.9631952678409165,-0.11707721471389713,0.0,0.030386088233751246,0.6332874512502867,0.654263826921458,0.9631952678409165,-0.11707721471389713,0.0,Publishing,Communication Services,DALN
2008Q1,2008,Q1,2008-05-15,2008-03-31,-8718000.0,160187000.0,-11879000.0,-1.7,76252000.0,0.4760186531990736,622090000.0,481583000.0,138524000.0,97145000.0,140507000.0,16950000.0,-13838000.0,49193911.1611753,23807911.161175303,94.09133981341279,1.4259508981419529,0.0,0.0,-0.015373401711052712,94.09133981341279,-0.018102798479182197,0.3071030181049355,-1.4106994483016546,0.10215043130919343,0.0,4.9519174041297935,0.0,0.2574981112057741,1.0425034741880694,-0.014014049414071918,2.504271592403548,0.4760186531990736,0.8997050147492626,0.07311009067232985,-0.08929510285995426,0.0,-0.5870837778271158,0.8995077980012218,0.0,0.07311009067232985,-0.08929510285995426,0.0,Publishing,Communication Services,DALN
2007Q4,2007,Q4,2008-03-31,2007-12-31,-86753000.0,184667000.0,0.0,-16.95,184667000.0,1.0,619710000.0,86940000.0,122019000.0,120402000.0,532770000.0,11407000.0,0.0,61991777.71001261,434425777.7100126,16.982110575143494,1.0134300094682813,0.6120733891659002,4.362870945479641,0.0,16.982110575143494,-0.9978490913273522,0.33569494121858595,-0.17864447831778904,0.7130409214402187,,0.0,,0.2979893821303513,0.8111659274762878,-0.13998967258879152,0.0,1.0,0.0011785503830288495,0.0,0.0,0.0,0.0,0.0,0.0,0.0,0.0,0.0,Publishing,Communication Services,DALN
2007Q3,2007,Q3,2007-09-30,2007-09-30,-86753000.0,184667000.0,0.0,-16.97,184667000.0,1.0,,,,,,,,61912621.57071978,,,0.0,0.0,0.0,0.0,,0.0,0.33526629863873775,-0.17841637053104725,0.0,,0.0,,0.0,0.0,0.0,0.0,1.0,0.0,0.0,0.0,0.0,0.0,0.0,0.0,0.0,0.0,0.0,Publishing,Communication Services,DALN
2007Q2,2007,Q2,2007-06-30,2007-06-30,-86753000.0,184667000.0,0.0,-16.97,184667000.0,1.0,,,,,,,,61912621.57071978,,,0.0,0.0,0.0,0.0,,0.0,0.33526629863873775,-0.17841637053104725,0.0,,0.0,,0.0,0.0,0.0,0.0,1.0,-8.222826086956522,0.0,0.0,0.0,0.05095809644135608,-8.232971477224352,0.0,0.0,0.0,0.0,Publishing,Communication Services,DALN
2007Q1,2007,Q1,2007-03-31,2007-03-31,-9396000.0,175713000.0,0.0,-1.84,175713000.0,1.0,,,,,,,,61913009.0567925,,,0.0,0.0,0.0,0.0,,0.0,0.3523530362397347,-1.647323570050886,0.0,,0.0,,0.0,0.0,0.0,0.0,1.0,0.0,0.0,0.0,0.0,0.0,0.0,0.0,0.0,0.0,0.0,Publishing,Communication Services,DALN
