Quarters,Year,Quarter,FillingDate,Date,NetIncome,Revenue,OperatingIncome,EPSDiluted,GrossProfit,GrossProfitRatio,TotalAssets,CommonStockEquity,CurrentAssets,CurrentLiability,TotalLiability,Inventory,RetainedEarnings,MarketCap,EnterpriseValue,bookValuePerShare,currentRatio,debtToAssets,debtToEquity,roic,shareholdersEquityPerShare,roe,priceToSalesRatio,peRatio,pbRatio,payoutRatio,inventoryTurnover,dividendYield,assetTurnover,quickRatio,returnOnAssets,priceToFreeCashFlowsRatio,grossProfitMargin,epsdilutedGrowth,fiveYNetIncomeGrowthPerShare,fiveYRevenueGrowthPerShare,fiveYShareholdersEquityGrowthPerShare,grossProfitGrowth,netIncomeGrowth,operatingIncomeGrowth,threeYNetIncomeGrowthPerShare,threeYRevenueGrowthPerShare,threeYShareholdersEquityGrowthPerShare,Industry,Sector,Symbol
2023Q1,2023,Q1,2023-04-12,2023-03-31,11900000.0,226200000.0,17400000.0,0.02,43100000.0,0.1905393457,4088900000.0,2123800000.0,1013900000.0,414900000.0,1897300000.0,233700000.0,-620500000.0,1298090000.0,1524590000.0,4.433820459290188,2.443721378645457,0.18552666976448434,0.3571899425557962,0.003237994134113967,4.433820459290188,0.005603164139749505,5.73868258178603,27.27079831932773,0.6112110368207929,0.0,0.7834830979888746,0.0,0.055320501846462374,1.5162689804772234,0.0029103181784832107,-6.718892339544514,0.1905393457117595,-0.788135593220339,-0.7261350232211513,-0.299832653481186,-0.2691280825201447,4.532786885245901,-0.7367256637168141,-0.7306501547987616,1.354981566206192,-0.19126732605496427,-0.07494274901814423,Gold,Basic Materials,IAG
2022Q4,2022,Q4,2022-12-31,2022-12-31,45200000.0,-75100000.0,64600000.0,0.0944,-12200000.0,0.1624500666,4425100000.0,2130800000.0,1521300000.0,646200000.0,2218300000.0,199900000.0,-632400000.0,1235820000.0,1820520000.0,4.448434237995825,2.35422469823584,0.224288716639172,0.4657874976534635,0.010058399565575464,4.448434237995825,0.02121269006945748,-16.45565912117177,6.83528761061947,0.5799793504786934,0.0,-0.31465732866433216,0.0,-0.016971367878692006,0.7595171773444754,0.01021445843031796,-30.818453865336657,0.16245006657789615,1.4104347826086956,3.5975021926844635,-1.2505543367645149,-0.2587005274696742,-1.4107744107744107,1.4112829845313921,3.3066666666666666,1.1464052649157979,-1.2503002022220229,-0.11186795231352274,Gold,Basic Materials,IAG
2022Q3,2022,Q3,2022-09-30,2022-09-30,-109900000.0,343300000.0,15000000.0,-0.23,29700000.0,0.0865132537,4247800000.0,2141400000.0,1001200000.0,499500000.0,2035200000.0,349000000.0,-656800000.0,512530000.0,900430000.0,4.470563674321503,2.0044044044044043,0.21740665756391545,0.4312599234145886,0.004061699594480504,4.470563674321503,-0.051321565331091806,1.4929507719196038,-1.1659008189262967,0.23934342019239752,0.0,0.898567335243553,0.0,0.08081830594660766,1.191991991991992,-0.025872216206036067,-4.4031786941580755,0.08651325371395281,-30.506849315068493,-4.461657809831088,0.2390296469579481,-0.25762187698070244,-0.39878542510121456,-30.4,-0.38271604938271603,-88.48016701461378,0.22236255074651395,-0.22013426286623552,Gold,Basic Materials,IAG
2022Q2,2022,Q2,2022-06-30,2022-06-30,-3500000.0,334000000.0,24300000.0,-0.0073,49400000.0,0.1479041916,4126000000.0,2270600000.0,923200000.0,522400000.0,1775800000.0,334600000.0,-548500000.0,771029000.0,993929000.0,4.741282104823554,1.7672281776416539,0.16335433834222007,0.29683784021844445,-0.0013096188385551782,4.741282104823554,-0.0015414427904518629,2.3084700598802397,-55.0735,0.3395705980798027,0.0,0.8505678421996413,0.0,0.08095007270964615,0.9835375191424196,-0.0008482792050412022,-4.099037745879851,0.14790419161676646,-1.110773899848255,-1.0067038295435595,0.1804252383174709,-0.2016817069905327,-0.39012345679012345,-1.110062893081761,-0.5466417910447762,0.7608155052297879,0.32412979880786635,-0.17808644476889163,Gold,Basic Materials,IAG
2022Q1,2022,Q1,2022-03-31,2022-03-31,31800000.0,356600000.0,53600000.0,0.0659,81000000.0,0.2271452608,4106000000.0,2278900000.0,947300000.0,605100000.0,1741800000.0,297000000.0,-538400000.0,1662048000.0,1668548000.0,4.771566164154104,1.565526359279458,0.12810521188504628,0.23081311158892448,0.010178664075421295,4.771566164154104,0.013954100662600378,4.660818844643859,13.066415094339623,0.7293202861029444,0.0,0.927946127946128,0.0,0.08684851436921578,1.0746983969591803,0.007744763760350706,-62.016716417910445,0.22714526079641054,1.1532558139534883,2.81319544149318,0.31129495847760885,-0.028831960094091016,2.061598951507208,1.1558823529411764,1.6090909090909091,1.7538540158419214,0.3909701228586491,-0.17826151356862885,Gold,Basic Materials,IAG
2021Q4,2021,Q4,2021-12-31,2021-12-31,-204000000.0,294600000.0,-88000000.0,-0.43,-76300000.0,-0.2589952478,3971600000.0,2239800000.0,951100000.0,581700000.0,1654500000.0,302100000.0,-562200000.0,1492384000.0,1477484000.0,4.697567114093959,1.6350352415334364,0.13344747708731997,0.23662827038128403,-0.021638352069777322,4.697567114093959,-0.09107956067506028,5.0657976917854715,-1.8289019607843136,0.6663023484239664,0.0,1.2277391592188016,0.0,0.0741766542451405,1.0309437854564207,-0.05136468929398731,-7.488128449573507,-0.2589952477936185,-1.866666666666667,-68.03703259827421,0.1055575121270515,-0.044713137620898,-12.057971014492754,-1.813793103448276,-0.4473684210526316,-5.123800798781241,0.0510307506355407,-0.19787571710596444,Gold,Basic Materials,IAG
2021Q3,2021,Q3,2021-09-30,2021-09-30,-72500000.0,294100000.0,-60800000.0,-0.15,6900000.0,0.0234614077,4315600000.0,2449400000.0,1172900000.0,584100000.0,1779000000.0,324700000.0,-368200000.0,1077568000.0,864068000.0,5.137164429530201,2.008046567368601,0.1224858652331078,0.2158079529680738,-0.020686097018733588,5.137164429530201,-0.02959908549032416,3.663951037062224,-3.715751724137931,0.43993141177431205,0.0,0.8845087773329227,0.0,0.06814811381963111,1.386748844375963,-0.016799518027620725,-17.7816501650165,0.023461407684461068,-249.00000000000003,-4.830900858665614,-0.06450351552845232,-0.00987871246162124,-0.7526881720430108,-240.66666666666666,-4.066666666666666,-6.883226137211037,0.17568803598061142,-0.14785419928941956,Gold,Basic Materials,IAG
2021Q2,2021,Q2,2021-06-30,2021-06-30,-300000.0,265600000.0,-12000000.0,-0.0006,27900000.0,0.1050451807,4231800000.0,2514500000.0,1273400000.0,468200000.0,1632900000.0,318000000.0,-292900000.0,1405970000.0,1099770000.0,5.2759127150650444,2.7197778727039728,0.12257195519637033,0.20628355537880294,0.00010669872370543351,5.2759127150650444,-0.00011930801352157487,5.293561746987952,-1171.6416666666669,0.5591449592364287,0.0,0.7474842767295597,0.0,0.06276289049577012,1.9243912857753096,-7.08918190840777e-05,-11.356785137318255,0.10504518072289157,-1.0150000000000001,0.9722285573537193,-0.027095691253908583,0.07666816040467646,-0.36877828054298645,-1.0153846153846153,-2.263157894736842,0.9878660137405798,-0.0628281739708176,-0.12474634367786512,Gold,Basic Materials,IAG
2021Q1,2021,Q1,2021-03-31,2021-03-31,19500000.0,297400000.0,9500000.0,0.04,44200000.0,0.1486213853,4203900000.0,2507900000.0,1365900000.0,389000000.0,1610800000.0,305200000.0,-288400000.0,1417884000.0,985384000.0,5.270912147961329,3.511311053984576,0.12619234520326364,0.21153156026954822,0.002063752792548346,5.270912147961329,0.007775429642330236,4.767599193006053,18.178,0.5653670401531161,0.0,0.8296199213630406,0.0,0.0707438331073527,2.592030848329049,0.004638549917933348,-1181.57,0.14862138533960995,-0.6923076923076923,-0.6938964527183478,0.1283379089105229,0.05100239209726639,-0.4738095238095238,-0.6909667194928685,-0.7486772486772487,-0.5482114482812077,-0.07325277952086051,-0.13114170864169702,Gold,Basic Materials,IAG
2020Q4,2020,Q4,2020-12-31,2020-12-31,63100000.0,347500000.0,37800000.0,0.13,84000000.0,0.2417266187,4154300000.0,2458200000.0,1395500000.0,334800000.0,1608800000.0,327300000.0,-307900000.0,1742149000.0,1334049000.0,5.178428481145987,4.16816009557945,0.12839708254098164,0.21698804002928973,0.009899168968924373,5.178428481145987,0.02566918883736067,5.013378417266187,6.9023335974643425,0.7087092181270848,0.0,0.8050717995722578,0.0,0.08364826805960089,3.0675029868578254,0.015189081192980767,79.55018264840183,0.24172661870503598,8.975460122699388,1.076793002688822,0.20285877668639363,0.06911958409143339,0.07554417413572344,9.194805194805195,-0.35051546391752575,4.659006061754356,0.16985780746226237,-0.13705225339263752,Gold,Basic Materials,IAG
2020Q3,2020,Q3,2020-09-30,2020-09-30,-7700000.0,335100000.0,58200000.0,-0.0163,78100000.0,0.2330647568,4009800000.0,2347900000.0,1396400000.0,315100000.0,1583900000.0,345100000.0,-370700000.0,1814654000.0,1464354000.0,4.9554664415365135,4.431609013011743,0.13474487505611252,0.230120533242472,-0.09471054678253812,4.9554664415365135,-0.0032795263852804634,5.415261116084751,-58.91733766233766,0.772883853656459,0.0,0.744711677774558,0.0,0.08357025288044291,3.124722310377658,-0.0019202952765723976,56.8857053291536,0.2330647567890182,-1.3259999999999998,0.9250780969939058,0.33343804976124636,-0.2465642834100954,0.3872113676731794,-1.3019607843137255,0.10436432637571158,-1.2451983959476574,0.22270807264970133,-0.177099322690817,Gold,Basic Materials,IAG
2020Q2,2020,Q2,2020-06-30,2020-06-30,25500000.0,284600000.0,52700000.0,0.05,56300000.0,0.1978215039,3915400000.0,2322400000.0,1305200000.0,304900000.0,1518900000.0,332500000.0,-359100000.0,1863215000.0,1510015000.0,4.923468306126775,4.280747786159396,0.12226081626398325,0.20612297623148468,0.012055345440602343,4.923468306126775,0.0109800206682742,6.546784961349262,18.2668137254902,0.8022799689975888,0.0,0.6866165413533835,0.0,0.07268733718138633,2.9993440472285995,0.006512744547172703,621.0716666666667,0.1978215038650738,1.7142857142857142,2.0423152396060367,0.042609396008332086,-0.27590068950587315,0.7648902821316614,1.7750759878419453,5.057471264367816,-0.9504122891701918,0.021188407778245072,-0.17100591634599369,Gold,Basic Materials,IAG
2020Q1,2020,Q1,2020-03-31,2020-03-31,-32900000.0,274500000.0,8700000.0,-0.07,31900000.0,0.1162112933,3863600000.0,2253200000.0,1248300000.0,305800000.0,1536200000.0,327800000.0,-384600000.0,1071827999.9999999,760027999.9999999,4.793022761114656,4.082079790712884,0.1250647064913552,0.21445055920468667,0.0034882849418040296,4.793022761114656,-0.01460145570743831,3.9046557377049176,-8.144589665653495,0.4756914610331972,0.0,0.7400854179377669,0.0,0.0710477275080236,2.8247220405493785,-0.008515374262345998,-45.03478991596638,0.1162112932604736,0.8906250000000001,-1.1389893403294806,-0.08105049773774527,-0.3081994433097507,-0.22384428223844283,0.8910235177210997,1.5612903225806452,-0.905844501169964,0.025499536383201085,-0.0244648486475865,Gold,Basic Materials,IAG
2019Q4,2019,Q4,2019-12-31,2019-12-31,-301900000.0,293400000.0,-15500000.0,-0.64,41100000.0,0.1400817996,3862100000.0,2346100000.0,1263000000.0,266000000.0,1443300000.0,308500000.0,-350200000.0,1747132000.0,1383832000.0,5.0087532023911185,4.7481203007518795,0.12099634913648015,0.19918162056178337,-0.0057085546695195225,5.0087532023911185,-0.12868164187374792,5.9547784594410365,-1.4467803908579,0.7446963045053493,0.0,0.8178282009724474,0.0,0.075969032391704,3.338721804511278,-0.0781699075632428,9.244084656084656,0.14008179959100203,-245.15384615384616,-0.3213309681094346,1.3961714357549404,-0.2792445267668614,0.8026315789473685,-250.58333333333334,-2.5346534653465347,-103.00025924118579,0.1207998579533444,0.01856897728780096,Gold,Basic Materials,IAG
2019Q3,2019,Q3,2019-09-30,2019-09-30,-1200000.0,274400000.0,10100000.0,-0.0026,22800000.0,0.083090379,3942700000.0,2682800000.0,992500000.0,243700000.0,1199900000.0,266200000.0,3900000.0,1595880000.0,1366580000.0,5.7324786324786325,4.072630283135002,0.10264539528749335,0.1508498583569405,-0.000530473793631688,5.7324786324786325,-0.0004472938720739526,5.815889212827988,-332.475,0.5948561204711496,0.0,0.9451540195341849,0.0,0.0695969766911,2.941731637258925,-0.0003043599563750729,-431.31891891891894,0.08309037900874636,0.9150326797385621,0.985640263649179,-0.35289659746467944,-0.21485166197354583,2.4545454545454546,0.916083916083916,1.8706896551724137,-1.0646003016591252,-0.11075458221350576,0.10486031783394767,Gold,Basic Materials,IAG
2019Q2,2019,Q2,2019-06-30,2019-06-30,-14300000.0,246500000.0,-11600000.0,-0.0306,6600000.0,0.0267748479,3957100000.0,2699700000.0,1010400000.0,243800000.0,1199200000.0,265600000.0,6900000.0,1488240000.0,1292040000.0,5.768589743589744,4.144380639868745,0.10449571656010714,0.1531651664999815,-0.005123345753565463,5.768589743589744,-0.005296884839056192,6.037484787018256,-26.01818181818182,0.5512612512501389,0.0,0.9032379518072289,0.0,0.06229309342700463,2.9835931091058243,-0.003613757549720755,-43.01271676300578,0.026774847870182555,0.6534541336353341,0.24254385964912278,-0.3123211969365815,-0.2319146911959378,8.333333333333334,0.6537530266343826,0.37967914438502676,-0.3480978260869565,-0.08046732837055408,0.1772099431488572,Gold,Basic Materials,IAG
2019Q1,2019,Q1,2019-03-31,2019-03-31,-41300000.0,251000000.0,-18700000.0,-0.0883,-900000.0,-0.0035856574,3945400000.0,2715200000.0,1025900000.0,245500000.0,1170200000.0,262100000.0,21300000.0,1585164000.0,1390464000.0,5.806672369546621,4.178818737270876,0.09998986161099001,0.14529316440777842,-0.006224439769391644,5.806672369546621,-0.015210665880966411,6.3153944223107565,-9.595423728813559,0.5838111373011197,0.0,0.9610835558946966,0.0,0.06361839103766412,3.034623217922607,-0.010467886652810869,-25.81700325732899,-0.0035856573705179283,-0.26323319027181685,-9.992272212332095,-0.2760244433643071,-0.23090837818353366,-1.0375,-0.2668711656441718,-13.466666666666667,-1.659680638722555,-0.031004250683235795,0.15783120249481633,Gold,Basic Materials,IAG
2018Q4,2018,Q4,2018-12-31,2018-12-31,-32600000.0,274300000.0,1500000.0,-0.0699,24000000.0,0.0874954429,3961000000.0,2732600000.0,1086900000.0,227200000.0,1168400000.0,274700000.0,63100000.0,1717088000.0,1500488000.0,5.856408058294042,4.783890845070423,0.10060590759909113,0.14583180853399694,0.0010921338889145731,5.856408058294042,-0.011930030008050941,6.259890630696318,-13.167852760736197,0.6283715143087171,0.0,0.9111758281761922,0.0,0.06925018934612472,3.511443661971831,-0.008230244887654633,-18.151035940803382,0.08749544294567992,-2.621761658031088,0.9694921762241783,-0.0860909221428304,-0.20506583187256278,2.2,-2.6222222222222222,1.3061224489795917,0.9596369117570301,-0.034037788053924926,0.2090927914422871,Gold,Basic Materials,IAG
2018Q3,2018,Q3,2018-09-30,2018-09-30,-9000000.0,244800000.0,-4900000.0,-0.0193,7500000.0,0.0306372549,3984600000.0,2812900000.0,1137400000.0,264000000.0,1113900000.0,240700000.0,97900000.0,1735752000.0,1536052000.0,6.028504072010287,4.308333333333334,0.09943281634292024,0.14085107895765936,-0.0016167259649489411,6.028504072010287,-0.003199544953606598,7.090490196078432,-48.21533333333334,0.6170685058125067,0.0,0.9858745326132115,0.0,0.061436530642975454,3.2708333333333335,-0.0022586959795211563,-33.57353965183752,0.030637254901960783,0.6281310211946051,-1.2871161154021438,-0.32680808867073485,-0.3814644779950758,-0.7466216216216216,0.628099173553719,-1.6805555555555556,0.9110776552127335,-0.01085456469008381,-0.08341821319006079,Gold,Basic Materials,IAG
2018Q2,2018,Q2,2018-06-30,2018-06-30,-24200000.0,277400000.0,7200000.0,-0.0519,29600000.0,0.106705119,3990600000.0,2812000000.0,1168200000.0,247400000.0,1119700000.0,227400000.0,107400000.0,2710365000.0,2448265000.0,6.027867095391211,4.7219078415521425,0.09865684358241869,0.14000711237553343,0.0032353085352430267,6.027867095391211,-0.00860597439544808,9.770602018745494,-27.999638429752064,0.9638566856330014,0.0,1.0897097625329815,0.0,0.06951335638751065,3.6806790622473726,-0.006064250989826091,-74.87196132596685,0.10670511896178803,-1.5766666666666667,0.22781117479845286,-0.25625446958864306,-0.37648463301353274,-0.6094986807387863,-1.5721040189125295,-0.864406779661017,-0.0002038025543958523,0.027560552609848802,-0.11347567687366328,Gold,Basic Materials,IAG
2018Q1,2018,Q1,2018-03-31,2018-03-31,42300000.0,314500000.0,53100000.0,0.09,75800000.0,0.2410174881,4026300000.0,2828800000.0,1204100000.0,260500000.0,1138500000.0,206700000.0,133600000.0,2448075000.0,2135575000.0,6.066480806347845,4.622264875239924,0.09748404242108138,0.13875141402714933,0.013124588936755008,6.066480806347845,0.014953337104072399,7.784022257551669,14.468528368794326,0.8654111283936652,0.0,1.1548137397194,0.0,0.07811141743039515,3.74126679462572,0.010505923552641383,65.10837765957447,0.2410174880763116,3.479338842975207,0.9747365498159785,-0.168027932292597,-0.38725045684039205,0.8442822384428224,3.502958579881657,1.95,3.7725406697098745,0.061438371669397744,-0.12439497825248111,Gold,Basic Materials,IAG
2017Q4,2017,Q4,2017-12-31,2017-12-31,-16900000.0,291100000.0,18000000.0,-0.0363,41100000.0,0.141188595,3966900000.0,2791600000.0,1161000000.0,231100000.0,1120100000.0,200000000.0,91300000.0,2847024000.0,2574524000.0,6.000859845227859,5.0237992211164,0.0987168822002067,0.14027797678750537,-0.007131657620417641,6.000859845227859,-0.00605387591345465,9.780226726210923,-42.11573964497041,1.0198538472560539,0.0,1.25,0.0,0.07338223801961229,4.055819991345738,-0.004260253598527818,-115.73268292682927,0.1411885949845414,-1.5185714285714285,-1.1620610063238264,-0.4958178001913541,-0.3925258159413658,0.004889975550122249,-1.5487012987012987,-0.3308550185873606,0.9255246786807972,1.3937410250926408,-0.13648119546234205,Gold,Basic Materials,IAG
2017Q3,2017,Q3,2017-09-30,2017-09-30,30800000.0,268800000.0,26900000.0,0.07,40900000.0,0.1521577381,3935400000.0,2798400000.0,1076900000.0,225200000.0,1082600000.0,209500000.0,109600000.0,2834670000.0,2639770000.0,6.0219496449322145,4.781971580817052,0.09877013772424659,0.13890080045740424,0.007298487012506568,6.0219496449322145,0.0110062893081761,10.545647321428572,23.008685064935065,1.0129609777015436,0.0,1.0878281622911694,0.0,0.06830309498399147,3.77753108348135,0.007826396300249021,87.76068111455109,0.15215773809523808,-0.9351851851851851,-0.6803297412722848,-0.437414003630457,-0.38781347445725045,0.1392757660167131,-0.9391905231984206,0.591715976331361,1.3711838886293573,-0.3616012597746432,-0.1752042949433274,Gold,Basic Materials,IAG
2017Q2,2017,Q2,2017-06-30,2017-06-30,506500000.0,274500000.0,16900000.0,1.08,35900000.0,0.1307832423,3886600000.0,2759300000.0,1029100000.0,199000000.0,1073700000.0,195100000.0,78800000.0,2397336000.0,2013336000.0,5.93908738699957,5.171356783919598,0.10091082179797252,0.14213749864095968,0.004854836647940033,5.93908738699957,0.18356104809190738,8.733464480874318,1.1832852912142153,0.8688203529880767,0.0,1.2229625832906201,0.0,0.07062728348685227,4.128140703517588,0.13031955951217003,80.71838383838384,0.1307832422586521,30.427792915531334,6.750824540003109,-0.45881278072532894,-0.38045965322834124,0.025714285714285714,31.148809523809526,0.5089285714285714,28.02511498289417,-0.22860341715270688,-0.209213001370565,Gold,Basic Materials,IAG
2017Q1,2017,Q1,2017-03-31,2017-03-31,-16800000.0,260500000.0,11200000.0,-0.0367,35000000.0,0.1343570058,3848000000.0,2247800000.0,1428200000.0,708200000.0,1549600000.0,203700000.0,-427700000.0,1830000000.0,1656200000.0,4.913224043715847,2.0166619598983337,0.2337058212058212,0.400080078298781,0.007381046526954002,4.913224043715847,-0.007473974552896165,7.024952015355086,-27.232142857142858,0.8141293709404751,0.0,1.1070201276386844,0.0,0.0676975051975052,1.583168596441683,-0.004365904365904366,82.0627802690583,0.1343570057581574,-4.919354838709678,-1.1158323247882056,-0.47032659804295335,-0.4875954177357893,0.8324607329842932,-5.0,-0.3212121212121212,-4.738626495347807,-0.23203520119580764,-0.3492452806625085,Gold,Basic Materials,IAG
2016Q4,2016,Q4,2016-12-31,2016-12-31,-2800000.0,252500000.0,16500000.0,-0.0062,19100000.0,0.0756435644,3400500000.0,2221700000.0,1012900000.0,195500000.0,1129400000.0,207900000.0,-409700000.0,1739430000.0,1572630000.0,4.917441345728198,5.181074168797954,0.14268489927951772,0.21839132196066074,0.004491279917562655,4.917441345728198,-0.001260296169599856,6.888831683168317,-155.30625,0.7829274879596706,0.0,1.1226551226551227,0.0,0.07425378620791061,3.5877237851662405,-0.0008234083223055433,511.59705882352944,0.07564356435643564,-1.155,-1.0174924351130874,-0.5622805419529694,-0.46615653377452126,-0.6340996168582376,-1.1647058823529413,-0.5118343195266272,0.9972938605763288,-0.13116546757952013,-0.3325188227029717,Gold,Basic Materials,IAG
2016Q3,2016,Q3,2016-09-30,2016-09-30,17000000.0,282400000.0,33800000.0,0.04,52200000.0,0.1848441926,3404600000.0,2222200000.0,1021000000.0,202800000.0,1135100000.0,212900000.0,-403300000.0,1734615000.0,1592415000.0,5.188419332243754,5.034516765285996,0.14248369852552428,0.2182971829718297,0.00741969916708108,5.188419332243754,0.007650076500765008,6.1424043909348445,25.50904411764706,0.7805845558455585,0.0,1.0812588069516205,0.0,0.08294660165658227,3.4837278106508878,0.004993244434001057,39.15609480812641,0.1848441926345609,2.762114537444934,-0.7516938846044271,-0.42690326918567145,-0.4247078874066356,1.139344262295082,2.847826086956522,2.7555555555555555,-0.40917258137004564,-0.1539640295753465,-0.4676587057558922,Gold,Basic Materials,IAG
2016Q2,2016,Q2,2016-06-30,2016-06-30,-9200000.0,232500000.0,9000000.0,-0.0227,24400000.0,0.1049462366,3311100000.0,1989000000.0,947300000.0,188100000.0,1278900000.0,216000000.0,-420300000.0,1680425999.9999998,1755125999.9999998,4.900221729490022,5.036150983519405,0.1899368789828154,0.31618903971845147,-0.006589250926314985,4.900221729490022,-0.004625439919557567,7.227638709677418,-45.66374999999999,0.8448597285067873,0.0,0.9634259259259259,0.0,0.0702183564374377,3.447634237107921,-0.0027785328138685028,-105.02662499999998,0.10494623655913979,-1.1746153846153846,-1.1060642071128957,-0.37874549324144313,-0.45067957727553926,2.753846153846154,-1.1732580037664784,1.72,0.6626128244753522,-0.28357049036508913,-0.49312692174084205,Gold,Basic Materials,IAG
2016Q1,2016,Q1,2016-03-31,2016-03-31,53100000.0,219700000.0,-12500000.0,0.13,6500000.0,0.0295857988,3288900000.0,1989000000.0,961900000.0,181100000.0,1258200000.0,211600000.0,-408100000.0,876486000.0,918986000.0,5.015128593040847,5.311430149088901,0.19131016449268753,0.31633986928104574,-0.004285126146633081,5.015128593040847,0.02669683257918552,3.989467455621302,4.126581920903955,0.44066666666666665,0.0,1.007561436672968,0.0,0.06680044999847974,3.6885698509110987,0.01614521572562255,-48.15857142857143,0.029585798816568046,1.0751445086705202,-0.6738756072550253,-0.5214482419076627,-0.35581799512374696,1.1434878587196469,1.0783763837638376,0.7276688453159041,1.9145802908537597,-0.31666941686946315,-0.4934430928954853,Gold,Basic Materials,IAG
2015Q4,2015,Q4,2015-12-31,2015-12-31,-677500000.0,238200000.0,-45900000.0,-1.73,-45300000.0,-0.1901763224,3251400000.0,1895800000.0,951900000.0,250300000.0,1313500000.0,223900000.0,-461200000.0,555788000.0,773988000.0,4.843638221768012,3.803036356372353,0.21504582641323738,0.3688152758729824,-0.01705117215927916,4.843638221768012,-0.35736892077223337,2.33328295549958,-0.20508782287822877,0.29316805570207827,0.0,1.2661902635104958,0.0,0.07326074921572245,2.595685177786656,-0.20837177831088147,-5.268132701421801,-0.190176322418136,-6.863636363636363,-6.132768228075634,-0.45796009567822926,-0.3466922627161283,-1.265,-6.979976442873969,-0.0851063829787234,-8.721825996513697,-0.5096502646349983,-0.5096727381520754,Gold,Basic Materials,IAG
2015Q3,2015,Q3,2015-09-30,2015-09-30,-84900000.0,207600000.0,-42300000.0,-0.22,-20000000.0,-0.0963391137,4020300000.0,2574300000.0,1039400000.0,232500000.0,1400700000.0,269000000.0,221800000.0,637982000.0,632982000.0,6.577158916709249,4.470537634408602,0.15615750068402856,0.2438721205764674,-0.014584341574606294,6.577158916709249,-0.0329798391795828,3.073131021194605,-1.878627797408716,0.24782737054733325,0.0,0.846096654275093,0.0,0.051637937467353186,3.2851612903225806,-0.021117827027833744,-18.987559523809523,-0.09633911368015415,-3.2389210019267822,-2.9804973599046156,-0.26693311695197075,-0.07218382243058345,-7.695652173913044,-3.1822660098522166,-1.64375,-2.0461911874533234,-0.484131685424845,-0.3313713493849594,Gold,Basic Materials,IAG
2015Q2,2015,Q2,2015-06-30,2015-06-30,-20300000.0,226500000.0,-16000000.0,-0.0519,-2300000.0,-0.0101545254,4082300000.0,2661300000.0,1072000000.0,212100000.0,1375800000.0,248500000.0,305600000.0,782800000.0,741200000.0,6.7994379151762905,5.054219707685054,0.1560394875437866,0.23935670536955622,-0.0072408067614154175,6.7994379151762905,-0.0076278510502386055,3.4560706401766006,-9.640394088669952,0.2941419606959005,-0.15763546798029557,0.9207243460764587,0.004087889626980072,0.05548342845944688,3.8486562942008486,-0.004972686965681111,-28.56934306569343,-0.010154525386313467,-0.5871559633027523,-1.5391440499624978,-0.05441466883173235,-0.005317703428085657,-1.176923076923077,-0.6111111111111112,-0.1267605633802817,-1.3687422301601637,-0.4699317722659189,-0.2907115438237635,Gold,Basic Materials,IAG
2015Q1,2015,Q1,2015-03-31,2015-03-31,-12600000.0,244700000.0,-14200000.0,-0.0327,13000000.0,0.0531262771,4136100000.0,2668100000.0,1110700000.0,242600000.0,1419000000.0,233200000.0,325300000.0,720137000.0,627637000.0,6.92833030381719,4.578318219291014,0.15393728391479897,0.2386342340991717,0.005884721038173723,6.92833030381719,-0.004722461676848694,2.94293829178586,-14.28843253968254,0.2699063003635546,0.0,0.9935677530017153,0.0,0.05916201252387515,3.578318219291014,-0.00304634800899398,-35.12863414634146,0.05312627707396812,0.933265306122449,-1.205401997643122,-0.022182717869595834,0.015024457841613567,1.4482758620689655,0.9314472252448314,0.8534571723426213,-1.1032068720928407,-0.40891221247274945,-0.2774381620849129,Gold,Basic Materials,IAG
2014Q4,2014,Q4,2014-12-31,2014-12-31,-183800000.0,98500000.0,-96900000.0,-0.49,-29000000.0,-0.2944162437,4222800000.0,2618500000.0,1184700000.0,395100000.0,1559200000.0,245100000.0,301200000.0,1017360000.0000001,1500560000.0,6.949309978768578,2.9984813971146544,0.15196078431372548,0.2450639679205652,-0.03324968058484962,6.949309978768578,-0.07019285850677869,10.328527918781727,-1.3837867247007618,0.38852778308191716,-0.010337323177366704,0.5201958384332925,0.001867578831485413,0.023325755422942122,0.7618324474816502,-0.04352562280951028,172.43389830508477,-0.29441624365482233,-1.7222222222222223,-2.793994463648277,-0.6369813065570927,0.05936488244662538,-1.6209850107066381,-1.7310549777117386,-9.35344827586207,-2.3768070456440396,-0.7952584280565222,-0.24557438185533573,Gold,Basic Materials,IAG
2014Q3,2014,Q3,2014-09-30,2014-09-30,-67300000.0,341500000.0,11600000.0,-0.18,46700000.0,0.136749634,4192900000.0,2751800000.0,600000000.0,216700000.0,1395000000.0,257700000.0,421400000.0,1040243999.9999999,1511044000.0,7.301140886176705,2.7688047992616522,0.1529490328889313,0.23304745984446545,-0.0676702026777526,7.301140886176705,-0.02445671923831674,3.046102489019033,-3.864205052005943,0.37802311214477796,0.0,1.143965851765619,0.0,0.0814472083760643,1.5431472081218274,-0.016050943261227312,25.685037037037034,0.13674963396778916,-3.4665012406947886,-2.0117730654135113,0.4158743094081879,0.09215756103401294,0.10401891252955082,-3.4276315789473686,5.296296296296297,-2.1170574143196164,-0.21245408411023609,-0.19044924941832872,Gold,Basic Materials,IAG
2014Q2,2014,Q2,2014-06-30,2014-06-30,-15200000.0,288600000.0,-2700000.0,-0.0403,42300000.0,0.1465696466,4243900000.0,2829900000.0,586000000.0,202200000.0,1373100000.0,267900000.0,493900000.0,1552416000.0,2073216000.0,7.510350318471337,2.898120672601385,0.15104031668983717,0.22650977066327432,-0.007390014117375897,7.510350318471337,-0.005371214530548783,5.379126819126819,-25.533157894736846,0.5485762747800276,-0.14473684210526316,0.9193729003359462,0.0014171459196504028,0.06800348735832606,1.4985163204747773,-0.003581611253799571,-40.01072164948454,0.14656964656964658,-5.03,-1.3344155233298076,0.24380671705414486,0.1883266656083659,-0.2309090909090909,-5.108108108108108,-1.1436170212765957,-1.1887699094607593,-0.1692868620979628,-0.1580811972398598,Gold,Basic Materials,IAG
2014Q1,2014,Q1,2014-03-31,2014-03-31,3700000.0,279300000.0,18800000.0,0.01,55000000.0,0.1969208736,4227500000.0,2844100000.0,627700000.0,220200000.0,1341100000.0,275600000.0,468800000.0,1325984000.0,1826684000.0,7.550039819485002,2.8505903723887376,0.151531638083974,0.22523821243978764,0.0013487531207851465,7.550039819485002,0.0013009387855560635,4.747525957751522,89.59351351351351,0.4662227066558841,0.0,0.8138606676342526,0.0,0.06606741573033707,1.536330608537693,0.0008752217622708456,-18.39090152565881,0.19692087361260294,1.0043668122270741,-0.9419872102470679,0.21898553254089786,0.06877903223879256,0.047619047619047616,1.0042040677195774,-0.12149532710280374,-0.9760752407590633,-0.35948856951135705,-0.030214340952238333,Gold,Basic Materials,IAG
2013Q4,2013,Q4,2013-12-31,2013-12-31,-880100000.0,247200000.0,21400000.0,-2.29,52500000.0,0.2123786408,4190400000.0,2831200000.0,736600000.0,215300000.0,1317900000.0,300200000.0,465100000.0,1279719000.0,1697719000.0,7.367161072079105,3.4212726428239666,0.1528016418480336,0.2261585193557502,0.005554218668146365,7.367161072079105,-0.31085758688895165,5.176856796116505,-0.363515225542552,0.4520058632382029,0.0,0.6485676215856095,0.0,0.05899198167239404,1.961913608917789,-0.21002768232149677,-12.992071065989848,0.21237864077669902,-33.71428571428571,-6.024175968014794,-0.09277314694182467,0.3157663013033976,-0.30186170212765956,-35.78656126482213,-0.5485232067510548,-7.790860549178863,-0.4270873573448344,-0.006320639601983949,Gold,Basic Materials,IAG
2013Q3,2013,Q3,2013-09-30,2013-09-30,25300000.0,293500000.0,47400000.0,0.07,75200000.0,0.2562180579,5160000000.0,3670500000.0,906300000.0,272300000.0,1412200000.0,283900000.0,1304000000.0,1788850000.0,2067950000.0,9.746415294742432,3.3283143591626883,0.12401162790697674,0.1743359215365754,0.006036090402713505,9.746415294742432,0.006892793897289197,6.09488926746167,17.676383399209485,0.48735867048086096,2.0632411067193677,0.7689327227897147,0.02918075858791961,0.05687984496124031,2.2225486595666544,0.0049031007751937986,-39.9296875,0.25621805792163543,2.0416666666666665,0.05368470901327317,0.015314070378836312,0.5691811160775214,-0.15028248587570622,2.0,-0.3008849557522124,-0.38662283431550576,0.0771219156689594,0.3748917881242937,Gold,Basic Materials,IAG
2013Q2,2013,Q2,2013-06-30,2013-06-30,-25300000.0,301100000.0,67800000.0,-0.0672,88500000.0,0.293922285,5183100000.0,3640800000.0,1000900000.0,318500000.0,1466100000.0,289800000.0,1278700000.0,1660806000.0,1853006000.0,9.667551779075943,3.1425431711145997,0.12338175995060871,0.17564820918479454,-0.11132007881067528,9.667551779075943,-0.006949022192924632,5.515795416805048,-16.411126482213437,0.4561651285431773,-0.06324110671936758,0.7336093857832988,0.0009633876563548059,0.05809264725743281,2.161067503924647,-0.00488124867357373,-10.919171597633136,0.29392228495516437,-2.4640522875816995,-1.5968787628616974,0.04995474161022416,0.564337244292566,-0.2679900744416873,-2.46242774566474,-0.23129251700680273,-1.6983446422658577,0.30642289022917,0.41425552020645745,Gold,Basic Materials,IAG
2013Q1,2013,Q1,2013-03-31,2013-03-31,17300000.0,305300000.0,88200000.0,0.0459,120900000.0,0.3960039306,5282500000.0,3728500000.0,1228300000.0,317900000.0,1470900000.0,289300000.0,1354100000.0,2677626000.0,2668826000.0,9.900424853956453,3.863793645800566,0.12100331282536678,0.1714362344106209,0.006554426209354266,9.900424853956453,0.004639935630950784,8.770474942679332,38.694017341040464,0.7181509990612847,2.8092485549132946,0.6374006221914967,0.018150406367431447,0.05779460482725982,2.865051903114187,0.0032749645054424986,-28.126323529411764,0.3960039305601048,-0.7913636363636364,-0.6058835206077514,0.1496340869401169,0.6297110036481005,-0.4215311004784689,-0.7955082742316785,-0.4239059438275637,-0.7116144975600536,0.24750917010318396,0.4504466341987412,Gold,Basic Materials,IAG
2012Q4,2012,Q4,2012-12-31,2012-12-31,84600000.0,468400000.0,153100000.0,0.22,209000000.0,0.4461998292,5376200000.0,3728100000.0,1401100000.0,373100000.0,1571400000.0,305100000.0,1343200000.0,4328778000.0,4154078000.0,9.878378378378379,3.755293487000804,0.11881998437558126,0.17134733510367212,0.02256190392069718,9.878378378378379,0.022692524342158203,9.241626814688301,12.791897163120568,1.1611217510259917,0.02009456264775414,0.8502130449033104,0.0003927205322148652,0.08712473494289646,2.8410613776467435,0.01573602172538224,-47.99088691796009,0.446199829205807,0.047619047619047665,6.48997501394275,0.9123368244051883,0.6617048381161769,0.2751677852348993,0.08461538461538462,0.3221070811744387,2.74353450699226,0.7235291918271217,0.5058771563717853,Gold,Basic Materials,IAG
2012Q3,2012,Q3,2012-09-30,2012-09-30,78000000.0,386800000.0,115800000.0,0.21,163900000.0,0.4237331954,5214300000.0,3700600000.0,1466500000.0,349600000.0,1447000000.0,265300000.0,1308000000.0,6150870000.000001,5892370000.000001,9.8367889420521,4.1947940503432495,0.12241336325105959,0.1724855428849376,0.01734571419952749,9.8367889420521,0.021077663081662434,15.901938986556363,19.714326923076925,1.662127763065449,0.6961538461538461,0.8401809272521673,0.008828019450906943,0.07418061868323649,3.2339816933638446,0.014958863126402393,-68.87872340425533,0.4237331954498449,0.4999999999999998,2.0958455588427465,0.7611408426026776,0.6328358084364671,0.02118380062305296,0.47448015122873344,-0.05237315875613748,0.17481639463531395,0.606674146311134,0.47145817165347015,Gold,Basic Materials,IAG
2012Q2,2012,Q2,2012-06-30,2012-06-30,52900000.0,410600000.0,122200000.0,0.14,160500000.0,0.3908913785,4492300000.0,3605400000.0,892800000.0,343800000.0,826800000.0,245900000.0,1230000000.0,4437980000.0,4038480000.0,9.586280244615793,2.5968586387434556,0.0,0.0,0.018764731690343275,9.586280244615793,0.014672435790758307,10.80852411105699,20.973440453686205,1.2309258334720143,0.03969754253308128,1.0170801138674257,0.0004731882523129892,0.09140084143979699,1.8816172193135543,0.011775705095385437,-48.03008658008658,0.3908913784705309,-0.5625,1.5065448360610767,0.9122028679691695,0.6320483084171388,-0.14899257688229056,-0.5562080536912751,-0.21212121212121213,0.16602019867800477,0.7728952515619448,0.5167910890460696,Gold,Basic Materials,IAG
2012Q1,2012,Q1,2012-03-31,2012-03-31,119200000.0,404200000.0,155100000.0,0.32,188600000.0,0.4666006927,4456600000.0,3605300000.0,1520600000.0,330800000.0,795700000.0,243600000.0,1224100000.0,4997040000.0,3963740000.0,9.588563829787233,4.596735187424426,0.0,0.0,0.030796780162686253,9.588563829787233,0.033062435858319694,12.362790697674418,10.480369127516777,1.3860261282001498,0.40939597315436244,0.8850574712643678,0.009765781342554793,0.09069694385854687,3.8603385731559854,0.026746847372436388,132.9,0.46660069272637306,-0.08571428571428563,7.225332629455408,1.150594945271184,0.5687773236155169,-0.2996710013293626,-0.10804480727931218,-0.12902845398338922,0.8724320109772856,0.7673871781821264,0.35735124788506395,Gold,Basic Materials,IAG
2011Q4,2011,Q4,2011-12-31,2011-12-31,133639000.0,481605000.0,178077000.0,0.35,269302000.0,0.5591760883,4349722000.0,3474537000.0,1543454000.0,352625000.0,820807000.0,239127000.0,1104884000.0,5978620000.0,4927007000.0,9.21139183457052,4.377040765685927,0.0,0.0,0.0363221947927752,9.21139183457052,0.03846239081638791,12.413949190726841,11.18427255516728,1.720695448055381,0.0365686663324329,0.8878252978542782,0.0008174127139707826,0.11072086905783864,3.698906770648706,0.03072357267889764,104.21705858768979,0.5591760882881199,1.1874999999999998,8.266742544305888,1.5799045599151642,0.2726138251647742,0.5768388509596806,1.2270568433682738,0.13754511482321377,2.086663999778163,0.8007653171118843,0.6451437460710691,Gold,Basic Materials,IAG
2011Q3,2011,Q3,2011-09-30,2011-09-30,60007000.0,431894000.0,156545000.0,0.16,170786000.0,0.395434991,4147625000.0,3385596000.0,1482614000.0,297026000.0,719778000.0,253721000.0,1019114000.0,7425313100.0,6496532100.0,9.018756243423594,4.991529361066035,0.0,0.0,0.021297807649448483,9.018756243423594,0.01772420572330544,17.192443284694857,30.93519547719433,2.193207074913841,0.6965853983701902,1.0291146574386827,0.005629392247446104,0.10413043609294476,3.985546719815774,0.014467797836111027,103.27278303198888,0.3954349909931604,-0.23809523809523805,1.0937351861997724,2.0811797686406224,1.320109629142753,0.33754679448020924,-0.25097985370846543,0.35011944906812476,1.507170698089324,0.4988608006857736,0.4520273926066625,Gold,Basic Materials,IAG
2011Q2,2011,Q2,2011-06-30,2011-06-30,80114000.0,345655000.0,115949000.0,0.21,127686000.0,0.3694030175,4070542000.0,3344248000.0,1518586000.0,296873000.0,694068000.0,248174000.0,978364000.0,7033011440.000001,5985534440.000001,8.920516199245654,5.11527151340809,0.0,0.0,0.021774872851279405,8.920516199245654,0.023955759261872923,20.34691076362269,21.946886436827523,2.1030173121132165,0.026275058042289738,0.8782910377396504,0.0002993027976647227,0.08491621017545084,4.109477790166165,0.01968140852004475,-92.44110145765698,0.3694030174596057,-0.4878048780487805,0.2583013868542378,1.2512712993395858,1.3426283589563686,-0.32113691463570243,-0.47766954843589043,-0.3374115683966307,0.8986540833535326,0.2108058009839166,0.44345704555708915,Gold,Basic Materials,IAG
2011Q1,2011,Q1,2011-03-31,2011-03-31,153378000.0,432467000.0,174994000.0,0.41,188088000.0,0.4349187337,3631541000.0,2908560000.0,847489000.0,280469000.0,690405000.0,220363000.0,536980000.0,8226627960.0,7749092960.0,7.785266516416041,3.021685106018847,0.0,0.0,0.04747981651021172,7.785266516416041,0.0527333113293176,19.022556541886434,13.40907424793647,2.8284195478174765,0.2042274641734799,1.1089838130720675,0.003807635419069079,0.11908636030819975,2.2359904303149367,0.04223496306388941,53.927420255653885,0.43491873368372613,0.2424242424242423,2.631332560224274,3.5694483640216372,1.1446146418379375,0.11317728523658746,0.21475978520853464,-0.11489555409438065,2.5222269437403804,0.6415781944822644,0.28153434779781256,Gold,Basic Materials,IAG
2010Q4,2010,Q4,2010-12-31,2010-12-31,126262000.0,420364000.0,197710000.0,0.33,168965000.0,0.401949263,3494947000.0,2775810000.0,599461000.0,253906000.0,661270000.0,206276000.0,363852000.0,6664320000.0,6405297000.0,7.414022435897436,2.3609564169417028,0.0033637133839225604,0.004235160187476808,0.051161894869443766,7.414022435897436,0.045486542666825176,15.85368870788174,13.195419049278485,2.4008559663665743,0.056842121936924804,1.2187506059842153,0.0010769290790358205,0.12027764655658583,1.5485455247217474,0.03612701422940033,42.53622170877108,0.40194926301966866,2.0000000000000004,7.111622472074884,3.2318061728539584,1.6805799825167735,0.6196798312883436,2.098301923831959,1.4142478600124553,10.268048975900285,0.7299719970786089,0.247159855568832,Gold,Basic Materials,IAG
2010Q3,2010,Q3,2010-09-30,2010-09-30,40752000.0,269215000.0,81893000.0,0.11,104320000.0,0.387496982,3212389000.0,2637623000.0,438441000.0,185954000.0,542060000.0,204134000.0,249196000.0,6589536800.0,6476881800.0,7.088859922597291,2.3577927874635662,0.0,0.0,0.017838785091296525,7.088859922597291,0.015450274736002833,24.47685604442546,40.424622104436594,2.498286070450553,0.0,0.807778224107694,0.0,0.08380523031301626,1.26002667326328,0.012685885800256445,793.060151642797,0.38749698196608656,0.09999999999999995,2.839943788694824,2.4005670567729993,1.5253480102425125,0.16475369568130052,0.1410970794948618,0.2461273927995374,0.6353701887963026,0.23933679069688257,0.1766994687793224,Gold,Basic Materials,IAG
2010Q2,2010,Q2,2010-06-30,2010-06-30,35713000.0,227197000.0,65718000.0,0.1,89564000.0,0.3942129518,3067427000.0,2537725000.0,387135000.0,171969000.0,505230000.0,165812000.0,208444000.0,6563540880.0,6460086880.0,6.835788611710452,2.251190621565515,0.0,0.0,0.016510853604230175,6.835788611710452,0.014072840831847422,28.889205755357686,45.94644023184835,2.5863877606911703,0.0,0.8300545195763878,0.0,0.07406761432301405,1.2869935860533004,0.01164265685866363,-76.37441534111404,0.39421295175552495,-0.375,4.933228128301959,2.0348353269204447,1.4676607777685045,0.08836824964759636,-0.3930902046087961,-0.20107466750954314,1.3464463208640964,0.07192651142350916,0.1637816708629216,Gold,Basic Materials,IAG
2010Q1,2010,Q1,2010-03-31,2010-03-31,58844000.0,240056000.0,82258000.0,0.16,82292000.0,0.3428033459,3085295000.0,2521517000.0,456867000.0,182844000.0,537531000.0,161557000.0,172731000.0,4883613420.0,4713917420.0,6.825776709410386,2.4986709982279978,0.0,0.0,0.021823942643615462,6.825776709410386,0.02333674530054725,20.343642400106642,20.748136683434165,1.936775924968977,0.41647406702467543,0.9765222181644868,0.005018210470885306,0.07780649824409011,1.6150926472840235,0.019072406366328017,-135.44147932440302,0.34280334588595995,2.230769230769231,2.0001631342675847,2.2132577011792387,1.4834583159738832,-0.25812267859074683,2.242351947640663,0.19192036283019143,3.1329240336027526,0.3000285751731105,0.11675991398427854,Gold,Basic Materials,IAG
2009Q4,2009,Q4,2009-12-31,2009-12-31,-47365000.0,265287000.0,69013000.0,-0.13,110924000.0,0.4181282912,2996789000.0,2416661000.0,476897000.0,212084000.0,557016000.0,162033000.0,113887000.0,5761776000.0,5570402000.0,6.5598832790445165,2.248623187039098,0.0,0.0,0.07065453282833839,6.5598832790445165,-0.019599356301938913,21.719028825385337,-30.411569724480106,2.3841887629253753,0.0,0.9526639635136053,0.0,0.0885237499203314,1.4846193017860847,-0.015805250219484923,-104.59791231732777,0.4181282912468383,-1.7222222222222223,-3.861024358377778,2.029706090304732,1.4414756156068913,0.4807635829662261,-1.7302426690512165,-0.054409185574920534,-4.362818935929924,0.45505926995533763,-0.09370936528306771,Gold,Basic Materials,IAG
2009Q3,2009,Q3,2009-09-30,2009-09-30,64862000.0,235193000.0,72984000.0,0.18,74910000.0,0.3185043773,2949087000.0,2456914000.0,476417000.0,160207000.0,471492000.0,129336000.0,183385000.0,5196775220.0,4957667220.0,6.685061887283245,2.9737589493592664,0.0016927272745768437,0.0020318171494810157,0.022296814413618724,6.685061887283245,0.02639978444503959,22.0957903509033,20.03012249082668,2.115163664662255,0.0,1.2392759943093956,0.0,0.07975112297466978,2.1664534009125695,0.021993925577644877,-141.10168938365462,0.3185043772561258,0.5,28.748994625152356,2.318616450301994,1.4707504349728733,-0.03562187005162403,0.47002697006096594,0.4262487297740952,1.311607704649108,0.7138318894488282,0.7197578066721682,Gold,Basic Materials,IAG
2009Q2,2009,Q2,2009-06-30,2009-06-30,44123000.0,225243000.0,51172000.0,0.12,77677000.0,0.3448586638,2826518000.0,2311762000.0,533088000.0,198395000.0,496561000.0,124040000.0,118523000.0,3701683479.9999995,3457497479.9999995,6.320105856268403,2.6870032006855014,0.020235852027123125,0.02474173379439579,0.012461493341424646,6.320105856268403,0.019086307327484404,16.434177665898606,20.97366158239467,1.6012390029769499,0.0,1.189664624314737,0.0,0.0796892147865324,2.0617858312961514,0.015610372904046604,-35.16370741901776,0.3448586637542565,-0.2941176470588236,227.0031748288291,1.844261260939403,1.3346765039218444,0.27922334573960017,-0.1596099270517875,-0.08277469080480372,-0.2897176647013306,0.5035781843761926,0.6597312173204276,Gold,Basic Materials,IAG
2009Q1,2009,Q1,2009-04-17,2009-03-31,52503000.0,188616000.0,55790000.0,0.17,60722000.0,0.3219345124,2721900000.0,2190600000.0,573900000.0,230000000.0,531300000.0,105100000.0,74400000.0,2651355000.0,2696555000.0,7.064172847468559,2.495217391304348,0.01660604724640876,0.02063361636081439,0.017050056594763524,7.064172847468559,0.02396740619008491,14.056893370657844,12.62477858408091,1.2103327855382089,0.3378854541645239,1.2168791627021884,0.006690918417186683,0.06929571255373085,2.037826086956522,0.01928909952606635,1679.135528815706,0.32193451244857274,1.5151515151515151,3.170561832174452,2.2023595965429092,1.6120321912381232,1.87534777782583,1.5445860863612317,-0.22289391575663026,0.4975793716720688,1.4009997084073618,0.9459742950623299,Gold,Basic Materials,IAG
2008Q4,2008,Q4,2008-12-31,2008-12-31,-96409000.0,209659000.0,71792000.0,-0.33,-69369000.0,-0.3308658345,2151686000.0,1655666000.0,345144000.0,239699000.0,481634000.0,92801000.0,21897000.0,1806727000.0,1769496000.0,5.599141021305377,1.439905881960292,0.037532428058740915,0.04877674603452629,0.04449063649370483,5.599141021305377,-0.05822973957307814,8.617455010278595,-4.685057930276219,1.0912388126590749,0.0,3.0067348412193833,0.0,0.09743940333301421,1.0527494899853567,-0.04480625890580689,117.15257424458565,-0.33086583452177104,-6.500000000000001,-20.73879452711081,2.512854488977443,1.107093678100588,-1.729347814658662,-6.114807151573028,0.6810752587458436,-8.842186369800528,1.6723803969443765,1.0243997736409534,Gold,Basic Materials,IAG
2008Q3,2008,Q3,2008-09-30,2008-09-30,18849000.0,226927000.0,42706000.0,0.06,95111000.0,0.4191259744,2255025000.0,1836245000.0,375910000.0,160286000.0,407730000.0,86112000.0,136046000.0,1661479940.0,1537930940.0,6.211147454479649,2.3452453738941643,0.01317989822729238,0.016185748633760745,0.010805094243227762,6.211147454479649,0.010264970088414128,7.321649429111565,22.036712027163247,0.9048247592233063,0.0,1.5307506503158677,0.0,0.10063170031374374,1.3668068327863943,0.00835866564672232,92.2275847904524,0.4191259744323064,-0.4545454545454546,1.1210892919833597,3.6541858829369716,1.303044328606236,-0.01854336071325381,-0.4334705900033062,0.07533867150123383,1.235330756297176,2.6075785901257196,1.2126701665373123,Gold,Basic Materials,IAG
2008Q2,2008,Q2,2008-06-30,2008-06-30,33271000.0,225098000.0,39714000.0,0.11,96908000.0,0.4305147091,2247579000.0,1826829000.0,363516000.0,158668000.0,410527000.0,92501000.0,117197000.0,1788410250.0,1654072250.0,6.179966509362155,2.2910479743867698,0.0025053624366485005,0.0030823903058250115,0.013255863314699178,6.179966509362155,0.01821243258126513,7.945029498262979,13.438206320819932,0.978969706524256,0.0,1.3858228559691246,0.0,0.10015131837412612,1.2963861648221444,0.014803039181270157,164.55743927125505,0.43051470914890405,-0.0833333333333333,3.334165846904696,3.523575092700463,1.3408371427989882,0.05450548972241265,-0.03206004713001484,-0.06829325513196481,5.941842016417714,2.776142134550067,1.2309146507179736,Gold,Basic Materials,IAG
2008Q1,2008,Q1,2008-03-31,2008-03-31,34373000.0,207952000.0,42625000.0,0.12,91899000.0,0.4419240979,2221953000.0,1791511000.0,348914000.0,167612000.0,421001000.0,90538000.0,83926000.0,2161624330.0,2062759330.0,6.074957358571181,2.0816767295897667,0.015096178902073987,0.018723301168678284,0.014928549619579193,6.074957358571181,0.019186597235517952,10.394823468877433,15.721818942193,1.206592831414376,0.5127571058679777,1.281815370341735,0.008153590684279538,0.09358973839680677,1.1849270935255232,0.01546972415708163,51.832541962401685,0.44192409786873893,3.152249134948097,2.5356363093641687,3.1072047490025363,1.2487403164860622,0.3236971739694063,2.898491550413973,-0.1884044173648134,1.1952991009453804,2.486821149149328,1.2102837543060427,Gold,Basic Materials,IAG
2007Q4,2007,Q4,2007-12-31,2007-12-31,8817000.0,191198000.0,52520000.0,0.0289,69426000.0,0.3631104928,2195612000.0,1751316000.0,333698000.0,177727000.0,435717000.0,89230000.0,49553000.0,2386260000.0,2283224000.0,5.944725050916497,1.8775875359399528,0.0046588377181396344,0.00584075061268212,0.010581513169947104,5.944725050916497,0.0050344997704583295,12.48056988043808,67.6607689690371,1.362552503374605,0.012589316093909493,1.3646979715342373,4.6516305850996954e-05,0.08708187056729513,1.0717898799844705,0.004015736842392918,91.08210237031948,0.36311049278758145,-0.5894886363636365,1.9603991245402317,1.0305300576305838,2.026997085252798,0.15640615630621627,-0.5512977099236641,1.1850557497087701,-0.33400382713010013,1.7305790604752929,1.2125243142152513,Gold,Basic Materials,IAG
2007Q3,2007,Q3,2007-09-30,2007-09-30,19650000.0,171293000.0,24036000.0,0.0704,60036000.0,0.3504871769,2184071000.0,1767571000.0,316325000.0,166106000.0,412000000.0,69680000.0,58848000.0,2558482880.0,2457779880.0,6.024358904445747,1.904356254439936,0.0026239989450892393,0.003242302572287054,0.008450251133197341,6.024358904445747,0.011116950889101484,14.93629558709346,32.550672773536895,1.44745692252249,0.005648854961832061,1.5966848450057405,4.338508608664209e-05,0.07842831116753989,1.1479537163016387,0.008996960263654432,112.60432551384181,0.350487176942432,1.2514285714285716,1.0045524527188743,0.8697023169899508,2.048795090197859,0.24066955982641042,1.241489492441932,-0.7715404575654174,11.530232597411075,2.027546192355244,1.2265593998324296,Gold,Basic Materials,IAG
2007Q2,2007,Q2,2007-06-30,2007-06-30,-81370000.0,167306000.0,105209000.0,-0.28,48390000.0,0.2892305118,2124619000.0,1721262000.0,281068000.0,156848000.0,399244000.0,65531000.0,38953000.0,2244701720.0,2159147720.0,5.873772360276002,1.7919769458329082,0.0033935496199553896,0.00418878706437486,0.06474224394743756,5.873772360276002,-0.04727345401223056,13.416743691200555,-6.89658879193806,1.3041022923877945,0.0,1.814652607163022,0.0,0.07874635405218536,1.0614288993165357,-0.038298631425210825,-148.27278684193143,0.2892305117569005,-8.0,-26.190968537621306,1.3171178363944427,2.023553643619909,0.08112334949395653,-8.21045635799734,6.415351000845785,-525.8425969168729,1.6370514176021824,1.169798834195279,Gold,Basic Materials,IAG
2007Q1,2007,Q1,2007-03-31,2007-03-31,11285000.0,146358000.0,14188000.0,0.04,44759000.0,0.3058186092,2215031000.0,1789612000.0,286723000.0,168328000.0,421600000.0,64632000.0,120323000.0,2254536900.0,2154104900.0,6.112125465766384,1.703358918302362,0.004411676405431797,0.005460401472497949,0.004491284532908401,6.112125465766384,0.006305836125372427,15.404261468454065,49.945434204696504,1.2597908932215474,1.5569339831634914,1.571961257581384,0.007793174731360574,0.0660749217505308,1.0279870253314956,0.005094736823096381,-270.3605828036935,0.30581860916383113,0.04166666666666678,-0.3614457139909506,0.7357494286809334,2.401462215802965,0.12737393582187295,0.2047613963915875,0.09306625577812018,-0.050604537212429156,1.6317411855279602,1.260005356350981,Gold,Basic Materials,IAG
