Quarters,Year,Quarter,FillingDate,Date,NetIncome,Revenue,OperatingIncome,EPSDiluted,GrossProfit,GrossProfitRatio,TotalAssets,CommonStockEquity,CurrentAssets,CurrentLiability,TotalLiability,Inventory,RetainedEarnings,MarketCap,EnterpriseValue,bookValuePerShare,currentRatio,debtToAssets,debtToEquity,roic,shareholdersEquityPerShare,roe,priceToSalesRatio,peRatio,pbRatio,payoutRatio,inventoryTurnover,dividendYield,assetTurnover,quickRatio,returnOnAssets,priceToFreeCashFlowsRatio,grossProfitMargin,epsdilutedGrowth,fiveYNetIncomeGrowthPerShare,fiveYRevenueGrowthPerShare,fiveYShareholdersEquityGrowthPerShare,grossProfitGrowth,netIncomeGrowth,operatingIncomeGrowth,threeYNetIncomeGrowthPerShare,threeYRevenueGrowthPerShare,threeYShareholdersEquityGrowthPerShare,Industry,Sector,Symbol
2023Q1,2023,Q1,2023-03-01,2023-03-31,-5973000.0,242509000.0,58618000.0,-0.05,193224000.0,0.7967704291,9105683000.0,1526461000.0,1092868000.0,546157000.0,7395854000.0,35205000.0,-407739000.0,3433098400.0,8504225400.0,13.14328396762528,2.0010143603396093,0.6231254701047686,3.7170835022971436,0.0031112366280484347,13.14328396762528,-0.003912972555473085,14.156581405226198,-143.69238238741,2.2490573948499173,-8.653607902226687,1.3999431898878,0.0150557875067024,0.026632708386619654,1.8952975060284862,-0.0006559639732681227,126.88392652548323,0.7967704291387124,-0.5337423312883438,-2.4133053679220215,-0.07104705144339302,-0.24906545724991364,0.01818488404567562,-0.5346865364850977,-0.0011927480916030535,0.8634438599462644,0.008315325674460788,-0.029384168553192477,Utilities—Renewable,Utilities,AY
2022Q4,2022,Q4,2022-12-31,2022-12-31,-3892000.0,243624000.0,58688000.0,-0.0326,189773000.0,0.7789585591,9100911000.0,1599871000.0,1031728000.0,519002000.0,7311864000.0,34511000.0,-397540000.0,3005824500.0,7975086500.0,13.785455172116668,1.987907561049861,0.6120543317037163,3.481688211112021,0.0011891292657308867,13.785455172116668,-0.0024326961361259753,12.33796547138213,-193.07711330935248,1.8787917900880757,-13.269270298047276,1.5604010315551564,0.017181309154942346,0.026769188271371955,1.9214126342480375,-0.00042764949574828275,56.71259976226864,0.7789585590910584,0.576072821846554,0.9775851537831982,-0.09787786131928831,-0.21452615220556964,-0.24500310316841453,0.5672189480707217,-0.09293519420101698,-1.5470894679944207,-3.283895404662926e-05,-0.07150260863134343,Utilities—Renewable,Utilities,AY
2022Q3,2022,Q3,2022-09-30,2022-09-30,-8993000.0,303121000.0,64701000.0,-0.0769,251356000.0,0.8292266125,9146332000.0,1599109000.0,1234225000.0,569915000.0,7340964000.0,31865000.0,-402519000.0,2965088300.0,7760993300.0,14.183917119770092,2.1656299623628086,0.6098051109450214,3.4878673061060876,0.03920549819679601,14.183917119770092,-0.005623756729528757,9.781863678201114,-82.42767430223506,1.8542127522263963,-5.728677860558212,1.6245096500863017,0.017374861989776155,0.033141263623494094,2.0586578700332505,-0.0009832356839878545,13.139743771548094,0.8292266124748863,-1.5492857142857142,-1.2667422787713372,-0.0771178728921982,-0.25539535763682675,0.0035012915254372624,-1.5581554121151937,-0.3246665135795253,-1.1847113852949969,-0.06886643331742995,-0.03517634874393441,Utilities—Renewable,Utilities,AY
2022Q2,2022,Q2,2022-06-30,2022-06-30,16112000.0,307832000.0,95806000.0,0.14,250479000.0,0.8136873359,9371064000.0,1604376000.0,1178906000.0,569696000.0,7574233000.0,33011000.0,-390317000.0,3637024660.0,8704368660.0,14.230634817856858,2.069359798910296,0.6120533378066781,3.5749668406907107,0.008805289548361683,14.230634817856858,0.010042533670411425,11.814966150367733,56.43347598063555,2.2669403306955473,3.1200347567030784,1.73739056678077,0.013821737463831219,0.03284920474345283,1.964266907262821,0.001719335179014891,36.56624165527226,0.813687335949479,2.66270783847981,-0.41259229125888525,-0.04010597789730659,-0.2422588014078033,0.31096909935937694,2.637065637065637,0.6377653936886731,-0.444021755013476,-0.028517503749755875,-0.06501560477712061,Utilities—Renewable,Utilities,AY
2022Q1,2022,Q1,2022-03-31,2022-03-31,-9842000.0,247452000.0,58498000.0,-0.0842,191064000.0,0.7721255031,9755468000.0,1594518000.0,1260568000.0,582024000.0,7952972000.0,33940000.0,-408274000.0,3953826870.0,9307977870.0,14.143195465713449,2.165835085838385,0.6245883846884639,3.821312772888108,0.005447410740880687,14.143195465713449,-0.006172398179261696,15.978156854662723,-100.43250533428166,2.4796376522560424,-5.047144889250152,1.6614024749558043,0.01256352431030952,0.02536546683357477,2.0616692782428214,-0.001008870102387707,29.883505683707714,0.7721255031278793,-1.1757105943152455,0.3927474882129171,0.11010785076872293,-0.21962943387861458,-0.10558936429173299,-1.200805008944544,-0.17339513063629555,-1.3709178691914643,-0.00672186208108588,-0.07260571490712589,Utilities—Renewable,Utilities,AY
2021Q4,2021,Q4,2021-12-31,2021-12-31,-4472000.0,271331000.0,70769000.0,-0.0387,213620000.0,0.7873040677,9751930000.0,1542399000.0,1166905000.0,824405000.0,8003325000.0,29694000.0,-398701000.0,3997145520.0,9433720520.0,13.798894226898199,1.4154511435520163,0.6213399809063437,3.928467277273909,0.003912127377058303,13.798894226898199,-0.0028993794731454053,14.731621230157998,-223.45402057245082,2.5915120017583,-10.883273703041144,1.9435239442311578,0.012176189172117007,0.02782331292369818,1.3681006301514425,-0.00045857589215673203,80.99749782163772,0.7873040677253982,0.5943396226415094,0.7357299727515494,0.16482349746179928,-0.24544567585100105,-0.17300597346588775,0.5909257226491036,-0.060871065343171084,0.9465904962846706,0.17580193513876163,-0.14498734825059673,Utilities—Renewable,Utilities,AY
2021Q3,2021,Q3,2021-09-30,2021-09-30,-10932000.0,329243000.0,75356000.0,-0.0954,258309000.0,0.7845542654,10052618000.0,1553668000.0,1328769000.0,889803000.0,8291028000.0,33156000.0,-388820000.0,3832508050.0,9377922050.0,13.990076988879384,1.4933294223552853,0.6275936278489842,4.060686710416897,0.06273838224852747,13.990076988879384,-0.007036252275260867,11.640363044924266,-87.64425654043175,2.4667483979846403,-4.373124771313575,2.139401616600314,0.012474076864626546,0.03275196570684373,1.4286499371209134,-0.001087477908739793,19.711404302811793,0.7845542653906081,-1.8672727272727272,-1.2988075749721124,0.006230705973719807,-0.2429791217780231,-0.09109174269960627,-1.885684193469983,-0.394901031838439,-1.1855673617942195,-0.08245601455698919,-0.20268806020113858,Utilities—Renewable,Utilities,AY
2021Q2,2021,Q2,2021-06-30,2021-06-30,12343000.0,375985000.0,124535000.0,0.11,284197000.0,0.7558732396,10161406000.0,1589876000.0,1250857000.0,901127000.0,8354197000.0,54826000.0,-379386000.0,4123976000.0,9836938000.0,14.349061371841156,1.3881028978157353,0.6297603894579156,4.025000062897987,0.007207320254730735,14.349061371841156,0.007763498536992822,10.968458848092345,83.52863971481811,2.5938978888919637,3.8598395851899863,1.6741691898004596,0.011552443564172052,0.03700127718546036,1.2947564549724955,0.001214694108275961,46.151683695737326,0.7558732396239212,2.1,1.6619135101890445,0.30145579870693073,-0.22103465345632373,0.49470379097067363,2.069213444213444,0.4962753814730266,-0.8451886559928329,0.18143257244698036,-0.17075140906774544,Utilities—Renewable,Utilities,AY
2021Q1,2021,Q1,2021-03-31,2021-03-31,-11544000.0,235190000.0,83230000.0,-0.1,190136000.0,0.8084357328,9978649000.0,1632115000.0,1648583000.0,907942000.0,8120775000.0,25223000.0,-383406000.0,4043439180.0000005,9150133180.0,14.785525338358125,1.8157360271911642,0.6178729204725009,3.7776363797894144,-0.041867988999117166,14.785525338358125,-0.007073031005780842,17.192224074152815,-87.56581730769231,2.477422963455394,-4.029712404712405,1.7862268564405503,0.011504810120576612,0.023569322861241037,1.6566652935980493,-0.001156870033207902,28.806195045844113,0.8084357328117692,0.7435897435897436,0.5370785580621397,0.03463475536454982,-0.20186187245061668,-0.05131224428699731,0.7204368779211973,0.7630486358244365,-5.940755924154409,-0.052121801997139706,-0.15523686951992022,Utilities—Renewable,Utilities,AY
2020Q4,2020,Q4,2020-12-31,2020-12-31,-41293000.0,244526000.0,47208000.0,-0.39,200420000.0,0.8196265428,9938354000.0,1527382000.0,1424278000.0,483254000.0,8197473000.0,23958000.0,-373489000.0,3900697919.9999995,9263535920.0,14.871689515500856,2.947265827080583,0.6269990986434977,4.079751496351273,0.006054888272671563,14.871689515500856,-0.02703514903278944,15.952078388392234,-23.615975589082893,2.553845678422294,-1.0334197079408132,1.8409717004758328,0.010939837145861324,0.024604275516851182,2.872704623241608,-0.004154913379016284,30.051833373138464,0.8196265427807268,-1.4534883720930232,0.8266710792012633,0.10995989620199681,-0.20833181512876892,-0.3385194744328965,-1.4619937346162453,-0.7456451812779163,0.7312701771893961,0.023167678694241932,-0.15263420459471466,Utilities—Renewable,Utilities,AY
2020Q3,2020,Q3,2020-09-30,2020-09-30,89380000.0,302987000.0,185599000.0,0.86,302987000.0,1.0,9831113000.0,1438638000.0,1418879000.0,784474000.0,8189066000.0,23170000.0,-324248000.0,2906833220.0,8358793220.0,14.15954410346253,1.808701116926756,0.6348065575077817,4.338030136837759,0.019239946792000678,14.15954410346253,0.06212820737391894,9.593920597253348,8.13054715820094,2.0205452796325414,0.47742224211232936,0.0,0.014679892780363918,0.030819196158156252,1.746051494377124,0.009091544365322625,19.001517986128814,1.0,6.166666666666667,2.408133820823164,0.11786940440020083,-0.3357121945204068,0.18658358919731813,6.243111831442463,0.47658220295158915,1.9417600079099606,0.02360837609901102,-0.2566748533457877,Utilities—Renewable,Utilities,AY
2020Q2,2020,Q2,2020-06-30,2020-06-30,12340000.0,255344000.0,125695000.0,0.12,255344000.0,1.0,9766946000.0,1347599000.0,1374069000.0,995890000.0,8209827000.0,22388000.0,-413628000.0,2956618200.0,8012355200.0,13.263508592350544,1.379739730291498,0.5983964690702703,4.336977097786508,0.008212893186653056,13.263508592350544,0.009157026682269725,11.578960931136036,59.89907212317666,2.1939896067005096,3.3756888168557535,0.0,0.014089069735145376,0.026143689132713543,1.3245659661207563,0.0012634450932768543,47.13845540639648,1.0,1.3157894736842106,-0.38423846691071534,0.1946333995287798,-0.4748765989678714,0.45232001274044753,1.3224879132366392,1.3810380753930669,-0.5007880489041803,-0.11648321192794651,-0.2937555473144252,Utilities—Renewable,Utilities,AY
2020Q1,2020,Q1,2020-03-31,2020-03-31,-38265000.0,210403000.0,52790000.0,-0.38,175818000.0,0.8356249673,9519171000.0,1375811000.0,1235034000.0,1006494000.0,7950041000.0,20581000.0,-425968000.0,2265724600.0,7160091600.0,13.54118029172654,1.2270654370517857,0.5866623259525435,4.059088784724064,0.005994725155353636,13.54118029172654,-0.027812686480919255,10.768499498581294,-14.802852476153143,1.6468283797701866,-1.088671109368875,1.6804334094553228,0.018386171028906162,0.022103080194693425,1.1697536199917735,-0.0040197828151211906,26.442488183462682,0.8356249673246104,-7.199021207177815,-1.3727617075784722,0.40036171519543906,-0.35662412512301395,-0.03989646359843603,-7.144026974951831,-0.37403656888087844,-1.6197949612119786,0.04738357553199682,-0.2528464620443304,Utilities—Renewable,Utilities,AY
2019Q4,2019,Q4,2019-12-31,2019-12-31,6228000.0,213289000.0,84334000.0,0.0613,183124000.0,0.858572172,9659815000.0,1508476000.0,1119207000.0,973358000.0,7944959000.0,20268000.0,-385457000.0,2681250390.0,7694594390.0,14.847058591942993,1.1498410656716234,0.5772511171280196,3.696538095402247,-0.007564228856397618,14.847058591942993,0.004128670260580877,12.570973608578033,107.62886921965318,1.7774564461085227,6.688503532434169,1.4883066903493192,0.015536035036250381,0.02208002948296629,1.1237273438960793,0.0006447328442625454,63.619655712421405,0.8585721720294999,-0.8574418604651163,1.2900679487313704,0.7984840598779445,-0.32189807538730864,-0.2851661156153753,-0.8580545172759595,-0.4721867567905871,1.4049013132597108,0.007357518958149957,-0.1881297097265747,Utilities—Renewable,Utilities,AY
2019Q3,2019,Q3,2019-09-30,2019-09-30,43876000.0,293373000.0,159780000.0,0.43,256177000.0,0.8732125997,9737148000.0,1493641000.0,1243307000.0,1010086000.0,8040103000.0,19608000.0,-386760000.0,2447568090.0,7423596090.0,14.701046249544788,1.230892221058405,0.5769405990337212,3.761115288077925,0.015636087189962174,14.701046249544788,0.029375197922392328,8.342853943614443,13.945939066915853,1.6386588812171063,0.926269486735345,1.8969808241534067,0.016604645307334433,0.030129253452859092,1.1960496432976995,0.00450604222098709,14.202962316048465,0.8732125996598187,0.5925925925925924,1.4003120586208384,1.3214922725672609,-0.35840064375571695,-0.08494488458983133,0.6932041832284953,0.04443660038435895,0.31086854271533154,-0.019965663972422876,-0.20450766986781704,Utilities—Renewable,Utilities,AY
2019Q2,2019,Q2,2019-06-30,2019-06-30,25913000.0,283338000.0,152982000.0,0.27,279958000.0,0.9880707847,9863900000.0,1534362000.0,1139696000.0,986167000.0,8122645000.0,19117000.0,-430636000.0,2274296160.0,7385242160.0,15.220184305284146,1.1556825568083295,0.5765480185322236,3.706434335574004,0.012757575498667099,15.220184305284146,0.016888452659802575,8.026795417487241,21.941652452436998,1.4822422348832933,0.0,0.17680598420254223,0.0,0.02872474376260911,1.11733509638834,0.0026270542077677186,43.553873376996435,0.988070784716487,8.33695652173913,26.86399589303647,1.1214772867005656,-0.3365444582720441,0.5740623084837819,8.02249322493225,0.48018925430321324,5.142182893396453,0.07794242611639518,-0.17374413318137327,Utilities—Renewable,Utilities,AY
2019Q1,2019,Q1,2019-03-31,2019-03-31,-3690000.0,221452000.0,103353000.0,-0.0368,177857000.0,0.8031401839,9819843000.0,1528356000.0,1157967000.0,747644000.0,8154840000.0,18912000.0,-456549000.0,1938196780.0,7057475780.0,15.250466487721644,1.5488213641786732,0.5879826184593786,3.777848223843136,-0.008871530333774308,15.250466487721644,-0.002414358958253182,8.752220706970359,-131.31414498644986,1.2681579291735696,-10.048780487804878,2.3051501692047376,0.01913118439914032,0.02255148071104599,1.495674411885871,-0.0003757697551783669,20.004301623507313,0.8031401838773188,0.9509333333333334,0.8981552491092228,1.735236546346273,-0.1514414295705536,0.11283732629221076,0.9508465319497542,3.42663183142025,0.8370141342756183,0.07305112997635387,-0.17676386274980854,Utilities—Renewable,Utilities,AY
2018Q4,2018,Q4,2018-12-31,2018-12-31,-75071000.0,206897000.0,23348000.0,-0.75,159823000.0,0.7724761596,9919031000.0,1617384000.0,1127695000.0,739139000.0,8162919000.0,18924000.0,-449274000.0,1964253200.0000002,7107898200.0,16.138818763283673,1.5256873199763508,0.5822329822338492,3.570696260133648,0.002591792480000099,16.138818763283673,-0.04641507520786653,9.493869896615225,-6.541318218752915,1.2144631083280162,-0.4805850461563054,2.4875290636229126,0.01836728584685518,0.0208585899166965,1.492615056166702,-0.007568380419417985,31.322806569925056,0.7724761596349875,-2.4150943396226414,-1.318783529111367,1.8674481252786834,0.04684029258054949,-0.4296659493910294,-2.4121176780407056,-0.8741368064128343,0.6770667538478745,-0.037540645773537204,-0.14087842252371985,Utilities—Renewable,Utilities,AY
2018Q3,2018,Q3,2018-09-30,2018-09-30,53162000.0,323812000.0,185503000.0,0.53,280227000.0,0.865400294,10172531000.0,1758463000.0,1297759000.0,497641000.0,8279300000.0,18785000.0,-363605000.0,2051441990.0,7163265990.0,17.546553977868026,2.607821702793781,0.5757131632235871,3.330442551250723,0.01634198009865101,17.546553977868026,0.030232083359160812,6.335287111039739,9.647125719498888,1.1666108357127787,0.6965877882698168,2.3202022890604206,0.018051692507278748,0.03183199933231956,2.5507846017510616,0.005226034700705262,11.822442182790555,0.8654002939977518,-0.26388888888888884,7.688998905135549,2.8837211269802423,0.0,-0.016726667929851155,-0.2628061125440275,0.055703838602282105,1.0551260244317304,0.21121397445248657,-0.17681234999389098,Utilities—Renewable,Utilities,AY
2018Q2,2018,Q2,2018-06-30,2018-06-30,72114000.0,287848000.0,175715000.0,0.72,284994000.0,0.9900850449,10157276000.0,1734124000.0,1151135000.0,458233000.0,8293042000.0,18534000.0,-416767000.0,2022379060.0,7223028060.0,17.303690990550507,2.5121171980193484,0.5767157454419866,3.377994307212172,0.01710540542245402,17.303690990550507,0.04158526149225776,7.025857605402852,7.011048686801454,1.166225171902355,0.5388135452200682,0.15398726664508472,0.019213015387926337,0.028339094064195953,2.4434599865134112,0.007099738158143975,61.901351657433196,0.9900850448848003,48.68211920529801,1.3606454323009065,3.0519201903298416,0.0,0.5744654991436937,48.75761589403974,0.7002922278990555,2.648193285473264,0.3653156565319087,-0.3149193518367094,Utilities—Renewable,Utilities,AY
2018Q1,2018,Q1,2018-03-31,2018-03-31,-1510000.0,225265000.0,103344000.0,-0.0151,181010000.0,0.8035424944,10610198000.0,1754055000.0,1231434000.0,558238000.0,8715062000.0,17912000.0,-493790000.0,1953229329.9999998,7388408330.0,17.50256942434916,2.2059300871671224,0.5835028714827,3.529582025649139,-0.0062550564125460305,17.50256942434916,-0.0008608624016920792,8.67080696069074,-323.3823394039735,1.113550789456431,-20.574834437086093,2.470690040196516,0.015905966351631634,0.021230989280313146,2.1393473751339034,-0.00014231591154095332,14.963261424139118,0.8035424943954897,0.9899333333333334,0.8184938987368439,4.496966765378168,0.0,-0.004504231998196107,0.9899292378900753,0.2781556880302768,0.9050728999815557,0.5199975209867082,-0.16840846415242205,Utilities—Renewable,Utilities,AY
2017Q4,2017,Q4,2017-12-31,2017-12-31,-149939000.0,233202000.0,80854000.0,-1.5,181829000.0,0.779706006,10492339000.0,1758858000.0,1141907000.0,500388000.0,8596886000.0,17933000.0,-477214000.0,2118587380.0,7567491380.0,17.550495424927906,2.2820431345276067,0.583119836291984,3.478558814867374,0.027764286128295117,17.550495424927906,-0.08524792791686424,9.084773629728733,-3.5324154822961336,1.2045244016287842,-0.19127778629976191,2.86471867506831,0.013537322213257024,0.02222593074813919,2.2334648312909184,-0.01429033125978869,36.318848336276204,0.7797060059519215,-6.0,-3.6312968199628255,2.232017079567319,0.1384083330412816,-0.36841904166449574,-6.003136574460275,-0.4731952045869169,-6.0798219277866306,0.9935493459595337,-0.19842542198842406,Utilities—Renewable,Utilities,AY
2017Q3,2017,Q3,2017-09-30,2017-09-30,29969000.0,291964000.0,153480000.0,0.3,287895000.0,0.9860633503,10712582000.0,1909026000.0,1311498000.0,588853000.0,8673202000.0,16326000.0,-322828000.0,1974275000.217,7460607000.217,19.04892383527745,2.2272078090796854,0.5862663174946993,3.2898588075804103,0.01334580240779553,19.04892383527745,0.015698581370814226,6.762049431494979,16.469309955428944,1.0341792098258482,0.0,0.2492343501163788,0.0,0.027254307131558013,2.172346918500882,0.0027975515146581842,9.048089351034381,0.9860633502760614,0.25,3.8982470220835794,2.5017440833497813,0.0,0.1880973604714505,0.22914445082437865,0.04449374583168869,0.6621473263644584,1.3422486104003617,-0.1686457506220802,Utilities—Renewable,Utilities,AY
2017Q2,2017,Q2,2017-06-30,2017-06-30,24382000.0,285069000.0,146942000.0,0.24,242316000.0,0.8500257832,10523973000.0,1882109000.0,1136235000.0,494059000.0,8510843000.0,16024000.0,-352797000.0,2140635220.217,7684987220.217,18.780336669427342,2.2997961781892444,0.5852033257782018,3.2722143085230453,0.011372495980895698,18.780336669427342,0.012954616337310963,7.509182760023012,21.94892974547822,1.137359855469051,1.1342383725699285,2.6680604093859213,0.012919062406717087,0.02708758374807689,2.2341360039995224,0.0023168056398472324,125.67576000804321,0.8500257832314282,2.714285714285714,-0.20185737956068578,3.0128013282605317,0.0,0.4775636139685482,2.6923717637259665,0.916026652410322,25.37312262742153,1.147089160642328,-0.18135561377384402,Utilities—Renewable,Utilities,AY
2017Q1,2017,Q1,2017-03-31,2017-03-31,-14407000.0,198146000.0,76691000.0,-0.14,163997000.0,0.8276573839,10331787000.0,1816302000.0,1118539000.0,509825000.0,8390893000.0,16160000.0,-377179000.0,2100548219.783,7589327219.783,18.123691589251326,2.1939665571519638,0.5882981327431547,3.3464539487376,0.0074023938603851765,18.123691589251326,-0.007932050947474595,10.601012484647685,-36.45013222362393,1.1564972233598816,-1.018393836329562,2.113180693069307,0.006984843224173026,0.019178289293033238,2.13618202324327,-0.001394434476823806,24.842976828533583,0.8276573839492092,0.06666666666666654,-0.7317605303962192,3.8352028796866913,0.0,0.05721303232294581,0.05042182968626417,1.0227086904918898,0.6023638682700744,1.4473754163987165,0.008429075809657257,Utilities—Renewable,Utilities,AY
2016Q4,2016,Q4,2016-12-31,2016-12-31,-15172000.0,208847000.0,37915000.0,-0.15,155122000.0,0.7427542651,10297799000.0,1832716000.0,1045854000.0,1175066000.0,8338688000.0,15384000.0,-365410000.0,1939198950.0000002,7343055950.0,18.28747617669657,0.8900385169854289,0.5825194296373429,3.273102870275591,0.0012351435545310348,18.28747617669657,-0.008278423934750392,9.285261219936126,-31.953581432902716,1.0581011733405503,-0.6286580543105721,3.4922646905876236,0.00491852576549714,0.020280741544867985,0.868214210946449,-0.0014733245424580533,60.17498138149321,0.7427542650840089,-1.4545454545454544,0.5313691877865266,1.8944737653038815,0.1862123983278272,-0.24967229211711384,-1.4595486899893988,-0.7659943465863503,0.5313691877865266,1.8944737653038815,0.1862123983278272,Utilities—Renewable,Utilities,AY
2016Q3,2016,Q3,2016-09-30,2016-09-30,33015000.0,295272000.0,162026000.0,0.33,206739000.0,0.700164594,10756313000.0,1852054000.0,1198157000.0,2214035000.0,8782265000.0,15014000.0,-350897000.0,1905125170.0000002,7516255170.0,18.480437450731912,0.5411644350699063,0.5842686987632286,3.3933011672445836,0.010795496711683625,18.480437450731912,0.01782615409701877,6.452102366631446,14.426209071634105,1.0286553037870387,0.0,5.896696416677767,0.0,0.02745104200668017,0.528685860882958,0.003069360291021654,10.34112713594025,0.700164594001463,6.894736842105264,4.396096814511308,2.541419418075025,0.0,-0.11478631710105461,6.871959942775393,0.27470124066745866,4.396096814511308,2.541419418075025,0.0,Utilities—Renewable,Utilities,AY
2016Q2,2016,Q2,2016-06-30,2016-06-30,4194000.0,261302000.0,127109000.0,0.0418,233547000.0,0.8937819075,10643392000.0,1846064000.0,1044975000.0,2143151000.0,8674444000.0,14690000.0,-383912000.0,1862031859.9999998,7485806860.0,18.420667152279552,0.48758813541369694,0.5804856196220153,3.3467615423950634,0.002773178691366354,18.420667152279552,0.0022718605638807755,7.12597630328126,110.99379232236527,1.008649678451018,0.0,1.8893805309734513,0.0,0.02455063197897813,0.472793097639877,0.00039404731123311064,57.205279877112126,0.8937819075246267,1.1817391304347824,-0.8627097797505339,2.6782428558599265,0.0,0.1735971176024241,1.1852473498233216,0.6860864605303302,-0.8627097797505339,2.6782428558599265,0.0,Utilities—Renewable,Utilities,AY
2016Q1,2016,Q1,2016-03-31,2016-03-31,-22640000.0,206376000.0,75387000.0,-0.23,199001000.0,0.9642642555,10850798000.0,1856522000.0,1078630000.0,2199507000.0,8864324000.0,15165000.0,-386561000.0,1781858360.2169998,7543714360.217,18.52502070507,0.4903962569794049,0.5839795377261654,3.413180129295532,0.007939147120569834,18.52502070507,-0.012194846061614136,8.634038648956272,-19.675997793915634,0.9597830568218421,0.0,0.48631717771183647,0.0,0.019019430644640144,0.47451087902880057,-0.002086482487278816,22.424313313663305,0.9642642555335892,0.9008620689655172,-1.7213894917866595,4.036033175023571,0.0,0.04742881204273909,0.9026094138497672,0.10708568911080109,-1.7213894917866595,4.036033175023571,0.0,Utilities—Renewable,Utilities,AY
2015Q4,2015,Q4,2015-12-31,2015-12-31,-232466000.0,214967000.0,68095000.0,-2.32,189990000.0,0.8838100732,10590474000.0,1882602000.0,948291000.0,2092811000.0,8566973000.0,14913000.0,-356524000.0,1933186030.217,7553637030.217,18.78525599449195,0.45311831789874957,0.579309575756477,3.2588741539635038,0.0085437707815197,18.78525599449195,-0.12348122439049783,8.992943243460624,-2.078998681760989,1.0268692109203115,0.0,1.6748474485348355,0.0,0.02029814718396929,0.4459924952611583,-0.021950481158822543,34.53227877205173,0.883810073174022,-9.923076923076923,-6.180380331664731,1.9792926970752724,0.21850075708225608,-0.26616737671928653,-9.986624400804082,-0.5075784967386431,-6.180380331664731,1.9792926970752724,0.21850075708225608,Utilities—Renewable,Utilities,AY
2015Q3,2015,Q3,2015-09-30,2015-09-30,25868000.0,267345000.0,138286000.0,0.26,258901000.0,0.9684153435,11655408000.0,2136163000.0,1530917000.0,875959000.0,9377438000.0,15479000.0,-111180000.0,1658591249.783,7707389249.783,21.31537563487233,1.7477039450476564,0.575810473558712,3.1417574407945463,0.010094032935751744,21.31537563487233,0.012109562800217025,6.20393592467785,16.029372678434743,0.7764347803903541,0.0,0.5455132760514245,0.0,0.022937420980887156,1.7300330266599235,0.002219398926232355,10.95814035547084,0.9684153434700481,0.3,3.2279640284046196,2.206469879721977,0.0,0.4034932698719026,0.4500812825831044,0.45131870323142637,3.2279640284046196,2.206469879721977,0.0,Utilities—Renewable,Utilities,AY
2015Q2,2015,Q2,2015-06-30,2015-06-30,17839000.0,190265000.0,95283000.0,0.2,184469000.0,0.9695372244,10534770000.0,2284374000.0,1382929000.0,795910000.0,8114339000.0,13785000.0,-78547000.0,2832643440.0,7922784440.0,25.257889033855953,1.737544445980073,0.53331064655422,2.459450597844311,0.007642601156500788,25.257889033855953,0.007809141585397137,14.887885002496517,39.69734065810864,1.240008615051651,0.0,0.4204570184983678,0.0,0.018060669573232258,2.4843399379326807,0.0016933449899713046,-67.37330986585482,0.9695372243975507,2.25,-0.3529275321840108,1.967753406287218,0.0,0.7504958199295888,2.4048669081745158,1.2233811690584528,-0.3529275321840108,1.967753406287218,0.0,Utilities—Renewable,Utilities,AY
2015Q1,2015,Q1,2015-03-31,2015-03-31,-12698000.0,118304000.0,42855000.0,-0.16,105381000.0,0.8907644712,8281815000.0,1683766000.0,1040993000.0,625121000.0,6443623000.0,12641000.0,17822000.0,2702399919.9999995,6614332920.0,21.047075,1.6652664044241035,0.5046448151763835,2.482159041101911,0.005599885526623199,21.047075,-0.007541427965643682,22.842844874222337,-53.205227594896826,1.6049735652103676,0.0,1.0223083616802469,0.0,0.014284791437625689,2.6455630189995216,-0.001533238788840369,95.88758897207535,0.8907644711928591,0.23809523809523805,-0.912057792009759,2.6164314016840016,0.0,0.5142906410311678,0.24890571394771088,0.11604468866376728,-0.912057792009759,2.6164314016840016,0.0,Utilities—Renewable,Utilities,AY
2014Q4,2014,Q4,2014-12-31,2014-12-31,-16906000.0,93380000.0,38399000.0,-0.21,69591000.0,0.7452452345,7963995000.0,1751602000.0,735335000.0,581016000.0,6124364000.0,22068000.0,-2031000.0,2185600000.0,6032927000.0,21.895025,1.2656019799798972,0.5275594723502464,2.398650492520561,0.006562058334398042,21.895025,-0.009651735953715513,23.40544013707432,-32.31988643085295,1.2477720395386622,0.0,1.0779862243973173,0.0,0.011725271048010452,1.2276202376526637,-0.0021228039445027277,30.954876356117044,0.7452452345255943,-2.166666666666667,0.3458455781513263,0.6212375610956783,0.4202151169330638,-0.2766384283561146,-2.1745987632877095,-0.3014299228642119,0.3458455781513263,0.6212375610956783,0.4202151169330638,Utilities—Renewable,Utilities,AY
2014Q3,2014,Q3,2014-09-30,2014-09-30,14393000.0,99505000.0,54968000.0,0.18,96205000.0,0.9668358374,5779387000.0,1833050000.0,630011000.0,238587000.0,3887956000.0,6918000.0,29936000.0,2846400160.0,5068595160.0,22.913125,2.6405923206209896,0.4303745362613717,1.3569193420801398,0.011653680958210186,22.913125,0.007851940754480239,28.605599316617255,49.440703119572014,1.5528218870189028,0.0,0.4770164787510841,0.0,0.01721722390281184,3.708374722847431,0.002490402528849513,45.29959672157237,0.9668358373951058,18.565217391304348,1.9469391457599006,0.49503518448079115,0.0,-0.0223267819759761,18.50271002710027,-0.019741417744092733,1.9469391457599006,0.49503518448079115,0.0,Utilities—Renewable,Utilities,AY
2014Q2,2014,Q2,2014-06-30,2014-06-30,738000.0,105986000.0,56075000.0,0.0092,98402000.0,0.9284433793,5826692000.0,1835262000.0,619169000.0,202790000.0,3928434000.0,6460000.0,15010000.0,3025600000.0,5313961000.0,22.940775,3.053252132748163,0.43003920577919685,1.3653124186083514,0.0018130863067052946,22.940775,0.00040212242175776536,28.547166606910345,1024.9322493224931,1.6485929529407792,0.0,1.1739938080495356,0.0,0.018189737847821713,4.407026973716652,0.00012665848821252263,-25.209761950390362,0.928443379314249,1.0255555555555556,-0.9697365142643578,0.8689495535714284,0.0,0.6587495575072063,1.0258394313924581,1.3461361449311744,-0.9697365142643578,0.8689495535714284,0.0,Utilities—Renewable,Utilities,AY
2014Q1,2014,Q1,2014-03-31,2014-03-31,-28561000.0,63822000.0,23901000.0,-0.36,59323000.0,0.9295070665,5995266000.0,1419804000.0,1073567000.0,697296000.0,4509281000.0,5357000.0,0.0,2923000000.0,4942894000.0,17.97220253164557,1.5396144535462701,0.47196738226460677,1.9929300100577263,0.005288691545079113,17.97220253164557,-0.02011615687799161,45.7992541756761,-25.58558873989006,2.0587348676296164,0.0,0.839835728952772,0.0,0.010645399219984569,1.767608017255226,-0.004763925403810273,-109.16492381236928,0.9295070665287832,-0.12499999999999993,-3.3551387618176274,0.975668647845468,0.0,0.6349180101970511,-0.11911758943615063,-0.07356874297453389,-3.3551387618176274,0.975668647845468,0.0,Utilities—Renewable,Utilities,AY
2013Q4,2013,Q4,2013-12-31,2013-12-31,-25521000.0,56878000.0,25799000.0,-0.32,36285000.0,0.6379443722,5613948000.0,1217919000.0,726868000.0,274915000.0,4326750000.0,5244000.0,0.0,2923000000.0,5459986000.0,15.416696202531645,2.643973591837477,0.5156175297669305,2.3767179919190027,0.006993951190660189,15.416696202531645,-0.02095459550265658,51.3906958753824,-28.633282394890482,2.399995401993072,0.0,3.926964149504195,0.0,0.010131550915683579,3.5937908080679484,-0.0045459986448039775,21.54127331549896,0.6379443721649847,-6.2373158756137475,0.0,0.0,0.0,-0.43522654754307594,-6.291519800953763,-0.3049463871975861,0.0,0.0,0.0,Utilities—Renewable,Utilities,AY
2013Q3,2013,Q3,2013-09-30,2013-09-30,4823000.0,65725000.0,37118000.0,0.0611,64247000.0,0.9775123621,,,,,,,,2923000000.0,,,0.0,0.0,0.0,0.0,,0.0,44.47318372004565,151.51358075886378,0.0,0.0,0.0,0.0,0.0,0.0,0.0,-17.160906246147164,0.9775123621148726,-0.7963333333333333,0.0,0.0,0.0,0.19415995985204737,-0.7997176197001785,0.16393853872687364,0.0,0.0,0.0,Utilities—Renewable,Utilities,AY
2013Q2,2013,Q2,2013-06-30,2013-06-30,24081000.0,56000000.0,31890000.0,0.3,53801000.0,0.9607321429,,,,,,,,2923000000.0,,,0.0,0.0,0.0,0.0,,0.0,52.19642857142857,30.34550060213446,0.0,0.0,0.0,0.0,0.0,0.0,0.0,-15.36997307757025,0.9607321428571428,4.614457831325301,0.0,0.0,0.0,0.6903669724770642,4.672003659652333,0.9005900232433399,0.0,0.0,0.0,Utilities—Renewable,Utilities,AY
2013Q1,2013,Q1,2013-03-31,2013-03-31,-6558000.0,32304000.0,16779000.0,-0.083,31828000.0,0.9852649827,,,,,,,,2923000000.0,,,0.0,0.0,0.0,0.0,,0.0,90.4841505695889,-111.42878926501982,0.0,0.0,0.0,0.0,0.0,0.0,0.0,-20.956710018784324,0.9852649826646855,0.0,0.0,0.0,0.0,0.0,0.0,0.0,0.0,0.0,0.0,Utilities—Renewable,Utilities,AY
