Quarters,Year,Quarter,FillingDate,Date,NetIncome,Revenue,OperatingIncome,EPSDiluted,GrossProfit,GrossProfitRatio,TotalAssets,CommonStockEquity,CurrentAssets,CurrentLiability,TotalLiability,Inventory,RetainedEarnings,MarketCap,EnterpriseValue,bookValuePerShare,currentRatio,debtToAssets,debtToEquity,roic,shareholdersEquityPerShare,roe,priceToSalesRatio,peRatio,pbRatio,payoutRatio,inventoryTurnover,dividendYield,assetTurnover,quickRatio,returnOnAssets,priceToFreeCashFlowsRatio,grossProfitMargin,epsdilutedGrowth,fiveYNetIncomeGrowthPerShare,fiveYRevenueGrowthPerShare,fiveYShareholdersEquityGrowthPerShare,grossProfitGrowth,netIncomeGrowth,operatingIncomeGrowth,threeYNetIncomeGrowthPerShare,threeYRevenueGrowthPerShare,threeYShareholdersEquityGrowthPerShare,Industry,Sector,Symbol
2023Q1,2023,Q1,2023-05-08,2023-03-31,486500000.0,2706000000.0,757200000.0,2.24,1257300000.0,0.4646341463,45094400000.0,9817800000.0,28778000000.0,27095700000.0,35236100000.0,23403400000.0,3930200000.0,40710768000.0,46329168000.0,46.13627819548872,1.062087342272021,0.15896208841896112,0.7301330236916621,0.03516171922130013,46.13627819548872,0.049552852981319645,15.044629711751663,20.92023021582734,4.146628368881012,0.24131551901336074,0.06190126220976439,0.0028837579286148567,0.06000745103604882,0.18735076045276558,0.01078847927902356,102.08316950852557,0.46463414634146344,2.5555555555555562,0.5210600830721306,0.26006079436497315,0.8609436626497355,0.5327319273436547,2.5904059040590406,0.8459288152120916,0.24590107641685802,0.2856018028276348,0.7311813957425625,Insurance Brokers,Financial Services,AJG
2022Q4,2022,Q4,2023-02-10,2022-12-31,135500000.0,2028300000.0,410200000.0,0.63,820300000.0,0.404427353,38907800000.0,9143600000.0,22834600000.0,21888000000.0,29717600000.0,4621900000.0,3562200000.0,39859429940.0,45932229940.0,43.250351211620966,1.0432474415204678,0.16487953572291417,0.7015945579421672,0.028727417293954723,43.250351211620966,0.014819108447438646,19.651644204506237,73.54138365313653,4.359270958922087,0.7970479704797048,0.26136437395876155,0.0027095219415473656,0.052130935185232784,0.7653143274853801,0.0034825921794601595,252.2748730379747,0.40442735295567717,-0.47058823529411764,0.10402457798831873,0.08624024570796135,0.9073265815671432,-0.011924837388581066,-0.4702892885066458,0.18213256484149856,0.21910404414217857,0.05215648216305496,0.5717524102906112,Insurance Brokers,Financial Services,AJG
2022Q3,2022,Q3,2022-11-02,2022-09-30,255800000.0,2044000000.0,347000000.0,1.19,830200000.0,0.4061643836,38667800000.0,8573800000.0,23796600000.0,22456600000.0,30038700000.0,4723100000.0,3536200000.0,36076054000.0,42071854000.0,40.691979117228286,1.0596706536163087,0.1693786561428372,0.7638969884998483,0.018303608730961374,40.691979117228286,0.02983507896148732,17.649732876712328,35.258066849100864,4.20770883388929,0.4202501954652072,0.25699222967965957,0.0029798159188917945,0.05286051960545984,0.7797128683772254,0.006615323343970953,32.5743151241535,0.40616438356164386,-0.10526315789473693,0.6805912005264367,0.10516668431409343,0.7871897426836971,-0.020181753806207955,-0.09992962702322308,-0.006584597766962496,0.7936337731522167,-0.00801598273059826,0.5652376911485206,Insurance Brokers,Financial Services,AJG
2022Q2,2022,Q2,2022-08-03,2022-06-30,284200000.0,2043000000.0,349300000.0,1.33,847300000.0,0.4147332354,39990400000.0,8808700000.0,24744400000.0,23504700000.0,31128600000.0,4266100000.0,3388700000.0,34271008000.0,40509408000.0,41.90627973358706,1.0527426429607696,0.1690905817396175,0.7676501640423672,0.017796036235743485,41.90627973358706,0.032263557619171955,16.77484483602545,30.14691062631949,3.8905863521291444,0.37755102040816324,0.28027941210942076,0.003130926291984175,0.05108726094262623,0.8073108782498819,0.007106705609346243,122.26545843738852,0.41473323543808127,-0.35436893203883496,0.41465348660988816,0.11815017575566288,0.9604295453177022,-0.2294470716624227,-0.3527670234570713,-0.4571028908921355,1.2812731354853428,0.0903722548136699,0.5954600319360445,Insurance Brokers,Financial Services,AJG
2022Q1,2022,Q1,2022-05-06,2022-03-31,439100000.0,2435300000.0,643400000.0,2.06,1099600000.0,0.4515254794,43161500000.0,8989400000.0,27519300000.0,26144800000.0,34118400000.0,4110100000.0,3213000000.0,36491400000.0,42480400000.0,43.011483253588516,1.052572595697806,0.15100494653800262,0.7250317040069415,0.03316966266272027,43.011483253588516,0.048846419115847556,14.984355110253357,20.776246868594853,4.059381048790798,0.2429970393987702,0.3249799274956814,0.0029239766081871348,0.056422969544617306,0.8466960925308283,0.010173418440044947,91.94104308390023,0.45152547940705456,2.614035087719299,5.747579651757106,0.47551049044840327,1.1008393827261298,0.5982558139534884,2.631927212572374,2.947239263803681,0.16034323591624428,0.11200772899877874,0.6262364816579732,Insurance Brokers,Financial Services,AJG
2021Q4,2021,Q4,2022-02-18,2021-12-31,120900000.0,1962800000.0,163000000.0,0.57,688000000.0,0.3505196658,33345000000.0,8508400000.0,17670400000.0,16735000000.0,24784900000.0,0.0,2882300000.0,35256916990.0,41447216990.0,40.945730689085984,1.0558948311921124,0.19771779877043036,0.7748695406892012,0.011316598654253496,40.945730689085984,0.014209487095106013,17.962562151008765,72.90512198097602,4.143777559823233,0.8254755996691481,0.0,0.0028306502247007733,0.05886339781076623,0.7646011353450851,0.003625730994152047,65.59426416744186,0.35051966578357446,-0.4622641509433963,0.09006109745332166,0.2151540330191387,1.0284336928758289,-0.06356335919422894,-0.4629053753887161,-0.5174659561870929,-0.08816795144119799,0.047695982407025425,0.6731239759713336,Insurance Brokers,Financial Services,AJG
2021Q3,2021,Q3,2021-10-29,2021-09-30,225100000.0,2133900000.0,337800000.0,1.06,734700000.0,0.3442991705328272,26915800000.0,8420200000.0,15138300000.0,11659800000.0,18445700000.0,0.0,2873800000.0,30768766200.0,33821566200.0,40.67965292673971,1.2983327329799825,0.21503726435773785,0.6873827225006532,0.024038830252395983,40.67965292673971,0.026733331749839672,14.419029101644876,34.172330297645495,3.654160970048218,0.39893380719680144,0.0,0.002918544065637575,0.07928057126297565,0.9559597934784473,0.008363117574064305,75.24765517241379,0.3442991705328272,0.15217391304347827,0.5729025605915625,0.23527213853484447,0.9598952491444914,0.06431986093003042,0.18349106203995794,0.1580390812478574,0.5621174531766049,0.06245136292997185,0.6406848334550047,Insurance Brokers,Financial Services,AJG
2021Q2,2021,Q2,2021-07-30,2021-06-30,190200000.0,1932900000.0,291700000.0,0.92,690300000.0,0.3571317709141704,27817200000.0,8312700000.0,15939300000.0,12021300000.0,19463200000.0,0.0,2749100000.0,28198104000.000004,31374904000.000004,41.295081967213115,1.3259214893563924,0.22938685417655263,0.7676085988908538,0.01765781264377049,41.295081967213115,0.022880652495579055,14.588496042216361,37.06375394321767,3.3921714966256453,0.5520504731861199,0.0,0.003723654611671763,0.0694857857728312,1.0075698967665727,0.006837496225356974,76.2110918918919,0.3571317709141704,-0.5208333333333333,0.11754704421261798,0.19371744476542577,1.0351584675166294,-0.1819151457691396,-0.5022245485475006,-0.37590928540864355,0.5016752466669,0.05604445232703873,0.6970423773959674,Insurance Brokers,Financial Services,AJG
2021Q1,2021,Q1,2021-04-30,2021-03-31,382100000.0,2160900000.0,467400000.0,1.92,843800000.0,0.3904854458790319,24414500000.0,6731100000.0,12667500000.0,11516000000.0,17635000000.0,0.0,2658900000.0,24285482340.0,28591782340.0,34.58195045262585,1.0999913164293158,0.19793974891969937,0.7179510035506826,0.03793145266055233,34.58195045262585,0.05676635319635721,11.238596112730807,15.889480724941114,3.607951499754869,0.2549070923841926,0.0,0.0040106265396086015,0.08850887792090766,0.8052882945467176,0.01565053554240308,93.730151833269,0.3904854458790319,1.6666666666666667,6.474015962915319,0.5114286315125365,0.7020153301915363,0.4636600173460538,1.6870604781997187,1.2026390197926484,0.3060975885965282,0.10010323433141934,0.3948906165381577,Insurance Brokers,Financial Services,AJG
2020Q4,2020,Q4,2021-02-08,2020-12-31,142200000.0,1714000000.0,212200000.0,0.72,576500000.0,0.3363477246207701,22331400000.0,6186200000.0,11124200000.0,10135000000.0,16098700000.0,0.0,2371700000.0,23860442540.0,28061342540.0,32.07378910584112,1.0976023680315738,0.21787706995530956,0.7865086806116841,0.02136630377640989,32.07378910584112,0.02298664769971873,13.9209116336056,41.94873864275668,3.8570435065144992,0.6139240506329114,0.0,0.0036587753916822365,0.07675291293873202,0.7457030093734583,0.006367715414170182,69.14066224282817,0.3363477246207701,-0.20000000000000004,1.0923998802867851,0.17705083919200612,0.5586858290420715,-0.05708210664049722,-0.19479048697621745,-0.22639445862194676,0.26996846252332146,0.006139987258204964,0.4144437864521253,Insurance Brokers,Financial Services,AJG
2020Q3,2020,Q3,2020-10-30,2020-09-30,176600000.0,1845700000.0,274300000.0,0.9,611400000.0,0.3312564338733272,21814900000.0,5771700000.0,11200300000.0,10117200000.0,15996700000.0,0.0,2317300000.0,20262174540.0,24508474540.0,30.074565037282518,1.1070553117463329,0.2235261220541923,0.844846405738344,0.022475231170074106,30.074565037282518,0.03059757090631876,10.97804331148074,28.683712542468854,3.5106077134986227,0.49037372593431483,0.0,0.004273973646265906,0.08460730968283146,0.7679595144901752,0.008095384347395587,35.88130784487338,0.3312564338733272,0.1392405063291139,0.21467539979053016,0.16320833651050307,0.44885559240501666,0.0655280585569885,0.14899154196486664,0.16032148900169205,0.27383267737723305,0.09564067401116752,0.3208734329549646,Insurance Brokers,Financial Services,AJG
2020Q2,2020,Q2,2020-07-31,2020-06-30,153700000.0,1583000000.0,236400000.0,0.79,573800000.0,0.36247631080227416,21306200000.0,5488600000.0,10760400000.0,9864000000.0,15771700000.0,0.0,2228300000.0,18568920300.0,23171120300.0,28.816086522811993,1.090875912408759,0.23241591649379054,0.902215501220712,0.02072582725373523,28.816086522811993,0.028003498159822178,11.73020865445357,30.20318851659076,3.3831797361804465,0.5601821730644112,0.0,0.004636780093239993,0.07429762228834799,0.7705393349553934,0.007213862631534483,27.952612223393047,0.36247631080227416,-0.5586592178770949,-0.011655638858514158,0.0339565945110075,0.3512158773990716,-0.23227187583623227,-0.5561651747040138,-0.25496375669713206,-0.15568209718997372,-0.043865884193110306,0.3480535079441739,Insurance Brokers,Financial Services,AJG
2020Q1,2020,Q1,2020-05-05,2020-03-31,346300000.0,1866700000.0,317300000.0,1.79,747400000.0,0.40038570739808216,20836500000.0,5029500000.0,10527200000.0,9837800000.0,15766400000.0,0.0,2161400000.0,15382811730.000002,20242111730.0,26.65016982561744,1.0700766431519242,0.25014277829769876,1.036305795804752,0.02999386655800598,26.65016982561744,0.06885376279948305,8.240644843842075,11.105119643372799,3.058517095138682,0.2523823274617384,0.0,0.0056816661046140225,0.08958798262664075,0.7940698123564212,0.016619873779185564,194.4729675094817,0.40038570739808216,2.5098039215686274,12.873169289667299,0.3300805941380436,0.4029553664971328,0.40409543490512867,2.515736040609137,1.5923202614379084,4.893299719019576,0.25252330349000646,0.3016925269910455,Insurance Brokers,Financial Services,AJG
2019Q4,2019,Q4,2020-02-07,2019-12-31,98500000.0,1708400000.0,122400000.0,0.51,532300000.0,0.311578084757668,19634800000.0,5155500000.0,9117500000.0,8921000000.0,14419300000.0,0.0,1901300000.0,17841816650.0,22184616650.0,27.517280029889783,1.0220266786234726,0.25198117627885186,0.959674134419552,0.014733271324615636,27.517280029889783,0.019105809329841916,10.443582679700304,45.28379860406091,3.460734487440597,0.8253807106598985,0.0,0.004556710877308561,0.08700878032880396,0.7282255352538953,0.005016603173956444,55.93045971786834,0.311578084757668,-0.2272727272727273,0.660980802500212,0.1912867539677395,0.386387269233671,-0.03411359099981855,-0.21887390959555908,-0.25274725274725274,-0.015003344612437844,0.17305623342701512,0.3631940866500535,Insurance Brokers,Financial Services,AJG
2019Q3,2019,Q3,2019-10-25,2019-09-30,126100000.0,1821900000.0,163800000.0,0.66,551100000.0,0.3024864152807509,19173800000.0,4843300000.0,9328600000.0,8910900000.0,14261800000.0,0.0,1884200000.0,16686890999.999998,20919191000.0,25.997316156736446,1.0468751753470469,0.25092574241934307,0.9933722874899346,0.01958180270705388,25.997316156736446,0.0260359672124378,9.159059772764696,33.08265463917525,3.445355645943881,0.6352101506740682,0.0,0.004800175179426773,0.0950202881014718,0.7606863504247607,0.006576682765023104,52.62343424787133,0.3024864152807509,0.13793103448275876,0.15870512017653735,0.2177192508898729,0.27935379763821794,0.050514677849790315,0.14532243415077203,0.07834101382488479,-0.021020214497649285,0.17177824795278868,0.25251846464508804,Insurance Brokers,Financial Services,AJG
2019Q2,2019,Q2,2019-07-26,2019-06-30,110100000.0,1655900000.0,151900000.0,0.58,524600000.0,0.3168065704450752,19200300000.0,4879400000.0,9547400000.0,8932500000.0,14252500000.0,0.0,1839300000.0,16615179360.0,20808179360.0,26.265953953565987,1.0688385110551357,0.2450638792102207,0.964319383530762,0.01763430411133771,26.265953953565987,0.022564249702832315,10.033926783018298,37.727473569482285,3.405168537115219,0.7275204359673024,0.0,0.004820892887430136,0.0862434441128524,0.7843045060173524,0.005734285401790597,34.62938591079617,0.3168065704450752,-0.6723163841807909,-0.16127733066532607,0.16591628409077347,0.24679219880768738,-0.22943595769682726,-0.6704579467225381,-0.5064977257959714,-0.29900785383998396,0.10814551300981597,0.29447324111000567,Insurance Brokers,Financial Services,AJG
2019Q1,2019,Q1,2019-04-29,2019-03-31,334100000.0,1933500000.0,307800000.0,1.77,680800000.0,0.352107576933023,18631400000.0,4880300000.0,9669500000.0,8637900000.0,13673200000.0,0.0,1810200000.0,14582694630.0,18226194630.0,26.448480118794066,1.1194271755866587,0.2423328359650912,0.925148044177612,0.03459046518783658,26.448480118794066,0.06845890621478187,7.542122901474011,10.911923548338821,2.988073403274389,0.23825202035318765,0.0,0.005458524780203807,0.10377642045149586,0.8734761921300316,0.01793209313309789,-107.62136258302583,0.352107576933023,1.8095238095238098,3.928744127399298,0.5368440448512635,0.6553428000849564,0.5869463869463869,1.8482523444160273,2.749086479902558,5.8935704436240695,0.42655299774393546,0.30171138507994333,Insurance Brokers,Financial Services,AJG
2018Q4,2018,Q4,2019-02-08,2018-12-31,117300000.0,1657400000.0,82100000.0,0.63,429000000.0,0.258839145649813,16334000000.0,4498900000.0,8118700000.0,7693600000.0,11764300000.0,0.0,1558600000.0,13548565800.0,16551765800.0,24.472622039448634,1.055253717375481,0.22103587608669034,0.8025072795572251,0.02995069447013511,24.472622039448634,0.026073040076463137,8.174590201520454,28.875886189258313,3.011528551423681,0.6445012787723785,0.0,0.005579926400770774,0.10146932778253949,0.7763725694083394,0.007181339537161748,59.71161657117673,0.258839145649813,-0.07352941176470594,0.407318395944167,0.34024855441425694,0.5528937736602232,-0.0807799442896936,-0.08072100313479624,-0.3817771084337349,0.8108853386484782,0.19415194017358256,0.18929288480744108,Insurance Brokers,Financial Services,AJG
2018Q3,2018,Q3,2018-10-26,2018-09-30,127600000.0,1778500000.0,132800000.0,0.68,466700000.0,0.2624121450660669,16114700000.0,4544500000.0,8084000000.0,7422600000.0,11502000000.0,0.0,1517600000.0,13777758960.0,16703258960.0,24.794312775522673,1.0891062430954113,0.21908567953483465,0.7768731433601056,0.025205997209165186,24.794312775522673,0.028077896358235228,7.74684226033174,26.99404184952978,3.0317436373638467,0.5901253918495298,0.0,0.005465330045228197,0.11036507040155882,0.799962277369116,0.007918236144638125,84.42254264705882,0.2624121450660669,0.09677419354838718,0.21145151602488396,0.5071125751656201,0.6658205709901933,0.017884405670665213,0.11053089643167972,0.00988593155893536,-0.08105276941207276,0.17360141766011944,0.194477083213741,Insurance Brokers,Financial Services,AJG
2018Q2,2018,Q2,2018-07-27,2018-06-30,114900000.0,1660400000.0,131500000.0,0.62,458500000.0,0.27613827993254636,16230500000.0,4443600000.0,8365000000.0,7568600000.0,11717400000.0,0.0,1466000000.0,11920911360.0,14755811360.0,24.333559678443915,1.1052242158391248,0.2148485875358122,0.7847466018543523,0.019798130163545574,24.333559678443915,0.025857412908452605,7.179541893519634,25.93757911227154,2.6827147718066433,0.6510008703220191,0.0,0.006274688045327434,0.10230122300606882,0.8217239648019449,0.007079264347986815,23.875248067294212,0.27613827993254636,-0.581081081081081,-0.1436111115341009,0.4844282511688032,0.8194411308335915,-0.23057559993287463,-0.5801972963098283,-0.5320284697508897,-0.2293596956120304,0.13117913582764187,0.14102559225459707,Insurance Brokers,Financial Services,AJG
2018Q1,2018,Q1,2018-05-07,2018-03-31,273700000.0,1837700000.0,281000000.0,1.48,595900000.0,0.32426402568427926,16127500000.0,4514600000.0,8533300000.0,7742400000.0,11543000000.0,0.0,1426700000.0,12515733000.0,15090933000.0,24.791872597473915,1.1021517875594131,0.20295148039063712,0.7250033225534931,0.042590204535951644,24.791872597473915,0.06062552607096974,6.810541981825107,11.43198118377786,2.7722794931998407,0.278041651443186,0.0,0.006080347032011628,0.11394822508138273,0.8694719983467658,0.016971012246163385,-50.32462002412545,0.32426402568427926,1.5964912280701757,3.682186629243191,0.888770688699094,0.8789371095454415,0.35555050045495906,1.60418648905804,1.4078834618680378,10.363519918555463,0.3570408803899639,0.3051282950064054,Insurance Brokers,Financial Services,AJG
2017Q4,2017,Q4,2018-02-12,2017-12-31,105100000.0,1599000000.0,116700000.0,0.57,439600000.0,0.2749218261413383,12897400000.0,4105200000.0,5170600000.0,4912300000.0,8732500000.0,0.0,1095900000.0,11456084640.0,13907884640.0,22.67590229675538,1.0525822934267044,0.24291717710546312,0.7631784078729417,0.022230209050230893,22.67590229675538,0.02560167592321933,7.164530731707317,27.25043920076118,2.790627652733119,0.6764985727878211,0.0,0.006206308894728976,0.12397847628204134,0.6412067666877023,0.00814892924155256,31.848998165137616,0.2749218261413383,-0.1971830985915493,1.1651756957762476,0.6392288574981128,0.7081574272633026,-0.029580573951434878,-0.19401840490797545,-0.15861571737563085,0.8341153394068319,0.15390686844347226,0.1424669236370793,Insurance Brokers,Financial Services,AJG
2017Q3,2017,Q3,2017-10-30,2017-09-30,130400000.0,1584500000.0,138700000.0,0.71,453000000.0,0.2858946039760177,12810400000.0,4110000000.0,5087400000.0,4705200000.0,8638200000.0,0.0,1062100000.0,11110452050.0,13568652050.0,22.7686955365601,1.0812292782453456,0.23598794729282457,0.7355474452554744,0.02770900251398012,22.7686955365601,0.03172749391727494,7.0119609024929,21.300713286042942,2.7032730048661797,0.5368098159509203,0.0,0.006300373709816785,0.12368856554049834,0.6567839836776332,0.010179229376131893,49.27029733924612,0.2858946039760177,-0.25263157894736843,0.44071285760188433,0.6607211461315273,0.7123417205505397,-0.07664084794129637,-0.2414194299011053,-0.24496461622210125,0.23664376918195262,0.09300981611993239,0.12047016416417733,Insurance Brokers,Financial Services,AJG
2017Q2,2017,Q2,2017-07-28,2017-06-30,171900000.0,1563400000.0,183700000.0,0.95,490600000.0,0.3138032493283868,12569600000.0,3844700000.0,5107200000.0,4858000000.0,8659600000.0,0.0,1002900000.0,10296985000.0,12821985000.0,21.376070276882018,1.0512968299711816,0.24764511201629327,0.8096340416677504,0.03240224785566401,21.376070276882018,0.04471090072047234,6.58627670461814,14.975254508435135,2.678228470361797,0.4083769633507853,0.0,0.006817529597255895,0.12437945519348269,0.6773157678056814,0.01367585285132383,-17161.641666666666,0.3138032493283868,2.0645161290322576,0.5956248630385232,0.6010232711301485,0.7372537962006146,0.26378155589902114,2.0861759425493718,0.9542553191489361,0.35252590955044555,0.13695172184619994,0.014679219703842113,Insurance Brokers,Financial Services,AJG
2017Q1,2017,Q1,2017-04-28,2017-03-31,55700000.0,1412700000.0,94000000.0,0.31,388200000.0,0.27479294967084306,11780600000.0,3662500000.0,4483200000.0,4784700000.0,8053300000.0,0.0,901800000.0,10114440600.0,12494540600.0,20.473475320029067,0.9369866449307167,0.2499108704140706,0.8038498293515358,0.018444965429147597,20.473475320029067,0.015208191126279863,7.1596521554470165,45.39695062836625,2.7616220068259385,1.281867145421903,0.0,0.007059213932206988,0.11991749146902535,0.6109473948209919,0.004728112320255335,72.04017521367521,0.27479294967084306,-0.41509433962264153,0.28951452104108183,0.6807332856443066,0.7563181216598134,-0.02043906131718395,-0.41430073606729756,-0.12962962962962962,-0.15243165624574445,0.1582313153334451,0.28138251466649594,Insurance Brokers,Financial Services,AJG
2016Q4,2016,Q4,2017-02-13,2016-12-31,95100000.0,1385000000.0,108000000.0,0.53,396300000.0,0.28613718411552347,11489600000.0,3596600000.0,4416100000.0,4611700000.0,7833800000.0,0.0,916400000.0,9257921040.0,11560621040.0,20.18588570723001,0.9575861396014484,0.24789374738894304,0.7919145859978869,0.024600687628461237,20.18588570723001,0.02644163932603014,6.684419523465704,24.33733186119874,2.5740758049268755,0.7139852786540484,0.0,0.007334260003582834,0.12054379612867289,0.5864214931587051,0.008277050550062665,59.84435061409179,0.28613718411552347,-0.23188405797101438,0.5337147332881839,0.5640138152052119,0.8889937560828239,-0.023891625615763547,-0.2255700325732899,-0.15294117647058825,0.17721659725885924,0.15555146732951247,0.2808818025320432,Insurance Brokers,Financial Services,AJG
2016Q3,2016,Q3,2016-10-28,2016-09-30,122800000.0,1482300000.0,127500000.0,0.69,406000000.0,0.27389867098428117,11200300000.0,3686500000.0,4213700000.0,4398900000.0,7459100000.0,0.0,889800000.0,9035071570.0,11288971570.0,20.75603425463513,0.9578985655504785,0.248716552235208,0.7556489895564898,0.027068839350492434,20.75603425463513,0.03331072833310728,6.095305653376509,18.393875346091203,2.450853538586735,0.5529315960912052,0.0,0.007515159063648679,0.13234466933921413,0.5644820295983086,0.010963992035927609,43.50058531535869,0.27389867098428117,-0.1785714285714286,0.6675291044884717,0.6702210632351608,0.9173244075847322,-0.13818722139673106,-0.18133333333333335,-0.28330522765598654,0.20314481282807073,0.2962599573182596,0.39450643970588656,Insurance Brokers,Financial Services,AJG
2016Q2,2016,Q2,2016-07-29,2016-06-30,150000000.0,1427100000.0,177900000.0,0.84,471100000.0,0.33011001331371315,11384300000.0,3599900000.0,4485600000.0,4383700000.0,7728500000.0,0.0,835200000.0,8444954000.0,10764454000.0,20.290843502522335,1.0232452038232542,0.23985664467731876,0.758521070029723,0.03182173460375814,20.290843502522335,0.041667824106225174,5.91756288977647,14.074923333333334,2.345885719047751,0.45,0.0,0.007992938741880654,0.1253568511019562,0.6271870794078062,0.013176040687613643,-1508.0275,0.33011001331371315,2.2307692307692304,1.2334740498895305,0.6225867918221264,0.8583295132614361,0.25996255683337793,2.225806451612903,1.0831381733021077,0.150750656976505,0.3132272016284322,0.5171637744600426,Insurance Brokers,Financial Services,AJG
2016Q1,2016,Q1,2016-05-02,2016-03-31,46500000.0,1300400000.0,85400000.0,0.26,373900000.0,0.28752691479544756,10712600000.0,3597100000.0,3939500000.0,4022400000.0,7060300000.0,0.0,753400000.0,7874650239.999999,9972250240.0,20.318236762728905,0.9793904136833731,0.23551705468327017,0.7013983486697618,0.014505166585178891,20.318236762728905,0.012927080147896917,6.055560012303906,42.336829247311826,2.189166339551305,1.4817204301075269,0.0,0.008749594953438846,0.12138976532307749,0.586217183770883,0.004340682934114967,165.78211031578945,0.28752691479544756,-0.25714285714285706,0.8880954267326493,0.7938889571013253,0.9353780314528582,-0.02807382375877307,-0.2536115569823435,0.23947750362844702,-0.18177955517396766,0.37475412350028725,0.5398872716824005,Insurance Brokers,Financial Services,AJG
2015Q4,2015,Q4,2016-02-10,2015-12-31,62300000.0,1334900000.0,68900000.0,0.35,384700000.0,0.28818638100232224,10913800000.0,3638300000.0,4335800000.0,4191700000.0,7225600000.0,0.0,774500000.0,7238601400.0,9215201400.0,20.57745602624286,1.0343774602190041,0.22512781982444244,0.6753153945524009,0.027145020303105855,20.57745602624286,0.01712338179919193,5.422579519065098,29.04735714285714,1.9895559464585106,1.043338683788122,0.0,0.008979635209641465,0.1223130348732797,0.5972755683851421,0.005708369220619766,24.217468718634994,0.28818638100232224,-0.5333333333333333,-0.296158344299394,0.7968659797731208,1.0316216975760604,-0.1074245939675174,-0.5326331582895724,-0.5113475177304965,0.31413926915391926,0.4012085518146361,0.5500831625315381,Insurance Brokers,Financial Services,AJG
2015Q3,2015,Q3,2015-10-28,2015-09-30,133300000.0,1454800000.0,141000000.0,0.75,431000000.0,0.29626065438548255,10510400000.0,3652400000.0,4020100000.0,3729200000.0,6802500000.0,0.0,778400000.0,7263463680.0,9286363680.0,20.757462092795926,1.07800600665022,0.22764119348454864,0.6550761143357792,0.031092726969676344,20.757462092795926,0.03649655021355821,4.9927575474292,13.6224,1.9886824225167015,0.5041260315078769,0.0,0.009251784404875002,0.13841528390927083,0.6095409203046229,0.012682676206424113,33.67391599443672,0.29626065438548255,-0.07407407407407414,0.729945559491014,0.8831243717272543,1.1652081207513125,-0.041156840934371525,-0.043072505384063174,-0.1193004372267333,0.5108786405382838,0.5642542945923219,0.5610849684896249,Insurance Brokers,Financial Services,AJG
2015Q2,2015,Q2,2015-07-31,2015-06-30,139300000.0,1371400000.0,160100000.0,0.81,449500000.0,0.32776724515094063,10716100000.0,3638500000.0,4261400000.0,3905400000.0,7004600000.0,0.0,710800000.0,8069994899.999999,10119894900.0,21.32604197804388,1.091155835509807,0.22131185785873592,0.6518070633502817,0.030597987551046528,21.32604197804388,0.03828500755805964,5.884493874872392,14.483120782483846,2.2179455544867386,0.44938980617372576,0.0,0.007757130057170173,0.12797566278776792,0.6171710964305833,0.012999132146956449,-142.8317681415929,0.32776724515094063,5.230769230769231,0.9057097855167171,0.7965402575403917,1.2686808692201226,0.2961361014994233,5.360730593607306,1.3859910581222057,0.36310246812786906,0.4805195671219078,0.7331879482244311,Insurance Brokers,Financial Services,AJG
2015Q1,2015,Q1,2015-04-28,2015-03-31,21900000.0,1231300000.0,67100000.0,0.13,346800000.0,0.2816535369122066,9730900000.0,3145200000.0,3594800000.0,3438700000.0,6511300000.0,0.0,636000000.0,7740584500.0,9799584500.0,18.99573604551439,1.0453950620874168,0.2400394619202746,0.7426554750095383,0.012836577550337175,18.99573604551439,0.006962991224723388,6.286513847153415,88.36283675799088,2.4610786277502226,2.863013698630137,0.0,0.008100163495405288,0.12653505842213977,0.5940907901241749,0.002250562640660165,81.05324083769634,0.2816535369122066,-0.5806451612903225,-0.5346325510043848,0.5837671087570512,1.1289025134809774,-0.002014388489208633,-0.574757281553398,0.2684310018903592,-0.45221633169407394,0.5827293597836929,0.6295501828341317,Insurance Brokers,Financial Services,AJG
2014Q4,2014,Q4,2015-02-13,2014-12-31,51500000.0,1245400000.0,52900000.0,0.31,347500000.0,0.27902681869278945,10010000000.0,3229400000.0,3811200000.0,3642700000.0,6780600000.0,0.0,676000000.0,7660151400.0,9738651400.0,19.84819151224609,1.0462568973563566,0.23905094905094906,0.7409735554592184,0.018424390813631945,19.84819151224609,0.015947234780454574,6.150755901718323,37.18520097087379,2.3720045209636464,1.141747572815534,0.0,0.007676088490888053,0.12441558441558441,0.5591182364729459,0.005144855144855145,52.0037433808554,0.27902681869278945,-0.46551724137931033,0.9356370571337842,0.8073645459490026,1.2837312704598793,-0.12247474747474747,-0.4497863247863248,-0.5520745131244708,-0.09047480841832589,0.5400793713031793,0.8573923572122475,Insurance Brokers,Financial Services,AJG
2014Q3,2014,Q3,2014-10-29,2014-09-30,93600000.0,1286800000.0,118100000.0,0.58,396000000.0,0.307740130556419,9988000000.0,3256000000.0,3972400000.0,3769800000.0,6732000000.0,0.0,683700000.0,7268078160.0,9398778160.0,20.320662044173723,1.0537429041328452,0.24241089307168603,0.7436117936117936,0.022201992872166818,20.320662044173723,0.028746928746928746,5.64818010568853,19.412601923076924,2.232210737100737,0.6217948717948718,0.0,0.008007618894401103,0.1288346015218262,0.5197888482147595,0.009371245494593512,825.9179727272727,0.307740130556419,-0.17142857142857143,0.42320774381986004,0.8519870810237857,1.3697385105293927,0.0454065469904963,-0.14128440366972478,-0.1271249076127125,0.4088807036447124,0.6072084840092077,0.8771071986872591,Insurance Brokers,Financial Services,AJG
2014Q2,2014,Q2,2014-08-01,2014-06-30,109000000.0,1179300000.0,135300000.0,0.7,378800000.0,0.3212074959721869,10019300000.0,3249600000.0,4440300000.0,3875000000.0,6769700000.0,0.0,648400000.0,7188143200.0,8731643200.0,21.06682571376708,1.145883870967742,0.25121515475132994,0.7745568685376661,0.023878937348185206,21.06682571376708,0.033542589857213194,6.095262613414738,16.486566972477064,2.212008616445101,0.5211009174311927,0.0,0.00790190156478797,0.11770283353128462,0.7667354838709678,0.010879003523200224,66.31128413284132,0.3212074959721869,0.9444444444444444,0.6233749683403673,0.6959682213479571,1.5241809999956955,0.3640619373424559,1.2109533468559839,1.0014792899408285,0.8667049608504467,0.5421881462345988,0.9293975615041188,Insurance Brokers,Financial Services,AJG
2014Q1,2014,Q1,2014-04-24,2014-03-31,49300000.0,915000000.0,67600000.0,0.36,277700000.0,0.3034972677595628,7275600000.0,2144200000.0,3198000000.0,3033600000.0,5131400000.0,0.0,596900000.0,6385236000.0,7538436000.0,15.977645305514159,1.0541930379746836,0.26010225960745503,0.882566924727171,0.01783187077977328,15.977645305514159,0.022992258184870815,6.9784,32.37949290060852,2.9779106426639306,1.0,0.0,0.0077209362347766,0.12576282368464456,0.6568433544303798,0.00677607345098686,113.41449378330373,0.3034972677595628,-0.20000000000000004,0.36369281488506516,0.6658733936220849,0.9616753193941213,0.06235654169854629,-0.17833333333333334,0.06624605678233439,1.640777953172798,0.6651511764944936,0.521922599866624,Insurance Brokers,Financial Services,AJG
2013Q4,2013,Q4,2014-02-07,2013-12-31,60000000.0,890200000.0,63400000.0,0.45,261400000.0,0.2936418782296113,6860500000.0,2085500000.0,2875600000.0,3284800000.0,4775000000.0,0.0,596400000.0,6210434620.0,7367834620.0,15.759366451554401,0.8754262055528494,0.21215654835653378,0.6979141692639654,0.02179052341364245,15.759366451554401,0.028770079117717572,6.976448685688609,25.876810916666667,2.977911589546871,0.7766666666666666,0.0,0.007503500616515628,0.12975730631878143,0.4831039941548953,0.008745718242110633,130.745992,0.2936418782296113,-0.2105263157894736,8.453835218365908,0.7426328012833666,1.0912903348034275,-0.05426917510853835,-0.19571045576407506,-0.3543788187372709,-0.09432255080898969,0.600994822125176,0.5559294979028568,Insurance Brokers,Financial Services,AJG
2013Q3,2013,Q3,2013-10-30,2013-09-30,74600000.0,835800000.0,98200000.0,0.57,276400000.0,0.3307011246709739,5970200000.0,1932200000.0,2546700000.0,2577900000.0,4038000000.0,0.0,583200000.0,5666468400.0,6440068400.0,14.884143711098785,0.9878971255673222,0.17763224012595893,0.5488562260635544,0.02862997817105444,14.884143711098785,0.03860883966463099,6.779694185211773,18.989505361930295,2.932651071317669,0.6152815013404825,0.0,0.00810028341462206,0.13999531003986465,0.5283370185034331,0.012495393789152792,33.1566319485079,0.3307011246709739,-0.21917808219178087,0.4366487952178466,0.4208861767830513,0.8149052654178519,-0.038274182324286705,-0.2021390374331551,-0.08052434456928839,0.3122511796250009,0.4664050109505332,0.5525630585101946,Insurance Brokers,Financial Services,AJG
2013Q2,2013,Q2,2013-07-31,2013-06-30,93500000.0,779500000.0,106800000.0,0.73,287400000.0,0.36869788325849906,5562100000.0,1702000000.0,2602600000.0,2343700000.0,3860100000.0,0.0,554900000.0,5631255000.0,6316255000.0,13.374194562313374,1.1104663566156079,0.16630409377753008,0.5434782608695652,0.039026880077289314,13.374194562313374,0.05493537015276146,7.224188582424631,15.05683155080214,3.3086104582843716,0.4909090909090909,0.0,0.008150936158991201,0.1401449092968483,0.6336988522421811,0.01681019758724223,-1407.81375,0.36869788325849906,1.28125,0.6698098430378752,0.324267260584267,0.7077287115598287,0.23825937096079275,1.308641975308642,0.844559585492228,0.7148947037560899,0.36901790598770734,0.42275717997678003,Insurance Brokers,Financial Services,AJG
2013Q1,2013,Q1,2013-05-01,2013-03-31,40500000.0,674100000.0,57900000.0,0.32,232100000.0,0.3443109330959798,5225100000.0,1664700000.0,2301400000.0,2215100000.0,3560400000.0,0.0,506400000.0,5201782950.0,5752782950.0,13.194626084888837,1.0389598663717214,0.14832252014315517,0.4655493482309125,0.022722535644860417,13.194626084888837,0.024328707875292847,7.716633956386293,32.109771296296294,3.124756983240223,1.0913580246913581,0.0,0.008497086561445245,0.12901188494000115,0.5754142025190736,0.00775104782683585,124.14756443914081,0.3443109330959798,0.19346429117545044,5.585831494471525,0.21865807676394267,0.6189063182124566,0.03155555555555556,0.208955223880597,-0.013628620102214651,0.12943218518476304,0.13790240628979716,0.47875673620947345,Insurance Brokers,Financial Services,AJG
2012Q4,2012,Q4,2013-02-08,2012-12-31,33500000.0,673200000.0,58700000.0,0.268127,225000000.0,0.3342245989304813,5352300000.0,1658600000.0,2429500000.0,2362900000.0,3693700000.0,0.0,510400000.0,4329205650.0,4881105650.0,13.275065831072267,1.028185704007787,0.15955757337966855,0.5148920776558543,0.017238667775205916,13.275065831072267,0.020197757144579765,6.430786764705882,32.30750485074626,2.6101565476908233,2.5283582089552237,0.0,0.019564790136499983,0.12577770304355138,0.5917305006559735,0.006258991461614633,29.113689643577672,0.3342245989304813,-0.463746,-0.017851440922850577,0.24754415872946825,0.5903043875798125,-0.09565916398713827,-0.45705024311183146,-0.3528114663726571,0.6396736878854439,0.2722630850550244,0.5274279743385276,Insurance Brokers,Financial Services,AJG
2012Q3,2012,Q3,2012-10-31,2012-09-30,61700000.0,650400000.0,90700000.0,0.5,248800000.0,0.38253382533825336,5009300000.0,1636200000.0,2324900000.0,2090300000.0,3373100000.0,0.0,519700000.0,4394186920.0,4813986920.0,13.296817605565128,1.112232693871693,0.14473080071067815,0.4430998655421098,0.03106240934425018,13.296817605565128,0.037709326488204374,6.756129950799508,17.8046471636953,2.6856050116122723,0.6661264181523501,0.0,0.009353266201065474,0.12983850038927594,0.6395732669951681,0.012317090212205298,41.105583910196444,0.38253382533825336,-0.1525423728813559,-0.08833811750112977,0.1737906688448196,0.6278674843448987,-0.03115264797507788,-0.1394700139470014,-0.06204756980351603,0.22161815892718292,0.21889220451100383,0.5506375077197525,Insurance Brokers,Financial Services,AJG
2012Q2,2012,Q2,2012-08-01,2012-06-30,71700000.0,649900000.0,96700000.0,0.59,256800000.0,0.39513771349438376,5133600000.0,1472900000.0,2631800000.0,2442000000.0,3660700000.0,0.0,500700000.0,4198019280.0,4638919280.0,12.304517810599478,1.0777231777231777,0.1408368396446938,0.4908683549460249,0.034658893540196585,12.304517810599478,0.04867947586394188,6.459484966917987,14.637445188284518,2.850172639011474,0.5550906555090656,0.0,0.00948066155618037,0.12659731961976,0.6755528255528256,0.013966806919121085,43.100813963039016,0.39513771349438376,1.4583333333333333,0.3310610571716171,0.19883077586350945,0.529943445916594,0.3903627504060639,1.5516014234875444,1.1206140350877194,0.3760481905595447,0.2043759914225814,0.47430042350077556,Insurance Brokers,Financial Services,AJG
2012Q1,2012,Q1,2012-05-02,2012-03-31,28100000.0,546800000.0,45600000.0,0.24,184700000.0,0.33778346744696414,4602700000.0,1356600000.0,2225000000.0,2044200000.0,3246100000.0,0.0,470500000.0,4159278240.0,4624478240.0,11.65704268921427,1.088445357597104,0.16664131922567188,0.5653840483561846,0.018565860585073243,11.65704268921427,0.020713548577325668,7.6065805413313825,37.00425480427047,3.065957717823972,1.3807829181494662,0.0,0.009328541578887014,0.11879983487952724,0.676010175129635,0.0061051122167423465,-68.18488918032787,0.33778346744696414,-0.2941176470588236,0.2072936000549941,0.19824256694364553,0.32970068698261623,-0.04989711934156379,-0.30617283950617286,-0.20833333333333334,-0.10367596359553469,0.14799102769850786,0.43120794731019607,Insurance Brokers,Financial Services,AJG
2011Q4,2011,Q4,2012-02-14,2011-12-31,40500000.0,578400000.0,57600000.0,0.34,194400000.0,0.3360995850622407,4483500000.0,1243600000.0,2199400000.0,2073600000.0,3239900000.0,0.0,482900000.0,3891613439.9999995,3610413439.9999995,10.686052106963635,1.060667438271605,0.002230400356864057,0.008041170794467674,0.039259085731826515,10.686052106963635,0.032566741717594085,6.728239004149377,24.022305185185182,3.129312833708588,0.9185185185185185,0.0,0.00955901724915412,0.12900635664101706,0.6357542438271605,0.009033121445299431,43.09649435215946,0.3360995850622407,-0.17073170731707307,0.4005276421087577,0.18649528766083195,0.22430176899594922,-0.11756695415342715,-0.13276231263383298,-0.2519480519480519,6.256376616367489,0.28752180509052483,0.41805430803308896,Insurance Brokers,Financial Services,AJG
2011Q3,2011,Q3,2011-10-28,2011-09-30,46700000.0,562800000.0,77000000.0,0.41,220300000.0,0.39143567874911156,4247200000.0,1219300000.0,2088700000.0,1943600000.0,3027900000.0,0.0,480400000.0,2962221600.0,3395821600.0,10.825520278428865,1.0746552788639638,0.15892823507251835,0.5535963257606824,0.02673625026302034,10.825520278428865,0.03830066431559091,5.26336460554371,15.857717344753747,2.429444435331748,0.7922912205567452,0.0,0.012490625279351146,0.13251083066490865,0.6294505042189751,0.010995479374646826,40.85822896551724,0.39143567874911156,0.10810810810810806,-0.20264496113847041,0.14526056259863704,0.23561016555844702,0.05104961832061069,0.11990407673860912,0.04054054054054054,0.03656154556431562,0.10275094441889415,0.3200150533051971,Insurance Brokers,Financial Services,AJG
2011Q2,2011,Q2,2011-08-03,2011-06-30,41700000.0,546100000.0,74000000.0,0.37,209600000.0,0.38381248855520966,4581900000.0,1202800000.0,2416000000.0,2287100000.0,3379100000.0,0.0,471300000.0,3143909320.0,3590709320.0,10.918861998220738,1.0563595820034104,0.15495755036120387,0.5902893249085467,0.02448007798592217,10.918861998220738,0.03466910542068507,5.757021278154184,18.84837721822542,2.613825507149983,0.8848920863309353,0.0,0.011736979742151087,0.11918636373556822,0.6803812688557562,0.009101027957834086,32.78320458811262,0.38381248855520966,1.6597465333438761,-0.0038232215038964527,0.2883925527315241,0.31260460352065284,0.37623112278397897,1.743421052631579,1.1893491124260356,-0.13966550271908904,0.07178475603902797,0.39421137063941036,Insurance Brokers,Financial Services,AJG
2011Q1,2011,Q1,2011-04-29,2011-03-31,15200000.0,447400000.0,33800000.0,0.139111,152300000.0,0.34041126508717034,3691100000.0,1147100000.0,1749800000.0,1485300000.0,2544000000.0,0.0,466800000.0,3322748650.0,3664548650.0,10.498329748775912,1.1780785026593954,0.18287231448619654,0.588440414959463,0.01199831384642691,10.498329748775912,0.013250806381309389,7.426796267322307,54.65047121710527,2.896651250980734,2.2828947368421053,0.0,0.010443161266501456,0.12121047926092493,0.7082744226755537,0.0041180136002817586,-212.99670833333334,0.34041126508717034,-0.721778,-0.2271592509546109,0.18775593897181822,0.2804484864985386,1.3760493827160494,-0.7221206581352834,-0.028735632183908046,2.9873047898839213,-0.06607640928048278,0.2880859413239147,Insurance Brokers,Financial Services,AJG
2010Q4,2010,Q4,2011-02-07,2010-12-31,54700000.0,459100000.0,34800000.0,0.5,-405000000.0,-0.8821607492920932,3596000000.0,1106700000.0,1726000000.0,1577300000.0,2489300000.0,0.0,488300000.0,3177426200.0,3477626200.0,10.128586464101039,1.094275026944779,0.15294771968854282,0.4969729827414837,0.037451869154286825,10.128586464101039,0.049426222101743925,6.920989326944021,14.522057586837295,2.871081774645342,0.6179159049360147,0.0,0.010637540535166483,0.12766963292547276,0.6339314017625055,0.015211345939933259,262.59720661157024,-0.8821607492920932,0.14176365948954028,18.023475037752252,0.06132035727886313,0.2510931141458832,-2.0702959830866807,0.18398268398268397,-0.5366178428761651,0.8337647099637396,-0.027156413635899133,0.21336765473051725,Insurance Brokers,Financial Services,AJG
2010Q3,2010,Q3,2010-10-29,2010-09-30,46200000.0,463200000.0,75100000.0,0.437919,378400000.0,0.8169257340241797,3460700000.0,1011400000.0,1689900000.0,1532300000.0,2449300000.0,0.0,468400000.0,2782008630.0,3035708630.0,9.58682072815856,1.1028519219473993,0.1589273846331667,0.5438006723353767,0.03156422121173306,9.58682072815856,0.045679256476171645,6.00606353626943,15.054159253246754,2.7506512062487642,0.7316017316017316,0.0,0.012149495021516162,0.1338457537492415,0.6533968544018796,0.013349900309186003,23.636436958368733,0.8169257340241797,0.04705443538264001,-0.173738031245944,0.07295740545679807,0.16438651573068946,0.016930932545014783,0.05,0.04741980474198047,-0.2037839236595812,-0.02496769610136039,0.1736698362382126,Insurance Brokers,Financial Services,AJG
2010Q2,2010,Q2,2010-07-30,2010-06-30,44000000.0,459500000.0,71700000.0,0.418239,372100000.0,0.8097932535364527,3555800000.0,965400000.0,1823600000.0,1689900000.0,2590400000.0,0.0,456300000.0,2503826000.0,2823826000.0,9.400194741966894,1.0791171075211552,0.15467686596546487,0.5697120364615703,0.0310245176129143,9.400194741966894,0.045576962916925624,5.449022850924918,14.226284090909092,2.5935632898280505,0.7522727272727273,0.0,0.013219768466339115,0.1292254907475111,0.6781466358956151,0.01237414927723719,31.65393173198483,0.8097932535364527,0.4937107142857142,-0.22103213392833646,0.13551058554569612,0.19171817250300577,0.1034994068801898,0.5068493150684932,0.34269662921348315,-0.047928165112732464,-0.012049736216969276,0.16881998605609694,Insurance Brokers,Financial Services,AJG
2010Q1,2010,Q1,2010-04-26,2010-03-31,29200000.0,482400000.0,53400000.0,0.28,337200000.0,0.6990049751243781,3232100000.0,916700000.0,1521900000.0,1420500000.0,2315400000.0,0.0,446200000.0,2522193350.0,2880093350.0,8.922783417853354,1.0713833157338966,0.18099687509668635,0.638158612414094,0.02420380445285553,8.922783417853354,0.031853387149558196,5.2284273424543946,21.594121147260278,2.751383604232573,1.1232876712328768,0.0,0.013004554151250935,0.14925280777203676,0.6283702921506512,0.009034373936449985,-1008.87734,0.6990049751243781,0.7500000000000001,1.3552760933256762,0.2448619211359634,0.2089606945238543,-0.029081485747192628,0.7380952380952381,0.35877862595419846,0.4211043733027048,0.19745742941502498,0.01780799443194148,Insurance Brokers,Financial Services,AJG
2009Q4,2009,Q4,2010-02-05,2009-12-31,16800000.0,435100000.0,39300000.0,0.16,347300000.0,0.7982073086646748,3250300000.0,892900000.0,1540000000.0,1474400000.0,2357400000.0,0.0,450300000.0,2312609870.0,2656709870.0,8.691123937821818,1.0444926749864352,0.1692151493708273,0.6159704334191959,0.017381388358970056,8.691123937821818,0.018815096875349983,5.315122661457136,34.41383735119048,2.589998734460746,1.9404761904761905,0.0,0.014096627547473019,0.13386456634772176,0.6102143244709712,0.005168753653508907,231.260987,0.7982073086646748,-0.6097560975609756,-0.6919347995267691,0.01252372097530844,0.05641125394023404,-0.03205128205128205,-0.5961538461538461,-0.4472573839662447,-0.3419142461084032,0.011028417465946416,-0.004257296789306941,Insurance Brokers,Financial Services,AJG
2009Q3,2009,Q3,2009-10-29,2009-09-30,41600000.0,439500000.0,71100000.0,0.41,358800000.0,0.816382252559727,3241100000.0,869100000.0,1565600000.0,1630500000.0,2372000000.0,0.0,466300000.0,2469948240.0,2763248240.0,8.575065119583234,0.960196258816314,0.16383326648360125,0.6109768726268554,0.03347915719400165,8.575065119583234,0.047865608100333676,5.619904982935154,14.843438942307694,2.841960925094926,0.7788461538461539,0.0,0.013117683794053918,0.1356021103946191,0.5538178472861086,0.012835148560673845,21.68523476733977,0.816382252559727,-0.05809487052250471,-0.30432083524861525,0.07192552679727185,0.0642752369044684,-0.04447403462050599,-0.0502283105022831,-0.13818181818181818,-0.2106717145939881,-0.006109431609989001,-0.021253726419470792,Insurance Brokers,Financial Services,AJG
2009Q2,2009,Q2,2009-07-30,2009-06-30,43800000.0,453600000.0,82500000.0,0.435288,375500000.0,0.8278218694885362,3652500000.0,839800000.0,1980700000.0,2070600000.0,2812700000.0,0.0,457500000.0,2147294820.0,2514194820.0,8.34600439263389,0.9565826330532213,0.1623545516769336,0.7061205048821148,0.03403488427291654,8.34600439263389,0.05215527506549179,4.733895105820106,12.256248972602739,2.556912145748988,0.7328767123287672,0.0,0.014949041790172063,0.12418891170431212,0.6088090408577224,0.011991786447638604,20.766874468085106,0.8278218694885362,0.6121777777777777,-0.14649381283023258,0.07542945992783241,0.08268274882556291,0.16110080395794682,0.6590909090909091,0.6240157480314961,0.14549513856542595,0.17156895837368163,0.003310032543683237,Insurance Brokers,Financial Services,AJG
2009Q1,2009,Q1,2009-05-01,2009-03-31,26400000.0,401100000.0,50800000.0,0.27,323400000.0,0.806282722513089,3108600000.0,798200000.0,1444500000.0,1580100000.0,2310400000.0,0.0,446200000.0,1666000000.0,2095500000.0,8.144897959183673,0.9141826466679324,0.20009007270153767,0.7792533199699323,0.02327080369123986,8.144897959183673,0.033074417439238286,4.153577661431065,15.77651515151515,2.0871961914307193,1.1666666666666667,0.0,0.018487394957983194,0.12902914495271184,0.48585532561230305,0.008492569002123142,-42.391857506361326,0.806282722513089,4.625000000000001,-0.3735168505325009,0.08421902254758412,0.13708200414462077,0.24289008455034589,4.617021276595745,7.271604938271605,0.4965986394557824,0.1872410032715376,-0.0065922376140082365,Insurance Brokers,Financial Services,AJG
2008Q4,2008,Q4,2009-02-06,2008-12-31,4700000.0,378300000.0,-8100000.0,0.048,260200000.0,0.6878139043087497,3271300000.0,738500000.0,1702000000.0,1858600000.0,2532800000.0,0.0,452000000.0,2539180000.0,2876780000.0,7.535714285714286,0.9157430323899709,0.162626478769908,0.7203791469194313,-0.004144037780401417,7.535714285714286,0.006364251861882194,6.71208035950304,135.0627659574468,3.4382938388625592,6.468085106382978,0.0,0.01197236903252231,0.11564209947115825,0.5493920154955343,0.001436737688380766,77.88895705521472,0.6878139043087497,-0.88,-0.911816400116144,-0.04455865929255424,0.10114564206105636,-0.2074322266219921,-0.8756613756613757,-1.143362831858407,0.8224489795918368,-0.024941803363195833,-0.06918104649218934,Insurance Brokers,Financial Services,AJG
2008Q3,2008,Q3,2008-10-30,2008-09-30,37800000.0,428200000.0,56500000.0,0.4,328300000.0,0.766697804764129,3197200000.0,775000000.0,1743800000.0,1818000000.0,2422200000.0,0.0,478400000.0,2424870000.0,2693270000.0,8.201058201058201,0.9591859185918592,0.16201676466908546,0.6683870967741935,0.03688578487088684,8.201058201058201,0.0487741935483871,5.662937879495563,16.037499999999998,3.1288645161290325,0.791005291005291,0.0,0.012330557926816695,0.13392968847741774,0.5713421342134214,0.011822844989365694,25.96220556745182,0.766697804764129,-0.09090909090909087,-0.2592592556237219,0.18935324221148672,0.2574523961821626,-0.037243401759530795,-0.07352941176470588,-0.26240208877284593,-0.2452830178217822,0.10733015888757255,-0.0039240479394081216,Insurance Brokers,Financial Services,AJG
2008Q2,2008,Q2,2008-07-31,2008-06-30,40800000.0,428900000.0,76600000.0,0.44,341000000.0,0.7950571228724644,3509500000.0,726200000.0,2132800000.0,2162400000.0,2783300000.0,0.0,470900000.0,2234727279.3,2506827279.3,7.8315686044169555,0.9863115057343692,0.1438951417580852,0.6954007160561829,0.03743716755412661,7.8315686044169555,0.05618286973285596,5.210369035439497,13.693181858455883,3.0772890103277333,0.7279411764705882,0.0,0.013290212311411505,0.12221114118820345,0.6212079171291158,0.01162558769055421,30.11761831940701,0.7950571228724644,7.285714285714286,0.09999999676470583,0.39999327413012686,0.23800342130957983,1.4603174603174602,7.8,1.1948424068767909,-0.20000000389734268,0.1738826219752525,-0.007145821839128151,Insurance Brokers,Financial Services,AJG
2008Q1,2008,Q1,2008-04-29,2008-03-31,-6000000.0,375800000.0,34900000.0,-0.07,138600000.0,0.3688131985098457,3340900000.0,698600000.0,2020800000.0,2022400000.0,2642300000.0,0.0,460100000.0,2024571435.3200002,2239371435.32,8.150333306165555,0.9992088607594937,0.11972821694752911,0.572573718866304,0.019249575498928344,8.150333306165555,-0.00858860578299456,5.387364117402874,-84.35714313833334,2.8980409895791586,-4.75,0.0,0.014077053297699689,0.1124846598222036,0.6215387658227848,-0.0017959232542129366,-28.276137364804473,0.3688131985098457,-1.2592592592592593,-1.538461534871795,0.5933373606678781,0.3804375349043517,-0.29141104294478526,-1.2564102564102564,2.207612456747405,0.9125000002916667,0.162369825111772,0.10430032345146312,Insurance Brokers,Financial Services,AJG
2007Q4,2007,Q4,2008-02-04,2007-12-31,23400000.0,370200000.0,-28900000.0,0.27,195600000.0,0.5283630470016207,3556800000.0,715500000.0,2275800000.0,2232200000.0,2841300000.0,0.0,495900000.0,2073428578.3400002,2217528578.34,8.347499972175001,1.0195322999731207,0.11246063877642826,0.5590496156533893,-0.0181353653070372,8.347499972175001,0.03270440251572327,5.600833544948677,22.152014725854702,2.8978736245143253,1.2435897435897436,0.0,0.014034725046231223,0.10408232118758434,0.7020428277036108,0.006578947368421052,23.428571506666668,0.5283630470016207,-0.5,-0.3419162815135926,0.2995446943402054,0.45892485425971263,-0.4150717703349282,-0.5482625482625483,-1.3563501849568433,-0.4856924660728106,0.03258593607730232,0.014643557721665644,Insurance Brokers,Financial Services,AJG
2007Q3,2007,Q3,2007-10-25,2007-09-30,51800000.0,424100000.0,81100000.0,0.54,334400000.0,0.7884932798868192,3570900000.0,769300000.0,2370100000.0,2180400000.0,2801600000.0,0.0,501000000.0,2707727267.5,2759827267.5,8.168243259012053,1.0870023848835075,0.11299672351508024,0.5245027947484726,0.05477077779307526,8.168243259012053,0.06733393994540492,6.3846434036783775,13.068181792953668,3.5197286721695047,0.5694980694980695,0.0,0.010894745698386702,0.11876557730544121,0.7483489268024216,0.014506146909742642,40.29356052827381,0.7884932798868192,0.22727272727272735,1.1153846158383658,0.4442994312023216,0.5012226497790229,-0.04647847162817223,0.182648401826484,-0.1673511293634497,-0.06779660665626196,0.11311301334111995,0.013783441682002058,Insurance Brokers,Financial Services,AJG
2007Q2,2007,Q2,2007-07-26,2007-06-30,43800000.0,440800000.0,97400000.0,0.44,350700000.0,0.7955989110707804,3701700000.0,782800000.0,2545100000.0,2699400000.0,2918900000.0,0.0,478400000.0,2713653324.04,2735753324.04,8.04246578096735,0.9428391494406164,0.0629440527325283,0.29764946346448645,0.0734224428849355,8.04246578096735,0.05595298926928973,6.156200825862069,15.48888883584475,3.4665985233009704,0.7009132420091324,0.0,0.011313162122822242,0.11908042250857714,0.6466992665036675,0.011832401329119054,25.36124601906542,0.7955989110707804,1.2,0.15384615177080185,0.6094047297661532,0.47202102400872903,0.1475785340314136,1.2121212121212122,0.46466165413533833,-0.11764705446197449,0.0804038802496503,0.043306299569931435,Insurance Brokers,Financial Services,AJG
2007Q1,2007,Q1,2007-04-26,2007-03-31,19800000.0,388200000.0,66500000.0,0.2,305600000.0,0.7872230808861411,3391700000.0,867900000.0,2268900000.0,2312500000.0,2523800000.0,0.0,464100000.0,2804670000.0,2769670000.0,8.766666666666667,0.981145945945946,0.036500869770321666,0.1426431616545685,0.06175442216911997,8.766666666666667,0.022813688212927757,7.224806800618238,35.412499999999994,3.231558935361216,1.4898989898989898,0.0,0.010518171478284433,0.1144558775835127,0.6640864864864865,0.005837780464074063,-54.885909980430526,0.7872230808861411,-0.19999999999999996,-0.48717948626577573,0.3588813129002356,0.8710247076348622,-0.05474791215589236,-0.1951219512195122,0.06230031948881789,-0.5348837223650386,0.038749368685389834,0.22388505699588487,Insurance Brokers,Financial Services,AJG
