Quarters,Year,Quarter,FillingDate,Date,NetIncome,Revenue,OperatingIncome,EPSDiluted,GrossProfit,GrossProfitRatio,TotalAssets,CommonStockEquity,CurrentAssets,CurrentLiability,TotalLiability,Inventory,RetainedEarnings,MarketCap,EnterpriseValue,bookValuePerShare,currentRatio,debtToAssets,debtToEquity,roic,shareholdersEquityPerShare,roe,priceToSalesRatio,peRatio,pbRatio,payoutRatio,inventoryTurnover,dividendYield,assetTurnover,quickRatio,returnOnAssets,priceToFreeCashFlowsRatio,grossProfitMargin,epsdilutedGrowth,fiveYNetIncomeGrowthPerShare,fiveYRevenueGrowthPerShare,fiveYShareholdersEquityGrowthPerShare,grossProfitGrowth,netIncomeGrowth,operatingIncomeGrowth,threeYNetIncomeGrowthPerShare,threeYRevenueGrowthPerShare,threeYShareholdersEquityGrowthPerShare,Industry,Sector,Symbol
2023Q3,2023,Q3,2023-02-15,2023-03-31,11700000.0,131596000.0,15383000.0,0.61,131596000.0,1.0,288744000.0,121297000.0,150940000.0,85475000.0,167447000.0,0.0,-69819000.0,444373092.79999995,484988092.79999995,6.66027454846834,1.7658964609534953,0.2919229490482919,0.6949141363760027,0.04563758749976094,6.66027454846834,0.09645745566666941,3.376797872275753,9.495151555555555,3.6635126408732286,0.0,0.0,0.0,0.45575319313994406,1.7549692892658673,0.040520322500207796,33.3188192846967,1.0,5.1,3.8652245254433453,0.3406812009063485,6.307471568197275,-0.05591505846904369,5.273458445040214,0.18458339750500538,3.8652245254433453,0.3406812009063485,6.307471568197275,Information Technology Services,Technology,IBEX
2023Q2,2023,Q2,2022-12-31,2022-12-31,1865000.0,139390000.0,12986000.0,0.1,139390000.0,1.0,288566000.0,108509000.0,146397000.0,96111000.0,180057000.0,0.0,-81519000.0,451001506.90000004,503449506.90000004,5.978801863732753,1.5232075412803945,0.3137237235155909,0.8343086748564635,0.02161689986363681,5.978801863732753,0.01718751439972721,3.2355370320682977,60.45596607238606,4.156351149674221,0.0,0.0,0.0,0.4830437404268001,1.5136040619700137,0.006462992868182669,1440.8993830670927,1.0,-0.5652173913043478,1.1883660854194902,0.4396656475582099,3.267667274667028,0.09004035159060339,-0.5668834184858337,0.7874741913282863,-0.6178429492571997,0.2605890004045236,0.0,Information Technology Services,Technology,IBEX
2023Q1,2023,Q1,2022-09-30,2022-09-30,4306000.0,127876000.0,7265000.0,0.23,127876000.0,1.0,279464000.0,103392000.0,142736000.0,97571000.0,176072000.0,0.0,-83384000.0,336870514.89,382963514.89,5.699487949032712,1.4628936876735916,0.31826639567171444,0.8602599814298979,0.021188150008619906,5.699487949032712,0.04164732281027546,2.634352926976133,19.55820453379006,3.258187431232591,0.0,0.0,0.0,0.45757593106804456,1.4534031628250197,0.015408066870867088,64.20249950257289,1.0,-0.11538461538461538,1.873386071638067,0.39511939522623774,3.200490564159775,0.033700598996014776,-0.1235497659271321,0.19470481828646605,-0.06308785532444765,0.23319427021367545,0.0,Information Technology Services,Technology,IBEX
2022Q4,2022,Q4,2022-06-30,2022-06-30,4913000.0,123707000.0,6081000.0,0.26,123707000.0,1.0,290137000.0,100289000.0,143277000.0,102367000.0,189848000.0,0.0,-87690000.0,306149016.67,362054016.67,5.526313454809111,1.399640509148456,0.3609880849391839,1.0443418520475825,0.02613194586022592,5.526313454809111,0.04898842345621155,2.474791375346585,15.578517029818848,3.052667956306275,0.0,0.0,0.0,0.4263744369039454,1.2930827317397209,0.016933379748187927,12.176796462890781,1.0,-0.25714285714285706,2.0306331260952124,0.37170682705663627,10.331128640288819,5.024202580959337,-0.2553804183085784,-0.34372976473127564,2.0306331260952124,0.37170682705663627,10.331128640288819,Information Technology Services,Technology,IBEX
2022Q3,2022,Q3,2021-09-30,2022-03-31,6598000.0,20535000.0,9266000.0,0.35,20535000.0,1.0,296375000.0,96855000.0,147769000.0,111518000.0,199520000.0,-4000.0,-92603000.0,290915074.08,367412074.08,5.306939507629106,1.3250685987912265,0.3979654154365247,1.2177688296938722,0.05393618513613024,5.306939507629106,0.06812245108667596,14.166792017531044,11.022850639587753,3.0036144141242063,0.0,0.0,0.0,0.06928722058203289,1.3175720511486935,0.02226233656684943,49.10787881161377,1.0,-0.2222222222222223,1.7378481456749495,-0.7912350634329185,4.822629275104105,-0.8446483689402651,-0.22055522740696987,0.1687689202825429,1.7378481456749495,-0.7912350634329185,4.822629275104105,Information Technology Services,Technology,IBEX
2022Q2,2022,Q2,2021-12-31,2021-12-31,8465000.0,132184000.0,7928000.0,0.45,132184000.0,1.0,303670000.0,92167000.0,157427000.0,125149000.0,211503000.0,0.0,-99201000.0,235813578.56,311342578.56,5.038016204387989,1.25791656345636,0.41841472651233247,1.3785845259149154,0.022178614825829102,5.038016204387989,0.09184415246237808,1.7839797445984387,6.964370305965742,2.5585467527423047,0.0,0.0,0.0,0.4352883063852208,1.250972840374274,0.02787565449336451,-27.973140991696322,1.0,0.2857142857142858,1.9578466269870545,0.6225171684628386,0.0,0.023825014716361496,0.2829645347074871,-0.14439887761709475,0.7207814324640252,0.18592300386579536,0.0,Information Technology Services,Technology,IBEX
2022Q1,2022,Q1,2022-03-31,2021-09-30,6598000.0,129108000.0,9266000.0,0.35,129108000.0,1.0,296375000.0,96855000.0,147769000.0,111518000.0,199520000.0,0.0,-92603000.0,310260744.0,386757744.0,5.306939507629106,1.3250685987912265,0.3979654154365247,1.2177688296938722,0.05393618513613024,5.306939507629106,0.06812245108667596,2.403110140347616,11.755863291906639,3.2033528883382374,0.0,0.0,0.0,0.4356237874314635,1.3173389049301458,0.02226233656684943,197.11610165184243,1.0,0.6666666666666666,1.3290652834292358,0.4303907497312288,0.0,0.1858042947151858,0.6384405264464862,0.5510545698024774,0.42695521381005824,0.23756721921091606,0.0,Information Technology Services,Technology,IBEX
2021Q4,2021,Q4,2021-06-30,2021-06-30,4027000.0,108878000.0,5974000.0,0.21,108878000.0,1.0,274287000.0,80659000.0,141374000.0,105715000.0,193628000.0,0.0,-110680000.0,354724701.44,409398701.44,4.438551004789028,1.3373125857257722,0.4102126604614874,1.3949590250313046,0.02246827084142222,4.438551004789028,0.0499262326584758,3.2580016297139918,22.02164771790415,4.397831629948301,0.0,0.0,0.0,0.39694918096738085,1.2340349051695596,0.014681702012855149,-111.75951526149969,1.0,2.0,1.843616626411438,0.20562800513957522,8.100785328776634,1.9823869394910565,2.1764534034472685,7.543263964950712,1.843616626411438,0.20562800513957522,8.100785328776634,Information Technology Services,Technology,IBEX
2021Q3,2021,Q3,2020-09-30,2021-03-31,-3423000.0,108771000.0,-913000.0,-0.21,36507000.0,0.3356317401,273558000.0,72478000.0,155476000.0,114998000.0,201080000.0,0.0,-116950000.0,360099146.0,395646146.0,4.427991617619665,1.3519887302387867,0.4215778737964161,1.5911862910124452,-0.003681852646262809,4.427991617619665,-0.04722812439636855,3.3106172233407802,-26.299966841951505,4.968392422528216,-1.1685655857434998,0.0,0.01110805189190868,0.39761586208409183,1.3519887302387867,-0.012512885750005483,47.418902554648405,0.3356317400777781,-2.615384615384615,-2.583734735071816,0.23297556418716145,3.8582716244652078,-0.04484445723555114,-2.3758038585209005,-1.1441427218187559,-2.583734735071816,0.23297556418716145,3.8582716244652078,Information Technology Services,Technology,IBEX
2021Q2,2021,Q2,2020-12-31,2020-12-31,2488000.0,117181000.0,6334000.0,0.13,38221000.0,0.3261706249,279419000.0,75429000.0,150593000.0,112070000.0,203990000.0,0.0,-114470000.0,336385099.59999996,387133099.59999996,4.193177110630854,1.3437405193182832,0.4486559611193226,1.6620000265150008,0.01400079312103433,4.193177110630854,0.03298466107200149,2.870645408385318,33.80075357717042,4.459625602884832,0.0,0.0,0.0,0.4193737720054828,1.3437405193182832,0.008904190480962283,-162.19146557377047,0.32617062493066284,10.629629629629632,1.286312385679766,0.46281147622624846,0.0,0.04870218954069034,11.155102040816326,-0.0735702793622934,1.2535307893502516,0.22107876822297895,1.993088772597271,Information Technology Services,Technology,IBEX
2021Q1,2021,Q1,2021-03-31,2020-09-30,-245000.0,108832000.0,6837000.0,-0.0135,36446000.0,0.3348831226,273660000.0,76022000.0,139656000.0,99906000.0,197638000.0,0.0,-114707000.0,278119339.16,326787339.16,4.204016748822193,1.3978740015614677,0.40641672147920777,1.4629975533398227,-0.06559659728604315,4.204016748822193,-0.003222751308831654,2.5554923107174363,-283.7952440408163,3.658405976690958,-16.3265306122449,0.0,0.01438231520354228,0.3976905649345904,1.3978740015614677,-0.0008952715047869619,101.94990438416423,0.3348831226109968,0.9386363636363636,-1.0872847736399538,0.21691769030383007,0.0,0.14354742555928587,0.9356110381077529,2.8302521008403363,0.9501489208786786,0.19111909517114017,2.098336700228353,Information Technology Services,Technology,IBEX
2020Q4,2020,Q4,2020-06-30,2020-06-30,-3805000.0,100880000.0,1785000.0,-0.22,31871000.0,0.3159298176,195236000.0,16148000.0,86036000.0,105653000.0,179088000.0,0.0,-109527000.0,269820843.6,353920843.6,0.9216456248600952,0.814326143128922,0.5427789956770268,6.562422591032945,0.01161054975739632,0.9216456248600952,-0.23563289571463958,2.6746713283108647,-17.72804491458607,16.709242234332425,0.0,0.0,0.0,0.5167079841832449,0.7521509091081181,-0.01948923354299412,15.592074175093904,0.3159298176050753,-2.692307692307692,0.1732484734045897,0.1586042306922619,0.8897381086773406,0.08804451727434112,-2.6288527397260273,-0.6113651208360549,0.1732484734045897,0.1586042306922619,0.8897381086773406,Information Technology Services,Technology,IBEX
2020Q3,2020,Q3,2020-03-31,2020-03-31,2336000.0,95347000.0,4593000.0,0.13,29292000.0,0.3072147,192187000.0,16124000.0,76287000.0,101314000.0,176063000.0,0.0,-109722000.0,272438520.2,377829520.2,0.9114335220207234,0.7529758967171368,0.6080640209795668,7.247705284048624,0.022084165314292376,0.9114335220207234,0.14487720168692633,2.8573370971294323,29.156519713184935,16.896459947903747,0.0,0.0,0.0,0.4961157622523896,0.6998736601062044,0.01215482837028519,22.347512115495036,0.3072146999905608,-0.5806451612903225,0.0,0.0,0.0,-0.15338593600971126,-0.5089342022282951,-0.39668987258636546,0.0,0.0,0.0,Information Technology Services,Technology,IBEX
2020Q2,2020,Q2,2019-12-31,2019-12-31,4757000.0,107784000.0,7613000.0,0.31,34599000.0,0.3210031173,,,,,,,,272438520.2,,,0.0,0.0,0.0,0.0,,0.0,2.5276341590588585,14.3177696132016,0.0,0.025436199285263823,0.0,0.00044413690072597886,0.0,0.0,0.0,16.492434178824382,0.3210031173458027,0.24,1.5566346828925812,0.36814714207740445,0.0,0.04471888399057914,0.061356537260151715,-0.053227210545951996,1.5566346828925812,0.36814714207740445,0.0,Information Technology Services,Technology,IBEX
2020Q1,2020,Q1,2020-03-31,2019-09-30,4482000.0,101124000.0,8041000.0,0.25,33118000.0,0.3274989122,,,,,,,,272438520.2,,,0.0,0.0,0.0,0.0,,0.0,2.6941034788971954,15.19625837795627,0.0,0.0,0.0,0.0,0.0,0.0,0.0,620.5888842824601,0.3274989122265733,1.9615384615384615,0.6321922796795341,0.1558085310656974,0.0,0.3344884554942177,1.9644932214331827,4.027484939759036,0.6321922796795341,0.1558085310656974,0.0,Information Technology Services,Technology,IBEX
2019Q4,2019,Q4,2019-06-30,2019-06-30,-4647000.0,87915000.0,-2656000.0,-0.26,24817000.0,0.2822840243,188302000.0,8628000.0,81775000.0,111381000.0,179674000.0,0.0,-117176000.0,272438520.2,381818520.2,0.48771076829538584,0.734191648485828,0.6279965162345594,13.705725544738062,-0.013898998649472721,0.48771076829538584,-0.5385952712100139,3.0988855166922593,-14.656688196686035,31.5760918173389,-0.3443081557994405,0.0,0.005872884637698895,0.4668829858418923,0.6805110386870292,-0.02467844207708893,89.79516156888596,0.2822840243416937,0.0,0.0,0.0,0.0,0.0,0.0,0.0,0.0,0.0,0.0,Information Technology Services,Technology,IBEX
2018Q2,2018,Q2,2017-12-31,2017-12-31,-9651000.0,94377000.0,-8542000.0,-0.55,94377000.0,1.0,156281000.0,24784000.0,85106000.0,113680000.0,131497000.0,0.0,-124493000.0,272438520.2,316376520.2,1.4009531387845204,0.7486453201970443,0.35769543322604797,2.2555277598450614,-0.09879417877923001,1.4009531387845204,-0.38940445448676564,2.886704601756784,-7.057261428867475,10.992516147514527,0.0,0.0,0.0,0.603892987631254,0.6455577058409571,-0.06175414797704135,155.7681647798742,1.0,-1.037037037037037,-0.12930025743037682,0.19796651476878938,0.0,0.05582467249152561,-1.007279534109817,-0.7176754474160466,-0.12930025743037682,0.19796651476878938,0.0,Information Technology Services,Technology,IBEX
2018Q1,2018,Q1,2017-09-30,2017-09-30,-4808000.0,89387000.0,-4973000.0,-0.27,89387000.0,1.0,155746000.0,24004000.0,90032000.0,110238000.0,131742000.0,0.0,-114842000.0,272438520.2,318324520.2,1.356862457366996,0.8167056731798472,0.36943484904909274,2.3970171638060322,-0.04708934973267418,1.356862457366996,-0.20029995000833195,3.0478539407296363,-14.165896433028287,11.349713389435095,0.0,0.0,0.0,0.5739280623579418,0.704276202398447,-0.03087077677757374,-30.45026491561417,1.0,0.0,-2.750910415149308,0.021659123119828056,0.0,0.0,0.0,0.0,-2.750910415149308,0.021659123119828056,0.0,Information Technology Services,Technology,IBEX
2017Q2,2017,Q2,2016-12-31,2016-12-31,-8546000.0,78781000.0,-7202000.0,-0.48,78781000.0,1.0,,,,,,,,272438520.2,,,0.0,0.0,0.0,0.0,,0.0,3.4581754509336005,-7.969767148373508,0.0,0.0,0.0,0.0,0.0,0.0,0.0,-90.15172739907345,1.0,-4.0,0.0,0.0,0.0,-0.09956338865267682,-4.112163146394756,-2.9443844492440605,0.0,0.0,0.0,Information Technology Services,Technology,IBEX
2017Q1,2017,Q1,2016-09-30,2016-09-30,2746000.0,87492000.0,3704000.0,0.16,87492000.0,1.0,,,,,,,,272438520.2,,,0.0,0.0,0.0,0.0,,0.0,3.1138677844831526,24.80321560451566,0.0,0.0,0.0,0.0,0.0,0.0,0.0,472.9835420138889,1.0,0.0,0.0,0.0,0.0,0.0,0.0,0.0,0.0,0.0,0.0,Information Technology Services,Technology,IBEX
