Quarters,Year,Quarter,FillingDate,Date,NetIncome,Revenue,OperatingIncome,EPSDiluted,GrossProfit,GrossProfitRatio,TotalAssets,CommonStockEquity,CurrentAssets,CurrentLiability,TotalLiability,Inventory,RetainedEarnings,MarketCap,EnterpriseValue,bookValuePerShare,currentRatio,debtToAssets,debtToEquity,roic,shareholdersEquityPerShare,roe,priceToSalesRatio,peRatio,pbRatio,payoutRatio,inventoryTurnover,dividendYield,assetTurnover,quickRatio,returnOnAssets,priceToFreeCashFlowsRatio,grossProfitMargin,epsdilutedGrowth,fiveYNetIncomeGrowthPerShare,fiveYRevenueGrowthPerShare,fiveYShareholdersEquityGrowthPerShare,grossProfitGrowth,netIncomeGrowth,operatingIncomeGrowth,threeYNetIncomeGrowthPerShare,threeYRevenueGrowthPerShare,threeYShareholdersEquityGrowthPerShare,Industry,Sector,Symbol
2023Q1,2023,Q1,2023-05-05,2023-03-31,340191000.0,428558000.0,116934000.0,3.98,220934000.0,0.5155288199,3342866000.0,1048066000.0,395941000.0,345300000.0,2294800000.0,113141000.0,-660568000.0,2577192375.15,4328068375.15,12.34242480565644,1.14665797856936,0.5255816416212914,1.6763724803590614,0.04160285110911164,12.34242480565644,0.3245892911324287,6.01363730265215,1.8939304502103231,2.4589981691515614,0.07482267314538009,1.8350907274993151,0.009876639495535718,0.12820077143385347,0.8122560092673038,0.10176626882441593,-13.429031926872733,0.5155288199030237,1.441717791411043,2.509654359561508,-0.6211864374000967,1.164679150488827,-0.14316186280289162,1.3450450823062288,-0.3020324111379712,-0.5608954822108387,0.5646441319910425,-0.506229944550827,Oil & Gas E&P,Energy,NOG
2022Q4,2022,Q4,2023-02-24,2022-12-31,145068000.0,445647000.0,167535000.0,1.63,257848000.0,0.5785924734,2875178000.0,745260000.0,320485000.0,344972000.0,2129918000.0,44269000.0,-1000759000.0,2505711521.14,4028596521.14,9.166623135272191,0.9290174275013624,0.530545587090608,2.0468199017792448,0.07379582491133585,9.166623135272191,0.1946542146365027,5.622637471227226,4.318167206310144,3.3621977848536084,0.24394766592218822,4.242223677968782,0.0141233337123738,0.15499805577254694,0.7948529155989471,0.05045531094074871,-10.339013105320706,0.5785924734150573,-0.7592319054652881,1.4838716836129673,-0.5108992490245545,1.1207787338210684,-0.2783915997805913,-0.7513681197672525,-0.40393852065321806,1.3096059082052665,0.3712641052626109,-0.34030001744409283,Oil & Gas E&P,Energy,NOG
2022Q3,2022,Q3,2022-11-09,2022-09-30,583465000.0,534050000.0,281070000.0,6.77,357324000.0,0.6690834192,2471476000.0,709097000.0,376694000.0,381746000.0,1762379000.0,0.0,-1145827000.0,2154142608.01,3314233608.01,9.022777181848387,0.9867660695855359,0.47308571881741923,1.6488858364934558,0.1492981874434391,9.022777181848387,0.8228281885270986,4.0335972437224985,0.9229956415594766,3.0378673270511647,0.02572562193104985,0.0,0.006967969504055379,0.21608544853358883,0.8572925453049933,0.23607957350182643,-87.92777697089679,0.6690834191555097,1.4708029197080288,2.596959183364286,-0.2255122399182136,1.1185706969285085,-0.07516467588937921,1.3221193644931228,0.040599176613452595,2.1153665805951314,0.7034356990530815,-0.3049354491639497,Oil & Gas E&P,Energy,NOG
2022Q2,2022,Q2,2022-08-04,2022-06-30,251264000.0,549643000.0,270104000.0,2.74,386365000.0,0.7029380889,2192235000.0,152650000.0,382795000.0,635932000.0,2039585000.0,0.0,-1729292000.0,1954282943.0400002,3055025943.04,1.973070999638294,0.6019432895341011,0.5027809518596318,7.22053062561415,0.2143872781975573,1.973070999638294,1.6460137569603668,3.5555495895335705,1.9444517947656648,12.802377615722241,0.06642813932755985,0.0,0.008540728485321673,0.2507226643129044,0.5697621758301202,0.11461544952981774,19.728076064647038,0.7029380889049801,2.0185873605947955,-0.3395955540260991,-0.09495300522903113,1.026703724265388,0.23000347004460123,2.2164213787761424,-0.10056476104214396,1.767692983249272,0.7938564411190877,-0.8084045508757131,Oil & Gas E&P,Energy,NOG
2022Q1,2022,Q1,2022-05-06,2022-03-31,-206560000.0,456458000.0,300304000.0,-2.69,314117000.0,0.68816189,2024469000.0,-35302000.0,323456000.0,625529000.0,2059771000.0,0.0,-1980556000.0,2168446487.17,3284611487.17,-0.45892918542747607,0.5170919333875807,0.5529845110001684,-31.712084301172737,0.2780446685124088,-0.45892918542747607,5.851226559401733,4.750593673831984,-2.624475318515201,-61.425598752761886,-0.02989930286599535,0.0,0.0028481219327022383,0.22547048139536838,0.481334998057644,-0.10203169324894577,-8.227368911539848,0.6881618900315034,-2.262910798122066,-1.486709202992248,-0.2536813757015202,0.9940012734389266,0.4683030121720921,-2.182180303099675,0.57817180454684,0.06921267566915595,0.6611580218237749,-1.0545045993953859,Oil & Gas E&P,Energy,NOG
2021Q4,2021,Q4,2022-02-25,2021-12-31,174728000.0,332373000.0,190286000.0,2.13,213932000.0,0.6436503567,1522866000.0,215134000.0,215328000.0,327557000.0,1307732000.0,0.0,-1773996000.0,1454185495.9799998,2248103495.9799995,3.044630641853749,0.6573756628617309,0.5275822035556641,3.7345886749653703,0.18656783995315032,3.044630641853749,0.8121821748305708,4.375161327725175,2.08064176316904,6.759440609015776,0.05822192207316515,0.0,0.006995668728729992,0.218254921969497,0.6199623271674853,0.11473629327859444,-15.169097125958377,0.6436503566775882,2.23121387283237,2.229547967855716,-0.3875022067967842,1.0382969586686166,0.33193871134437825,2.513648373543553,0.2266307395780286,-0.5708989811376528,0.16788284983481555,-0.7317050689781011,Oil & Gas E&P,Energy,NOG
2021Q3,2021,Q3,2021-11-05,2021-09-30,-115435000.0,259670000.0,155129000.0,-1.73,160617000.0,0.6185427658,1244062000.0,-157711000.0,167583000.0,355172000.0,1401773000.0,0.0,-1948723000.0,1409328650.6,2265737650.6,-2.3947681745937253,0.47183618078001643,0.6900098226615715,-5.442962126928369,-2.035700012030596,-2.3947681745937253,0.7319400675919879,5.427383412022952,-3.052212610126911,-8.936146816645635,-0.017109195651232294,0.0,0.001401376463296318,0.20872753930270357,0.450635185206041,-0.09278878383874758,-21.268711809003516,0.6185427658181538,0.6403326403326403,0.8752715748855183,-0.42135043925270443,0.9691951093606972,0.20225904967214586,0.6048072907038049,0.23122162608336772,-1.551013747319567,-0.18515131801835655,-7.41990592627465,Oil & Gas E&P,Energy,NOG
2021Q2,2021,Q2,2021-08-05,2021-06-30,-292098000.0,225717000.0,125996000.0,-4.81,133596000.0,0.5918738952,1091810000.0,-168217000.0,139664000.0,300837000.0,1260027000.0,0.0,-1961276000.0,1260630892.1499999,2057785892.1499999,-2.7715226651642864,0.46425140524603026,0.734558210677682,-4.767639418132531,0.6412026744837828,-2.7715226651642864,1.7364356753479138,5.585006411346951,-1.0789451589449433,-7.494075462943697,0.0,0.0,0.0,0.20673652009049193,0.4520986447810608,-0.2675355602165212,-20.079175766529154,0.5918738951873364,-0.0981735159817351,0.8587047705419564,-0.46512061485532685,0.9605482307349719,0.7052051157685141,-0.223339517780635,0.7605320888118826,0.5888446467927114,-0.33110199396847995,0.6322505767956724,Oil & Gas E&P,Energy,NOG
2021Q1,2021,Q1,2021-05-07,2021-03-31,-238771000.0,157332000.0,71567000.0,-4.38,78346000.0,0.4979660845,873243000.0,-180683000.0,102424000.0,155968000.0,1053926000.0,0.0,-1870714000.0,658820235.92,1473152235.92,-3.3129684259805243,0.6566988100123102,0.9356628109243361,-4.522069038038996,0.29717853006194533,-3.3129684259805243,1.3214912304976119,4.187452240612208,-0.6898034475711037,-3.6462768269289305,0.0,0.0,0.0,0.18016978092008754,0.6253398132950349,-0.27343019068002833,23.87548872653475,0.4979660844583429,0.3261538461538462,0.8826346481091514,-0.3801375766366989,0.9373740418127834,1.6549866142532788,0.19336846728151075,1.8487779635379349,-0.6497739065870638,-0.7834684808485414,0.9557966254947937,Oil & Gas E&P,Energy,NOG
2020Q4,2020,Q4,2021-03-12,2020-12-31,-296010000.0,99516000.0,25122000.0,-6.5,29509000.0,0.2965251819,872089000.0,-223304000.0,125629000.0,182475000.0,1095393000.0,0.0,-1780356000.0,398760753.84,1342175753.84,-4.905555577279525,0.6884723934785587,1.0834249715338686,-4.231196037688532,0.07251643038067519,-4.905555577279525,1.325592018056103,4.007001425298444,-0.3367797995337995,-1.7857304564181564,0.0,0.0,0.0,0.1141122064376457,0.39700232908617616,-0.33942636588696795,10.375208248946246,0.29652518188030064,0.38095238095238093,0.7708262663510423,-0.6626076554031717,0.8492413530120889,1.5003389256058295,-0.270407374980687,3.433033350979354,-0.7634173130525178,-0.8049300435183309,0.9353647703664312,Oil & Gas E&P,Energy,NOG
2020Q3,2020,Q3,2020-11-06,2020-09-30,-233004000.0,73683000.0,5667000.0,-10.5,11802000.0,0.1601726314,1025524000.0,-83731000.0,183749000.0,170455000.0,1109255000.0,0.0,-1638234000.0,249788004.76000002,1231312004.76,-1.924095356227305,1.077991258689977,0.9588532301535605,-11.743882194169423,0.01235647602506231,-1.924095356227305,2.782768628106675,3.3900357580445966,-0.2680082796432679,-2.983220130656507,0.0,0.0,0.0,0.07184912298493258,0.36296969874747,-0.22720482407042644,-78.69817415248897,0.16017263140751598,0.7486234139334451,0.8994884278397248,-0.7936485509555333,0.58805375684338,1.2643580324343697,0.7408763345195729,1.0064055032846997,-0.15172319217822836,-0.8070229478999725,0.9747149549693255,Oil & Gas E&P,Energy,NOG
2020Q2,2020,Q2,2020-08-07,2020-06-30,-899200000.0,20667000.0,-884708000.0,-41.77,-44644000.0,-2.1601587071,1263273000.0,140728000.0,205094000.0,179220000.0,1122545000.0,0.0,-1404117000.0,348442181.956,1335775181.9559999,3.388129374500007,1.144370047985716,0.7830223554211956,7.028956568699903,-1.5108654444097496,3.388129374500007,-6.389631061338184,16.85983364571539,-0.09687560663812278,2.4759975410437156,0.0,0.0,0.0,0.016359884205551768,0.25480415132239703,-0.7118018037273021,21.319272023739597,-2.160158707117627,-6.644594594594595,0.47497157069629187,-0.9521593336734372,-0.9300620626429534,-3.329576288874974,-3.4415807280211577,-62.89366167622779,-5.402198103839288,-0.936612819605836,1.045855254376906,Oil & Gas E&P,Energy,NOG
2020Q1,2020,Q1,2020-05-11,2020-03-31,368286000.0,130204000.0,14294000.0,7.4,19164000.0,0.1471844183,2237386000.0,1009007000.0,354847000.0,235078000.0,1228379000.0,0.0,-504917000.0,267668623.643,1299438623.6430001,24.996300746566693,1.5094862130867202,0.46495419207950706,1.0309958206434644,0.0069782474483034785,24.996300746566693,0.3649984588808601,2.0557634453857023,0.18169888594937086,0.26527925340755815,0.0,0.0,0.0,0.05819469684712428,0.45309216515369366,0.1646054815753741,-69.61472656514955,0.14718441829744094,2.2847222222222223,1.240486845682277,-0.6129157937606806,-0.7211741237042508,-0.5808398950131234,2.5894607367126303,-0.6205569270791855,0.6536505460058643,-0.5943205784644505,1.326730088166731,Oil & Gas E&P,Energy,NOG
2019Q4,2019,Q4,2020-03-12,2019-12-31,-231705000.0,160710000.0,37671000.0,-5.76,45720000.0,0.2844875863,1905465000.0,558643000.0,133037000.0,203477000.0,1346822000.0,0.0,-873203000.0,940778350.1999999,2042871350.1999998,13.895139271881598,0.6538183676779193,0.5868179158368168,2.0015662954695577,0.04822696258011945,13.895139271881598,-0.4147639905986471,5.853888060481612,-1.0150604758205477,1.6840421346011674,0.0,0.0,0.0,0.08434161740047705,0.61211832295542,-0.12160023931166408,-11.65021733455518,0.2844875863356356,-2.4292803970223322,-1.336924497076858,-0.7437356685746608,-0.8908446717128669,-0.16398478642480982,-3.4549962386497284,-0.2549101050258114,-1.8656381957345067,-0.47949527840926837,1.1747803385654438,Oil & Gas E&P,Energy,NOG
2019Q3,2019,Q3,2019-11-12,2019-09-30,94381000.0,157992000.0,50559000.0,4.03,54688000.0,0.3461441086,1902009000.0,514114000.0,172110000.0,230824000.0,1387895000.0,0.0,-765266000.0,776247847.2,1914418847.2,12.981207531006213,0.7456330364260215,0.5994041037660706,2.2175470809976,0.05172134707294021,12.981207531006213,0.18357990640208202,4.91320982834574,2.0561549655121265,1.5098749444675696,0.0,0.0,0.0,0.08306585300069558,0.45726180986379233,0.04962174206326048,-4.155836106753754,0.34614410856245886,2.3583333333333334,-0.7511103542961697,-0.7973156317220957,-0.8823691284821429,-0.140017612278274,1.1257460753620576,-0.133388183267342,1.1695768939170752,-0.41455902312057297,1.1669826259598517,Oil & Gas E&P,Energy,NOG
2019Q2,2019,Q2,2019-08-05,2019-06-30,44399000.0,149849000.0,58341000.0,1.2,63592000.0,0.4243738697,1494391000.0,389648000.0,133068000.0,232726000.0,1104743000.0,0.0,-859647000.0,790790081.4,1645194081.4,10.298109942884775,0.5717796894201765,0.5736102532737416,2.1999291668377614,0.05083351567749057,10.298109942884775,0.11394643370426641,5.277246303945972,4.452747141827518,2.029498627992444,0.0,0.0,0.0,0.10027429233714603,0.3905279169495458,0.029710430536586476,46.07259854346306,0.42437386969549346,1.186335403726708,2.609044852029691,-0.8022231846511375,-0.8977641603934575,0.2625225833349878,1.4143166420932793,0.3160613579968419,1.0344515388871993,-0.43038428663477696,1.1465904148788553,Oil & Gas E&P,Energy,NOG
2019Q1,2019,Q1,2019-05-10,2019-03-31,-107162000.0,132689000.0,44330000.0,-6.44,50369000.0,0.3796019263,1395779000.0,312760000.0,126461000.0,226054000.0,1083019000.0,0.0,-904046000.0,1032626996.8000001,1867911996.8000002,8.420008412470356,0.5594282781990144,0.6012620909184047,2.683300294155263,0.08586161696621777,8.420008412470356,-0.3426333290702136,7.782310491449932,-2.4090325787126035,3.3016594091316027,0.0,0.0,0.0,0.0950644765396241,0.42316437665336604,-0.07677576464468945,49.184424710645395,0.3796019263088877,-2.110344827586207,-3.6794777523037023,-0.7741472517270304,-0.9159634427236646,-0.27166263576397753,-1.4909106650289297,-0.3098618591910513,0.9226606613088129,-0.23243619985767053,1.1591657471408938,Oil & Gas E&P,Energy,NOG
2018Q4,2018,Q4,2019-03-18,2018-12-31,218292263.0,152567433.0,64233517.0,5.8,69156139.0,0.4532824446,1503645305.0,429864883.0,228414559.0,231526297.0,1073780422.0,0.0,-796884497.0,856087706.2,1683933120.2,11.348073667501522,0.9865598938854017,0.5521270669614468,1.9313121514045613,0.05098907136918091,11.348073667501522,0.5078159943574642,5.611208692224638,0.9804375272338444,1.9915274311905122,0.0,0.0,0.0,0.1014650413183713,0.4315526715308715,0.145175369666053,-12.857586289858434,0.4532824446223723,9.52941176470588,1.0274305915159652,-0.751358008057637,-0.8879167190461469,-0.17097953996098111,11.571640585961816,-0.18737036733643056,1.203093152685481,-0.37841198395901354,1.3487515746341705,Oil & Gas E&P,Energy,NOG
2018Q3,2018,Q3,2018-11-09,2018-09-30,-20648854.0,145417293.0,79044025.0,-0.68,83419098.0,0.5736532174,1068949402.0,11209973.0,224740440.0,215378909.0,1057739429.0,0.0,-1015176760.0,1289220032.1,1965782172.1,0.37302231560632293,1.0434654026407015,0.7386018884736698,70.43086071661368,-0.10740166050044948,0.37302231560632293,-1.8420074695987225,8.865658309978304,-15.608856938259141,115.00652428868473,0.0,0.0,0.0,0.13603758300245533,0.9482233146607684,-0.019316961084749267,-19.06805926956476,0.5736532174340503,0.9418803418803419,-3.518859296530837,-0.7183018762481358,-0.9961245181292953,0.350437757339932,0.9100590963697354,0.3421761381316902,0.9871015187485424,-0.4102795168547049,1.0798635790218365,Oil & Gas E&P,Energy,NOG
2018Q2,2018,Q2,2018-08-09,2018-06-30,-229582461.0,109048687.0,58892438.0,-11.7,61771894.0,0.5664616026,883082503.0,-147820258.0,275983359.0,158003883.0,1030902761.0,0.0,-1034155333.0,617842921.5,1251686434.5,-7.536443268938544,1.7466871937571307,0.9452884109515642,-5.647180347906036,0.2038624937768403,-7.536443268938544,1.553119065723725,5.665752963169561,-0.6727897667017343,-4.179690455553122,0.0,0.0,0.0,0.1234864088344416,1.7087084499056266,-0.259978496029606,-7.3878636439082825,0.5664616026050823,-3.4150943396226414,-3.947060844845683,-0.5604355034080677,-1.0761239978505095,0.29112273840721975,-12.265790183189365,0.27078620993593705,0.7161308236588991,-0.4654439737629275,-1.155567641898486,Oil & Gas E&P,Energy,NOG
2018Q1,2018,Q1,2018-05-07,2018-03-31,-17306354.0,86884914.0,46343309.0,-2.65,47843549.0,0.5506542712,664470446.0,-488776484.0,147020439.0,147942804.0,1153246930.0,0.0,-937608635.0,129125977.2,1020435946.2,-74.94831476249227,0.9937653946318336,1.4760366242082645,-2.006607817899848,-0.5497726305759525,-74.94831476249227,0.035407501315059174,1.4861725845754996,-1.8652972370725804,-0.26418205749849455,0.0,0.0,0.0,0.13075813156632102,0.9567347594682605,-0.026045332947735044,-10.329388172870052,0.5506542712351652,0.2818428184281843,-2.8634436938655066,0.006775838895053902,-1.789568036671389,0.37111875220024737,0.27432681939036563,0.45125327158462974,0.9300509684623274,0.5988050367627368,-1.8360248883392025,Oil & Gas E&P,Energy,NOG
2017Q4,2017,Q4,2018-02-23,2017-12-31,-23848689.0,72479594.0,31933302.0,-3.69,34893804.0,0.4814293524,632253679.0,-490840550.0,152758154.0,123575246.0,1123094229.0,0.0,-940573732.0,132579199.0,1009720230.0,-75.89600292425963,1.2361549658578062,1.548941911336826,-1.9951982818045493,0.06133450517484243,-75.89600292425963,0.04858744657506394,1.8291934554710667,-1.3897954621321114,-0.27010645106644104,0.0,0.0,0.0,0.11463688770405715,1.2123778333405058,-0.037720126892294446,-3.641521867597277,0.48142935237744294,0.2064516129032259,-2.1855071759615545,-0.12368478978909313,-1.8138415733161088,0.6433023092779757,0.17050115614495914,1.4103483147950193,-1.2155815652100035,-0.28152619180842214,-1.5962123122899032,Oil & Gas E&P,Energy,NOG
2017Q3,2017,Q3,2017-11-09,2017-09-30,-28750720.0,54261912.0,13248418.0,-4.65,21233953.0,0.3913233467,494365880.0,-470604426.0,53470363.0,265468079.0,964970306.0,0.0,-916725044.0,55659033.0,895000440.0,-76.09618072236361,0.20141918079725132,1.7115219885320565,-1.7979390487075444,0.06305207044908348,-76.09618072236361,0.06109317807393507,1.025747728904208,-0.4839794707749927,-0.11827137596874195,0.0,0.0,0.0,0.10976063315696463,0.1783945255429373,-0.058156764378641986,18.754067102045326,0.39132334665980806,-1.9489795918367347,-97.9395639122779,-0.3195234556804024,-1.8424136246658287,0.17126452720942767,-1.9484025523957846,-0.03416004282571885,-1.4855368205769612,-0.5542088508562816,-1.6895552695056673,Oil & Gas E&P,Energy,NOG
2017Q2,2017,Q2,2017-08-09,2017-06-30,30314891.0,48388850.0,13716991.0,4.9,18129084.0,0.374654161,481305903.0,-455470972.0,60669457.0,83343284.0,936776875.0,0.0,-900637578.0,86301404.0,927774234.0,-73.88748400895076,0.7279465613570015,1.7562254145052527,-1.8558409008774328,0.07729004085702912,-73.88748400895076,-0.06655724044692797,1.783497727265682,0.7117080183464951,-0.18947728682037723,0.0,0.0,0.0,0.10053658120208013,0.49428888595270615,0.06298466486915287,-3.844287764178565,0.37465416103089866,-0.10420475319926863,-0.29660307772927896,-0.30524702438349394,-1.825912175183058,-0.08863390127430801,-0.10579251491811284,-0.1576112425841092,7.7433557933253745,-0.607994705062405,-1.733527706148571,Oil & Gas E&P,Energy,NOG
2017Q1,2017,Q1,2017-05-08,2017-03-31,33901406.0,48855964.0,16283445.0,5.47,19892208.0,0.4071602804,449244727.0,-470090298.0,48188446.0,88587466.0,919335025.0,0.0,-914439437.0,159759990.0,977691867.0,-76.5044348588154,0.543964605557179,1.8329668140990778,-1.7516861749824923,0.09221877244411293,-76.5044348588154,-0.07211679573952832,3.2700202169790367,1.1781221551696115,-0.33984957928231907,0.0,0.0,0.0,0.1087513354386016,0.46130730277350973,0.07546311389426726,16.914915513295085,0.40716028037027374,3.721393034825871,2.899536167910032,-0.2412774219384772,-1.9335565182241268,0.14568362218845515,3.7494170098970043,0.19697495506964177,4.12425882300506,-0.49729633921805694,-1.7635585390134132,Oil & Gas E&P,Energy,NOG
2016Q4,2016,Q4,2017-03-02,2016-12-31,-12330398.0,47084859.0,13603831.0,-2.01,17362741.0,0.3687542316,431532961.0,-487421668.0,46894169.0,77443666.0,918954629.0,0.0,-931379960.0,168603737.5,994742764.5,-79.50058562610452,0.605526202749751,1.9294589295578746,-1.7082234534554996,0.03538434362694249,-79.50058562610452,0.025297188880819308,3.580848304122563,-3.41845692044977,-0.3459094015902469,0.0,0.0,0.0,0.1091106896930638,0.5646468104957738,-0.028573479002453304,-7.667971701354677,0.36875423158854526,0.8569395017793594,-8.065250266162908,-0.10325561456298676,-1.99644656058002,0.32906443888577686,0.8567201129487813,0.2405721184062554,-1.7075547723521434,-0.5259007928508441,-1.7852157763343437,Oil & Gas E&P,Energy,NOG
2016Q3,2016,Q3,2016-11-09,2016-09-30,-86058122.0,41727844.0,10965772.0,-14.05,13063882.0,0.313073496,410372136.0,-476060458.0,46321835.0,72582958.0,886432594.0,0.0,-919049564.0,164116821.6,968586510.6,-77.73986938094589,0.638191612416788,1.968429723016087,-1.6968195875659138,0.062359676651937555,-77.73986938094589,0.18077141370140848,3.9330290249359634,-0.47676157051161305,-0.34473945239955217,0.0,0.0,0.0,0.101682936874642,0.4983968826401371,-0.2097075177638279,15.427555320588588,0.3130734959611141,0.5874926600117439,-4.040706560181103,-0.036024716383905045,-1.9734352935064314,0.18143641320478734,0.5870185394763249,0.6944630730405104,-52.5170835125682,-0.6033154426671165,-1.8076713960855204,Oil & Gas E&P,Energy,NOG
2016Q2,2016,Q2,2016-08-05,2016-06-30,-208382531.0,42537174.0,6471532.0,-34.06,11057626.0,0.2599520598,465384219.0,-429797241.0,59592690.0,70349727.0,895181460.0,0.0,-873430668.0,282653032.2,1097938213.2,-70.25090932033525,0.8470919865829757,1.7597337029599622,-1.9054386973135549,0.03179832655736142,-70.25090932033525,0.48483915465618355,6.644847450373642,-0.33910355974129136,-0.6576427329834814,0.0,0.0,0.0,0.09140226991667717,0.6286556023166942,-0.447764497575282,-18.774443026403763,0.2599520598147869,0.08686327077747977,-11.282754661120082,0.2052203342851371,-1.9389280084832157,3.6328339160859975,0.0836823866084028,1.6727281024525062,-9.575659965545412,-0.4502988459481096,-1.7095893751550437,Oil & Gas E&P,Energy,NOG
2016Q1,2016,Q1,2016-05-10,2016-03-31,-227412993.0,28372353.0,-9619833.0,-37.3,-4199895.0,-0.1480277297,573188737.0,-322505043.0,79138183.0,86810730.0,895693780.0,0.0,-764452006.0,243246439.79999998,1041979609.8,-52.90088202844891,0.9116175270038623,1.4011463592314097,-2.490259701148301,-0.03596401153918657,-52.90088202844891,0.7051455409334483,8.573361532615923,-0.26740604900266185,-0.7542407322914327,0.0,0.0,0.0,0.04949914603782593,0.39272595680280536,-0.3967506308484914,6.920962723561749,-0.1480277296705,-0.3147691223123016,-32.29745594985221,0.08321827635412248,-1.7636043936386079,-4.239703724773938,-0.31976442123398663,-0.4462080203398708,-27.19393827057775,-0.6483111515970033,-1.557301997966875,Oil & Gas E&P,Energy,NOG
2015Q4,2015,Q4,2016-03-03,2015-12-31,-172313323.0,39349118.0,-6651763.0,-28.37,-801552.0,-0.020370266,733945448.0,-197602114.0,128814806.0,78115147.0,931547562.0,0.0,-637886252.0,234408265.8,1078822705.8,-32.53913241654979,1.649037490769876,1.155133302223301,-4.290464367198015,-0.010230288056955512,-32.53913241654979,0.8720216576225496,5.957141550161302,-0.34009016499554134,-1.1862639576821532,0.0,0.0,0.0,0.053613137198719976,0.7888419130799306,-0.23477674460622855,14.263612556014957,-0.020370265986648036,0.4674300732119392,-101.1249331328275,0.5558769950492335,-1.4708681001111634,-2.5914513929011775,0.4669216687760458,-0.6186212807128028,-10.122091984768389,-0.49334129046603964,-1.3489208614405357,Oil & Gas E&P,Energy,NOG
2015Q3,2015,Q3,2015-11-05,2015-09-30,-323242032.0,49789790.0,-4109524.0,-53.27,503661.0,0.0101157486,1001236168.0,-28341723.0,189203701.0,156418872.0,1029577891.0,0.0,-465572931.0,268202285.00000003,1128836809.0,-4.6707437880329765,1.2095963778590604,0.8666055119974452,-30.61482119488642,-0.004894991982047275,-4.6707437880329765,11.40516516938649,5.386692432323977,-0.20743147428921002,-9.46316090239115,0.0,0.0,0.0,0.0497283174452803,0.6286699791569907,-0.3228429438837451,14.847445732411561,0.010115748630391894,-0.2920203735144314,-278.9998859322843,3.2770940198293053,-1.1035337776282743,-0.9145156154741263,-0.2926547006000549,-3.5125314026379133,-1111.7929325727953,-0.3636276451942322,-1.0517069078501848,Oil & Gas E&P,Energy,NOG
2015Q2,2015,Q2,2015-08-06,2015-06-30,-250060617.0,63074242.0,1635611.0,-41.23,5891848.0,0.0934113168,1338766886.0,293791696.0,175633528.0,154093546.0,1044975190.0,0.0,-142330899.0,410564145.1,1289000826.1,48.44479981162388,1.139785101706985,0.661465968616735,3.0142061435255814,0.00109427526554666,48.44479981162388,-0.8511493701305975,6.509220437401373,-0.410464620564381,1.3974668130170704,0.0,0.0,0.0,0.04711368548146178,0.5809352261904597,-0.1867842860582974,-12.461225468537924,0.09341131677809145,-0.08671586715867156,-34.63875483594717,2.199584356102986,0.08509050468573552,1.410184934685484,-0.0884572617609898,1.087389440225138,-6.897761768011539,-0.07947703123160785,-0.4584854183980726,Oil & Gas E&P,Energy,NOG
2015Q1,2015,Q1,2015-05-08,2015-03-31,-229738572.0,50461355.0,-18716346.0,-37.94,-14363882.0,-0.2846511355,1640664805.0,542876618.0,212175499.0,221818334.0,1097788187.0,0.0,107729716.0,466888147.79999995,1306828480.8,89.64842531348576,0.9565282326933354,0.5154504524158425,1.5577783016619073,-0.008478872269192304,89.64842531348576,-0.423187450670421,9.252390226144342,-0.5080646054942832,0.8600262606999957,0.0,0.0,0.0,0.030756651112534835,0.38018847891987145,-0.14002773223382456,-10.688583828794622,-0.2846511355075582,-3.2174167153711277,-108.26997399956899,4.088578622186087,2.1176519349124576,-1.7303928288706663,-3.2179108545863286,-2.2695320054049755,-27.814232166999833,-0.2048289968626119,0.0939479777137371,Oil & Gas E&P,Energy,NOG
2014Q4,2014,Q4,2015-02-27,2014-12-31,103583321.0,94458654.0,14742713.0,17.11,19665968.0,0.2081965724,2026746332.0,770861641.0,225987573.0,285734207.0,1255884691.0,0.0,337468289.0,342142417.0,1138858002.0,127.2969399654998,0.7909013602981039,0.39770793427541773,1.045652104253557,0.00581451581057313,127.2969399654998,0.13437342772125302,3.6221394494992487,0.8257661892304071,0.44384413337282663,0.0,0.0,0.0,0.04660605647021839,0.3334190610226797,0.05110818229422112,-5.121624044823639,0.2081965724389848,0.8010526315789473,70.75915906204904,9.694235399960087,3.5432465682840055,-0.5794473763587495,0.7863717724368465,-0.6496191735695109,78.10251893819076,0.8213993499752092,0.5955177814354783,Oil & Gas E&P,Energy,NOG
2014Q3,2014,Q3,2014-11-07,2014-09-30,57985310.0,119194188.0,42076255.0,9.5,46762205.0,0.3923195064,1796574655.0,668310607.0,106448328.0,239084180.0,1128264048.0,0.0,233884967.0,861160640.4,1589536252.4,110.35544805119963,0.44523367459946533,0.4099049137482127,1.101919932568121,0.01866864210890423,110.35544805119963,0.08676401271003618,7.224854289036307,3.7128396847408416,1.2885634783887245,0.0,0.0,0.0,0.0663452463098451,0.4041448706476522,0.03227548036404866,-23.952230871787016,0.39231950638398577,14.013698630136988,21.166631428823543,13.903160979878248,5.326741855728213,-0.12918501053932546,14.141295652075378,-0.15374674767876087,1.071735737863401,1.7843816300329476,0.38183777280802733,Oil & Gas E&P,Energy,NOG
2014Q2,2014,Q2,2014-08-08,2014-06-30,-4412450.0,121158316.0,49720642.0,-0.73,53699357.0,0.4432164359,1734182649.0,609458365.0,128204049.0,269464473.0,1124724284.0,0.0,175899657.0,985622866.2,1678167142.2,100.72896141428826,0.4757734760826894,0.40756748454816305,1.1597124604237732,0.023270994602330796,100.72896141428826,-0.007239953134452425,8.134999715578747,-55.84328809391608,1.6172111546947099,0.0,0.0,0.0,0.06986479542386426,0.3903183704665958,-0.0025443975019265688,-18.397851708654304,0.4432164359233913,-1.6636363636363636,-8.982907818473608,29.43825344130688,4.633615613384634,0.36871469193138634,-1.6695916074675219,0.40985897225557,-1.2201658466066003,2.471147208357802,0.3462778496722383,Oil & Gas E&P,Energy,NOG
2014Q1,2014,Q1,2014-05-09,2014-03-31,6589763.0,96802970.0,35266394.0,1.1,39233419.0,0.4052914802,1598047200.0,613228164.0,104684787.0,209558676.0,984819036.0,0.0,180312107.0,894798386.4,1533857578.4,100.19459013275663,0.4995488089455194,0.4049743599563267,1.0553464109975224,0.017248671548385826,100.19459013275663,0.010746021443333448,9.243501376042492,33.94653140029467,1.4591606174174347,0.0,0.0,0.0,0.06057578900047508,0.43095606311236667,0.0041236347712382965,-19.262514454984597,0.40529148020974975,-0.6071428571428571,12.990128503364136,81.23143535402991,5.90669894619189,-4.304818021655503e-05,-0.6212984035688192,-0.059331497468524126,1.9610840101383382,2.681332828312994,0.4462713344372524,Oil & Gas E&P,Energy,NOG
2013Q4,2013,Q4,2014-03-03,2013-12-31,17400938.0,99167114.0,37490778.0,2.8,39235108.0,0.3956463632,1519599960.0,619828361.0,104387563.0,194088018.0,899771599.0,0.0,173722344.0,922578618.4999999,1501431275.5,101.24680122607893,0.5378362048088924,0.3846669112836776,0.9430672421264054,0.01941070071052135,101.24680122607893,0.028073800901795135,9.303271833644366,13.254725384631564,1.4884420858244656,0.0,0.0,0.0,0.0652586974271834,0.4766092618865323,0.011450999248512747,-24.97077973486296,0.39564636316833823,8.333333333333334,3.3726756698173057,48.11308537049205,6.005153689529231,-0.26972680971146945,9.218390467107952,-0.24096941398993307,11.230128086521255,2.8895863365696037,0.4651247711635021,Oil & Gas E&P,Energy,NOG
2013Q3,2013,Q3,2013-11-08,2013-09-30,1702904.0,107233436.0,49392974.0,0.3,53726617.0,0.5010248576,1452735780.0,600865097.0,118814458.0,185136745.0,851870683.0,0.0,156321406.0,900812086.2,1443854992.2,96.25185410517419,0.6417659444104411,0.38197689603267015,0.9235209479974171,0.026648637579393338,96.25185410517419,0.0028340870663020054,8.400477684963858,132.24645755133585,1.4991918996419926,0.0,0.0,0.0,0.07381482405561733,0.5621229378317092,0.0011722049001918298,-37.79819117437505,0.5010248575826667,-0.9230769230769231,-0.21920083093372006,41.65140809265612,5.9425230532508095,0.5278561960474689,-0.9319156299540619,0.5958744718527665,0.4235715037928314,7.953875582264679,1.1335612723537902,Oil & Gas E&P,Energy,NOG
2013Q2,2013,Q2,2013-08-09,2013-06-30,25011673.0,79650952.0,30950413.0,3.9,35164708.0,0.4414850936,1352562790.0,623455564.0,97961413.0,118726286.0,729107226.0,0.0,154618500.0,857074915.0999999,1349262664.1,99.00220011747722,0.8251029851973977,0.37727134723261163,0.8184756307668465,0.01722440487188912,99.00220011747722,0.04011781182852672,10.760385074870165,8.56674916448012,1.374716923851208,0.0,0.0,0.0,0.058888912654472776,0.7383927346973526,0.018492060542342734,-15.22533507198449,0.4414850936119383,1.7857142857142858,24.844843624000607,50.06152367062207,7.728402383422495,-0.1201137193338381,1.794126114238265,-0.13897646838788028,2.2401793282013354,2.891026487056157,1.2175000765447601,Oil & Gas E&P,Energy,NOG
2013Q1,2013,Q1,2013-05-07,2013-03-31,8951519.0,83180020.0,35946071.0,1.4,39965060.0,0.4804646597,1263731481.0,596661717.0,94136643.0,134943953.0,667069764.0,0.0,129606827.0,888802504.8000001,1319320338.8000002,94.92318746647169,0.6975980835539922,0.3473839234048487,0.7357602934662557,0.02134441358624712,94.92318746647169,0.015002670265168027,10.685288423830627,24.822672688288993,1.489625493770367,0.0,0.0,0.0,0.0658209605842683,0.6252422218578405,0.007083402712193731,-43.14181335189734,0.48046465966226026,-0.54983922829582,625.1993214541999,132.00842018927008,13.632075244848574,2.111769359432088,-0.5421722801311528,0.07635303231759616,3.0266474479709826,7.080890320176188,2.3010893168291457,Oil & Gas E&P,Energy,NOG
2012Q4,2012,Q4,2013-03-01,2012-12-31,19552156.0,80387724.0,33396172.0,3.11,-35947258.0,-0.4471734764,1190935298.0,586185260.0,94214544.0,100456663.0,604750038.0,0.0,120655308.0,1057260122.4,1467872124.4,93.25648309536582,0.9378625686580889,0.35602269973192113,0.7233208149928574,0.023356095261958393,93.25648309536582,0.03335490899242332,13.152009657593988,13.518459580621185,1.8036279561174908,0.0,0.0,0.0,0.06749965689571828,0.8322759735708123,0.01641747963372566,-20.931978431072313,-0.4471734763880117,64.19916142557652,4.470823080291579,0.0,14.024246135236245,-1.5627723626788617,64.13889545943677,0.26853443434484975,12.049226645298539,7.767995743971254,2.3283376403869918,Oil & Gas E&P,Energy,NOG
2012Q3,2012,Q3,2012-11-08,2012-09-30,300161.0,80702787.0,26326579.0,0.0477,63875308.0,0.7914882543,1135215576.0,565375813.0,96654199.0,134760080.0,569839763.0,0.0,101103152.0,1028967270.0,1388732704.0,90.33113721605547,0.7172316831512715,0.32416750419922,0.6508944874159306,0.016484717524158556,90.33113721605547,0.00053090527238384,12.750083463660307,857.012794800124,1.8199704450391834,0.0,0.0,0.0,0.07109027457530234,0.6497439672045312,0.00026440881040201654,-12.149017791509635,0.7914882543027913,-0.9931857142857143,1.4120775558235914,0.0,10.328777056116202,0.12947855316678797,-0.9931197387930004,-0.0061719344385372426,-0.8889749931556153,8.76330090221805,4.178736499127774,Oil & Gas E&P,Energy,NOG
2012Q2,2012,Q2,2012-08-09,2012-06-30,43626396.0,70503175.0,26490074.0,7.0,56552918.0,0.8021329252,1073597565.0,558239580.0,117107492.0,153939141.0,515357985.0,0.0,100802991.0,994653768.4,1269482093.4,89.4616718691356,0.760738894859755,0.27943431484962433,0.5374036717353506,0.018581779680473077,89.4616718691356,0.07814995131660138,14.107928733705965,5.699839200561056,1.7817686241452104,0.0,0.0,0.0,0.06567002133616054,0.5926705606340885,0.04063570691872797,-10.81303917238389,0.8021329252193252,4.0,10.220214470998116,0.0,77.98514585489369,0.07451176979981235,3.954217229767596,-0.10288501754432308,75.5308831768927,16.174387064778898,4.003453469241911,Oil & Gas E&P,Energy,NOG
2012Q1,2012,Q1,2012-05-07,2012-03-31,8805911.0,65223502.0,29528070.0,1.4,52631269.0,0.8069371835,869807816.0,510047011.0,85757011.0,130922854.0,359760805.0,0.0,57176595.0,1290841630.2,1464506742.2,81.94944105188962,0.6550194131881665,0.20406806737639158,0.3480071369342855,0.02584789599927187,81.94944105188962,0.01726490070539792,19.791050627732318,36.64702125083935,2.5308287321773952,0.0,0.0,0.0,0.07498610704597301,0.49800642903797376,0.01012397317892117,-12.121323266636717,0.8069371834710746,7.363636363636363,10.936319561379173,0.0,58.89771903872466,0.1777344631971889,7.37745330926978,0.1268039534056527,16.75585380587901,53.48373987952226,4.649008767880153,Oil & Gas E&P,Energy,NOG
2011Q4,2011,Q4,2012-02-29,2011-12-31,-1380788.0,53301854.0,26205153.0,-0.22,44688570.0,0.8384055459,725593919.0,496570055.0,80504772.0,119660595.0,229023864.0,0.0,48370684.0,1492496735.4,1556117148.4,79.78409356928098,0.6727759627135399,0.09633487570614549,0.14076563678411902,0.23588880604319465,79.78409356928098,-0.002780650959712019,28.000840935101433,-270.22554066953074,3.0056116360057192,0.0,0.0,0.0,0.07345962060081708,0.48218393866418596,-0.0019029762568889446,-22.57664261884666,0.8384055458933942,-1.0478260869565217,-232.73507565953517,0.0,4179.146535957843,0.2553994931776869,-1.0482502459532934,0.26643641709565613,-1.3412931190301174,24.96556523010935,4.52017279227024,Oil & Gas E&P,Energy,NOG
2011Q3,2011,Q3,2011-11-09,2011-09-30,28617222.0,43769357.0,20692040.0,4.6,35597091.0,0.8132879585,595971749.0,494498685.0,90066570.0,58029958.0,101473064.0,0.0,49751472.0,1200621819.6000001,1207356170.6000001,79.86136305056037,1.5520702255204113,0.025168978269807216,0.030333751039196392,0.025381364460453793,79.86136305056037,0.05787117917209426,27.43064787540745,10.488630059898895,2.427957557864891,0.0,0.0,0.0,0.07344199968109562,0.9103421374180557,0.0480177492440166,-16.767547148931254,0.8132879585139896,0.3939393939393939,1040.5106991476603,0.0,515.6144209430203,0.20019131129390724,0.40054627585903124,4.959836562772004,12.22866748343373,16.55144060892493,4.7602979100715626,Oil & Gas E&P,Energy,NOG
2011Q2,2011,Q2,2011-08-09,2011-06-30,20432900.0,35586097.0,3471914.0,3.3,29659514.0,0.8334579091,555282115.0,461540168.0,135653959.0,72155369.0,93741947.0,0.0,21134250.0,1366355089.0,1288975713.0,74.82033626179879,1.8800258508829746,0.0,0.0,0.004589197116476138,74.82033626179879,0.044271119648246954,38.395755763831026,16.71758645370946,2.9604250804883354,0.0,0.0,0.0,0.06408651753532527,1.5655893049344671,0.03679733138892831,-25.97398643708056,0.8334579091379423,3.946428571428571,1149.7090486450732,0.0,496.6195751944138,0.32200718031929626,3.8950633918979767,-0.9035090235193688,20.554203915819304,22.289167707278548,5.596439276915318,Oil & Gas E&P,Energy,NOG
2011Q1,2011,Q1,2011-05-10,2011-03-31,-7057842.0,27067434.0,35981748.0,-1.12,22435214.0,0.8288637187,514427833.0,436451311.0,179984008.0,56944536.0,77976522.0,0.0,701350.0,1682102937.0,1582397777.0,69.27786491166444,3.16068969286184,0.0,0.0,0.05030977754674515,69.27786491166444,-0.016170972161428564,62.14489844142596,-59.58276400208449,3.854044871914705,0.0,0.0,0.0,0.05261658149822543,2.662224765515694,-0.013719790313134165,-25.352502747043854,0.8288637186664979,-3.0,-63.28896614713421,0.0,468.80215544975846,-0.012703895493976913,-3.0320802640734636,0.33721764170417917,-493.6089967939965,42.18388929118652,9.678939037397743,Oil & Gas E&P,Energy,NOG
2010Q4,2010,Q4,2011-03-04,2010-12-31,-1750422.0,26237076.0,26907922.0,-0.28,22723896.0,0.8660986461,509693965.0,435359482.0,233018360.0,59666926.0,74334483.0,0.0,7759192.0,1714232993.1000001,1562122292.1000001,69.10455902378582,3.9053186685032175,0.0,0.0,0.039177988547506655,69.10455902378582,-0.004020635985596841,65.33628187455035,-244.8313882452346,3.9375115599296864,0.0,0.0,0.0,0.05147613627326351,3.5844153928761138,-0.00343426079215986,-42.14242831887177,0.866098646053394,-2.4,-3.803037805177261,0.0,529.8626111859295,2.1585340020715984,-2.7730712116577156,14.604802080337011,0.6899761260054168,0.0,10.13320885989869,Oil & Gas E&P,Energy,NOG
2010Q3,2010,Q3,2010-08-09,2010-09-30,987226.0,9883821.0,1724336.0,0.2,7194444.0,0.727901082,261784360.0,232422176.0,65965869.0,19568886.0,29362184.0,0.0,9509614.0,872744226.2,833657277.2,45.11323642418157,3.3709567831301177,0.0015279751624581392,0.0017210061745571129,0.004549222585887197,45.11323642418157,0.004247555104208301,88.30028651874615,221.0092284340161,3.754995505248174,0.0,0.0,0.0,0.03775558249545542,2.929563440657787,0.0037711420193322475,-34.804795001890696,0.7279010819803394,-0.8333333333333334,44.7829749910502,0.0,365.50301657022993,-0.5087798644127649,-0.8387113849576188,-0.8292433667438817,2.6465216708477803,0.0,4.657825346613426,Oil & Gas E&P,Energy,NOG
2010Q2,2010,Q2,2010-05-06,2010-06-30,6120866.0,16231773.0,10098208.0,1.2,14646069.0,0.9023086387,240874456.0,222936428.0,90596786.0,11944757.0,17938028.0,0.0,8522388.0,641157696.0,571389785.0,44.64586096959211,7.584648729145348,0.0016606161011942255,0.0017942334664122275,0.027803907055000132,44.64586096959211,0.027455656551561864,39.50016403014015,26.18737675355089,2.8759664885273932,0.0,0.0,0.0,0.06738685898682424,6.8213738462825155,0.025411021582130735,-19.184153968319464,0.9023086387420524,1.9999999999999998,11.696597157381312,0.0,374.95031865476165,1.3458790662272848,2.9245628770926437,2.847554921210191,2.616547005533306,0.0,38.417549066810324,Oil & Gas E&P,Energy,NOG
2010Q1,2010,Q1,2010-04-30,2010-03-31,1559630.0,7221514.0,2624578.0,0.4,6243318.0,0.8645441939,148549202.0,126805867.0,34204202.0,16392207.0,21743335.0,0.0,2401522.0,698962017.5,700639811.5,28.755110315418534,2.086613596326596,0.01906019663437842,0.02232843847832372,0.012447844385927465,28.755110315418534,0.01229935204811935,96.78884753252572,112.03971735283368,5.512063708377153,0.0,0.0,0.0,0.04861361692134839,1.6391530438823765,0.010499080297987733,-70.18301164539005,0.864544193918339,0.6666666666666669,12.3108435608869,0.0,134.16625601008258,0.13265873150497698,0.48369028037934403,-0.3666328092553566,3.4837777960624257,0.0,20.017416305620518,Oil & Gas E&P,Energy,NOG
2009Q4,2009,Q4,2010-03-08,2009-12-31,1051183.0,6432175.0,4143849.0,0.24,5512091.0,0.8569560063,135594968.0,123559450.0,42017813.0,8910256.0,12035518.0,0.0,841892.0,522126832.0,517227952.0,28.018937130585925,4.715668438707036,0.009841751649662988,0.010800404177907882,0.0257932106715475,28.018937130585925,0.008507507924323069,81.17422675844485,124.17600741260085,4.225713468294008,0.0,0.0,0.0,0.047436679213641614,4.282913869141358,0.0077523747046424315,-30.26393431562508,0.8569560063275642,-0.4000000000000001,4.2663715228239685,0.0,152.72784669426397,0.31787430766118946,-0.33814849840641814,0.7817971437748559,252.13955254096265,0.0,1468.300308572437,Oil & Gas E&P,Energy,NOG
2009Q3,2009,Q3,2009-10-27,2009-09-30,1588246.0,4855972.0,2325657.0,0.4,4182562.0,0.8613233355,83053674.0,64135388.0,9637976.0,8055210.0,18918286.0,0.0,-209291.0,308861196.0,318911551.0,17.442698084999968,1.196489725283388,0.12447850290162961,0.16119645210534939,0.01873551804071346,17.442698084999968,0.024763957146404104,63.60440216706357,48.61671239845717,4.815768729737785,0.0,0.0,0.0,0.05846787705020731,1.0053288492789139,0.01912312753316608,-47.41435651908802,0.8613233354722803,3.0000000000000004,10.547565784338184,0.0,157.17294827403202,1.1275201138594244,4.027304035147694,2.491102081009717,98.15465663922379,0.0,113.39808127258355,Oil & Gas E&P,Energy,NOG
2009Q2,2009,Q2,2009-07-30,2009-06-30,315924.0,2275084.0,666167.0,0.1,1965933.0,0.8641144679,96089654.0,61833064.0,21876015.0,16022330.0,34256590.0,0.0,-2013050.0,220289123.60000002,224792987.60000002,17.87998477833156,1.3653454272880412,0.18876519214024853,0.29334438286933345,0.004994394065884842,17.87998477833156,0.005109305273955048,96.8268088562884,174.3212953115306,3.562642853991515,0.0,0.0,0.0,0.02367668011376126,1.2412700899307405,0.0032878045330457743,-23.675129332988277,0.8641144678614064,2.11358574610245,12.921003159805913,0.0,270.08874972847866,2.8885937289838677,2.0279801513056213,2.4210107551653377,32.680999699676185,0.0,119.43932950678007,Oil & Gas E&P,Energy,NOG
2009Q1,2009,Q1,2009-03-16,2009-03-31,-307325.0,658268.0,-468798.0,-0.0898,505564.0,0.7680215353,67088944.0,49648199.0,5670943.0,10597829.0,17440745.0,0.0,-2328974.0,123206112.0,130708065.0,14.506870925364481,0.5351042180431482,0.1213621278641679,0.1639950121856384,-0.004866127382823232,14.506870925364481,-0.006190053339094939,187.1670991146463,-100.22460912714553,2.4815827055478894,0.0,0.0,0.0,0.009811870045234278,0.31406309726265635,-0.00458085910548838,-21.774392781722717,0.7680215353017312,-1.138153846153846,-51.80386652423102,0.0,248.59016049001298,-0.5341814978752889,-1.1381442705807205,-0.4921366482164626,-4.153163902705436,0.0,98.95835215721705,Oil & Gas E&P,Energy,NOG
2008Q4,2008,Q4,2009-04-30,2008-12-31,2224667.0,1128782.0,-314179.0,0.65,1085324.0,0.9615000948,62875539.0,49464474.0,5193213.0,13411065.0,13411065.0,0.0,-2021649.0,88982192.0,89852197.0,14.453187711986237,0.38723345237682466,0.026253770961708972,0.033371829648891044,-0.026359615179597697,14.453187711986237,0.04497504613108794,78.83027192141618,9.999495654855311,1.798911113458924,0.0,0.0,0.0,0.01795264132845048,0.27470666945540867,0.03538207441847934,-6.508332259365499,0.96150009479244,0.9117647058823529,349.3570010343908,0.0,254.19815819455,-0.19281379943283278,0.8820238549448802,-1.5594584536047595,5.557869355886363,0.0,111.61137935473185,Oil & Gas E&P,Energy,NOG
2008Q3,2008,Q3,2008-08-08,2008-09-30,1182061.0,1362655.0,561577.0,0.34,1344577.0,0.9867332524,51285555.0,46908194.0,8541447.0,4377361.0,4377361.0,0.0,-3413393.0,275072696.4,269288968.4,13.864102915741077,1.9512777218968231,0.019273243703807046,0.021071776926649532,0.015897099295050784,13.864102915741077,0.02519945662371909,201.86525305378103,58.1765019740944,5.864064952063599,0.0,0.0,0.0,0.02656995717410097,1.899174868145442,0.02304861476101799,-15.140708428712934,0.9867332523639513,1.4285714285714286,250.63815767394019,0.0,252.08614465659215,0.7773467035378344,1.4921539152416232,5.063433278987659,80.82615507015531,0.0,113.01828410871813,Oil & Gas E&P,Energy,NOG
2008Q2,2008,Q2,2008-10-16,2008-06-30,474313.0,764528.0,92617.0,0.14,756508.0,0.9895098675,38333728.0,35007971.0,17605086.0,3325757.0,3325757.0,0.0,-4285212.0,409878302.40000004,398511036.40000004,11.342533921844407,5.293557526902897,0.026084261880295077,0.02856226657637485,0.0043038662422452065,11.342533921844407,0.013548714377077152,536.119412761861,216.03788131465933,11.70814219424485,0.0,0.0,0.0,0.019944003359130633,5.013382817806592,0.01237325521796367,-68.4463725259518,0.9895098675261076,59.86956521739131,52.98970522774327,0.0,211.76108402182734,1.7656514475189828,71.29279073311996,1.3266383585026769,0.5917779285630159,0.0,96.00419708145031,Oil & Gas E&P,Energy,NOG
2008Q1,2008,Q1,2008-05-15,2008-03-31,6561.0,287029.0,-283546.0,0.0023,273537.0,0.9529942967,20909888.0,18715789.0,5962838.0,2194099.0,2194099.0,0.0,-4568677.0,204544585.70000002,204096332.70000002,6.487335930006971,2.7176704424002747,0.07266834714753136,0.08118744018753364,0.0004909078611171093,6.487335930006971,0.000350559626420238,712.6268972821562,7793.956169029111,10.92898545180222,0.0,0.0,0.0,0.013726950617812969,2.664968627213266,0.0003137749948732389,-31.73244100060907,0.9529942967435346,1.0025555555555554,2.3240830330127875,0.0,140.152854085301,0.0,1.0025375930034992,0.9058381815205115,1.0727320803431681,0.0,31.04315503583702,Oil & Gas E&P,Energy,NOG
2007Q4,2007,Q4,2008-03-31,2007-12-31,-2585521.0,0.0,-3011263.0,-0.9,0.0,0.0,18131464.0,17907217.0,10502630.0,224247.0,224247.0,0.0,-4381400.0,200505623.5,190392963.5,6.20706571603963,46.83509701356094,0.0,0.0,-0.15152534662092806,6.20706571603963,-0.14438430047505427,0.0,-19.387352055929927,11.19691705863619,0.0,0.0,0.0,0.0,45.09607709356201,-0.1425985789123261,-120.01818688432546,0.0,-10.306532663316583,-1220.5244728460198,0.0,139.2338391364213,0.0,-8.67280338797896,-8.729852950204693,-11.280551708644898,0.0,34.61243543947338,Oil & Gas E&P,Energy,NOG
2007Q3,2007,Q3,2007-11-13,2007-09-30,-267298.0,0.0,-309487.0,-0.0796,0.0,0.0,18313637.0,18313637.0,11821436.0,0.0,0.0,0.0,-1512051.0,114839200.0,103398852.0,7.9736000424942,0.0,0.0,0.0,-0.011564671288555794,7.9736000424942,-0.014595571595090588,0.0,-107.40746283174585,6.2706932544311105,0.0,0.0,0.0,0.0,0.0,-0.014595571595090588,-42.245781370304655,0.0,0.8952631578947369,-46.31398420574159,0.0,181.5249079616025,0.0,0.845106056497018,0.7207980369337916,-1.5723763441441811,0.0,72.39151414110304,Oil & Gas E&P,Energy,NOG
2007Q2,2007,Q2,2007-08-15,2007-06-30,-1725684.0,0.0,-1108470.0,-0.76,0.0,0.0,2691324.0,2577675.0,768795.0,113649.0,113649.0,0.0,-1458503.0,119480182.5,118899377.5,1.1326391931147244,6.7646437716125964,0.0,0.0,-0.6778261211961423,1.1326391931147244,-0.6694730716634176,0.0,-17.309105041826893,46.35191888038639,0.0,0.0,0.0,0.0,5.566093850363839,-0.6412026199744066,-513.6745321347039,0.0,-4.846153846153846,-605.1004990170509,0.0,28.155586080046657,0.0,-5.000584173082139,-2.723208797557428,-97.94833824572773,0.0,18.045901780524563,Oil & Gas E&P,Energy,NOG
2007Q1,2007,Q1,2007-05-14,2007-03-31,-287586.0,0.0,-297719.0,-0.13,0.0,0.0,2796581.0,2763242.0,986676.0,33339.0,33339.0,0.0,-363693.0,80787320.0,79863172.0,1.3681562898732127,29.595248807702692,0.0,0.0,-0.100150089649482,1.3681562898732127,-0.1040755749948792,0.0,-70.22883589604501,29.23642590840759,0.0,0.0,0.0,0.0,27.71972764630013,-0.10283485441687547,-85.15742893825328,0.0,-143.44444444444443,-16.095625906298967,0.0,34.81654978991757,0.0,-149.018779342723,-154.30464267083985,-82.73019770566376,0.0,24.350454907050786,Oil & Gas E&P,Energy,NOG
