Quarters,Year,Quarter,FillingDate,Date,NetIncome,Revenue,OperatingIncome,EPSDiluted,GrossProfit,GrossProfitRatio,TotalAssets,CommonStockEquity,CurrentAssets,CurrentLiability,TotalLiability,Inventory,RetainedEarnings,MarketCap,EnterpriseValue,bookValuePerShare,currentRatio,debtToAssets,debtToEquity,roic,shareholdersEquityPerShare,roe,priceToSalesRatio,peRatio,pbRatio,payoutRatio,inventoryTurnover,dividendYield,assetTurnover,quickRatio,returnOnAssets,priceToFreeCashFlowsRatio,grossProfitMargin,epsdilutedGrowth,fiveYNetIncomeGrowthPerShare,fiveYRevenueGrowthPerShare,fiveYShareholdersEquityGrowthPerShare,grossProfitGrowth,netIncomeGrowth,operatingIncomeGrowth,threeYNetIncomeGrowthPerShare,threeYRevenueGrowthPerShare,threeYShareholdersEquityGrowthPerShare,Industry,Sector,Symbol
2023Q3,2023,Q3,2023-05-18,2023-01-31,-23077664.0,93219753.0,23278060.0,-3.8,11026337.0,0.1182832677,277203177.0,67879389.0,229588923.0,198409091.0,209323788.0,176792078.0,25790091.0,22828042.88,137748727.88,11.180393517816977,1.1571492104663692,0.4198848485780522,1.7147092175505587,0.11719867091724849,11.180393517816977,-0.33998043205721845,0.24488418114559904,-0.24729585802098514,0.3363030106237403,0.0,0.4649157186782996,0.0,0.33628674104265405,0.25595196643484447,-0.08325180198061005,-1.9860042883274704,0.11828326771043901,-28.14285714285714,-381.111501875714,-0.2680015541342732,-0.4456341456747956,-0.1718246782544076,-27.469096381120163,8.759861405126284,-75.0223003751428,-0.011246206096393428,-0.180258867449848,Electronic Components,Technology,SGMA
2023Q2,2023,Q2,2022-12-12,2022-10-31,871872.0,108676743.0,2385081.0,0.14,13314013.0,0.122510232,305203620.0,90821683.0,233887003.0,114507401.0,214381937.0,176116265.0,48867755.0,28717192.240000002,132592480.24000001,14.959211785044623,2.0425492235213687,0.3481739207418313,1.1700283180174056,0.004612373952562114,14.959211785044623,0.009599822104155458,0.2642441376808652,8.234348688798358,0.3161931302241999,0.0,0.5414759959848116,0.0,0.3560794691753656,0.49143095999532815,0.002856689576617735,-5.115975329039081,0.12251023201900704,-0.3636363636363636,-0.18035725160691138,0.030801018254992617,-0.004237799312534807,0.13940719903705895,-0.3666827682641146,1.1340676901492635,-0.07854763905836229,0.014508814316328117,0.07005476396567105,Electronic Components,Technology,SGMA
2023Q1,2023,Q1,2022-09-13,2022-07-31,1376675.0,105572856.0,1117622.0,0.22,11685035.0,0.1106821909,316053246.0,89855438.0,242762484.0,129579519.0,226197808.0,176306016.0,47995883.0,41624697.96,139922607.96,14.830302424133194,1.8734633827433793,0.32508472638816055,1.143437562454484,0.003882082882518005,14.830302424133194,0.015320998157062013,0.39427462263595486,7.558918764414259,0.4632407218358893,0.0,0.5325276081333492,0.0,0.33403503155287956,0.4902702795184785,0.004355832497920303,-2.2504449539062277,0.110682190884369,0.46666666666666673,1.5246112485719305,0.04076375748240479,0.0116652948234058,0.09753048397051432,1.1458777574102479,-0.5381618492666976,1.5246115822491826,-0.05558603824914736,0.014350639073651273,Electronic Components,Technology,SGMA
2022Q4,2022,Q4,2022-07-27,2022-04-30,641544.0,99227925.0,2419943.0,0.15,10646661.0,0.1072950079,293631277.0,88333997.0,218944139.0,132501195.0,205297280.0,164965216.0,46619208.0,28508849.28,108173747.28,20.635852897532313,1.652393693505934,0.28171229524707614,0.9364405982896936,0.0043125956655215274,20.635852897532313,0.007262707697920655,0.2873067161285495,11.109467659272006,0.3227392651551814,0.0,0.5369693451012121,0.0,0.3379337719530471,0.39067593314913124,0.00218486261598079,-2.545499108950063,0.10729500793249482,1.2586206896551724,-0.5004260679865962,0.48249152796255124,0.3987624835194109,-0.14313594383518713,1.2354897428584328,-0.7408891757972369,-0.3483819526689437,0.3490448379160586,0.5099785881802772,Electronic Components,Technology,SGMA
2022Q3,2022,Q3,2022-03-23,2022-01-31,-2724297.0,93682451.0,9339413.0,-0.58,12425146.0,0.1326304539,279638686.0,214625863.0,205315800.0,127526794.0,65012823.0,156317269.0,45977664.0,38640987.23,91201005.22999999,45.37910199531928,1.6099816639317381,0.19920979030776878,0.2595528946108419,0.044999113468469396,45.37910199531928,-0.012693237254449619,0.4124677227968768,-3.5459594924855846,0.18003882053114914,0.0,0.5198229569888404,0.0,0.33501248464599065,0.34930206118096246,-0.009742203551907693,-3.6216753635266867,0.13263045391500272,-1.8405797101449277,-49.39782161749245,0.33983550420288927,2.139663508040233,0.054982404713495615,-1.8647999098471368,0.8647527989023224,-3.0913700039766394,0.21690423025646288,2.350980613768898,Electronic Components,Technology,SGMA
2022Q2,2022,Q2,2021-12-13,2021-10-31,3150205.0,100216614.0,5008392.0,0.69,11777586.0,0.1175212924,250203733.0,73097372.0,198265130.0,113245906.0,177106361.0,133157121.0,48701961.0,38147685.16,104514183.16,16.938924754405726,1.7507487643747581,0.2749233321790607,0.9410303286963586,0.021526347995930298,16.938924754405726,0.04309600897827079,0.380652305415148,3.0273970392403036,0.5218749199355621,0.0,0.6641704727154623,0.0,0.40054004310159513,0.554677835329429,0.012590559550124697,-3.059063324528737,0.11752129242762083,-0.6584158415841584,90.77351503507202,0.4763453728819287,0.17293124028830265,0.2290751932850772,-0.6418885183970927,0.44273235808648975,5.265411221980084,0.275757442924048,0.24232187031225705,Electronic Components,Technology,SGMA
2022Q1,2022,Q1,2021-09-13,2021-07-31,8796716.0,85739434.0,3471463.0,2.02,9582478.0,0.11176278583784446,217587993.0,69379169.0,164721162.0,97583914.0,148208824.0,113143188.0,45551756.0,25908984.599999998,78030715.6,16.227489059528793,1.6879950316401533,0.25418824925693395,0.7971890092831755,0.022776860900216682,16.227489059528793,0.12679189051687834,0.3021828275656683,0.736325482145837,0.37344039966809056,0.0,0.673102440776196,0.0,0.39404487728327914,0.5091462922874768,0.04042831536205217,-19.820078197136034,0.11176278583784446,4.611111111111112,50.4378504049904,0.24741118604229095,-0.013966276801835962,0.19664825328915123,4.61889778666917,0.6227514847527983,18.14595143736841,0.2323229947643733,0.22183420307736082,Electronic Components,Technology,SGMA
2021Q4,2021,Q4,2021-07-23,2021-04-30,1565559.0,76043944.0,2139245.0,0.36,8007765.0,0.10530444081122357,194173407.0,60549061.0,141553863.0,85315249.0,133624346.0,98078601.0,36755040.0,21621641.51,76712788.51,14.310000541212377,1.6591859563112803,0.30179403506063013,0.9678164290607248,0.012863451272860895,14.310000541212377,0.025856040938438334,0.28433087991859024,3.452703077622753,0.3570929284931438,0.0,0.6936903494371826,0.0,0.3916290349687277,0.49417224346376815,0.008062684917507782,10.463257499026101,0.10530444081122357,5.0,35.9999959822662,0.4443970382394978,0.16305315825059888,0.35433327487159416,5.280625671967521,2.0557587098433014,1.3557691888971697,0.11267587559141323,0.02763311647187331,Electronic Components,Technology,SGMA
2021Q3,2021,Q3,2021-03-11,2021-01-31,249268.0,71531348.0,700070.0,0.06,5912699.0,0.08265885049447132,169934482.0,58884200.0,125864505.0,67481312.0,111050282.0,86050438.0,35189481.0,21437049.72,70473894.72,14.173707481609554,1.8651757245028076,0.30471463702110796,0.8793789165854338,0.006473929336036758,14.173707481609554,0.004233189887949569,0.29968748415030566,21.50000172505095,0.3640543595735359,0.0,0.7625603137545912,0.0,0.42093486359054544,0.5735956645300554,0.0014668476760355206,95.52882176788292,0.08265885049447132,-0.6,0.19999990371809426,0.2721760905428935,0.03578432367924479,-0.1252811211173775,-0.602353324038299,-0.47670172663688154,4.999999518590471,-0.17914935912907656,-0.2972144098079815,Electronic Components,Technology,SGMA
2021Q2,2021,Q2,2020-12-11,2020-10-31,626858.0,69618424.0,1337803.0,0.15,6759542.0,0.09709415427157615,166440451.0,58617220.0,121312642.0,63043430.0,107823231.0,83940180.0,34940213.0,13666600.68,61284741.68,13.767964734299971,1.9242709668557056,0.315873807623845,0.896906728091165,0.006451680408724864,13.767964734299971,0.010694092964490639,0.19630724016389683,5.450437212255407,0.23314992897991407,0.0,0.7488533143483848,0.0,0.4182782705869981,0.5762388880173557,0.0037662599219945637,1.9060150611248035,0.09709415427157615,1.7142857142857142,-0.4741574821887791,-0.031496149046419016,-0.04416443534022047,0.5822190534084267,1.6959938534373453,2.6991556315362986,-0.15963800177673468,-0.05835376508303222,-0.08353333987021591,Electronic Components,Technology,SGMA
2021Q1,2021,Q1,2020-08-12,2020-07-31,-900666.0,60524956.0,-787334.0,-0.21,4272191.0,0.0705856109998659,168847482.0,57990362.0,123189280.0,60797911.0,110857120.0,85206598.0,34313355.0,13295546.6,67175039.6,13.52107796756547,2.0262090912959163,0.3359575655383478,0.9781899447359891,-0.0050136456914320286,13.52107796756547,-0.015531305012374298,0.21967048765801664,-3.6904764363260076,0.22927166069423746,0.0,0.6601925944749021,0.0,0.35845933432397886,0.6046230930533123,-0.005334198587575029,-2.1762239426515317,0.0705856109998659,-1.3333333333333333,-2.312500071943938,-0.09520353121554676,-0.03837158087232237,-0.22228990068802057,-1.4875672182220419,-4.971339796422771,-3.333332934127562,-0.15708413551154193,-0.0776448829439916,Electronic Components,Technology,SGMA
2020Q4,2020,Q4,2020-08-12,2020-04-30,-362067.0,64769921.0,198254.0,-0.09,5493295.0,0.08481243940377818,176079031.0,58875799.0,130616797.0,70048041.0,117203232.0,87179369.0,35214021.0,11867752.65,46503531.65,14.634919699813596,1.8646745167363068,0.23520815491084796,0.7034337487292529,0.0037311697124710157,14.634919699813596,-0.006149674503780407,0.18322938281799048,-8.194445123416385,0.20157268099240574,0.0,0.679938690540419,0.0,0.3678457374064036,0.5985390083928257,-0.0020562755141468264,-6.933524094907364,0.08481243940377818,-0.7999999999999998,-3.2499998135704318,0.1802399158936538,0.13658345258332427,-0.005158122104532654,-0.6682117038873198,2.803579993476968,-1.2999999989869526,0.029652471974164044,-0.007999488702191554,Electronic Components,Technology,SGMA
2020Q3,2020,Q3,2020-03-12,2020-01-31,-217039.0,67407268.0,52123.0,-0.05,5521777.0,0.08191664139243857,148456701.0,59203603.0,104962606.0,49232137.0,89253098.0,73881813.0,35576088.0,17363120.0,49007915.0,13.638931943107,2.1319937015937374,0.2195248902910755,0.5504722575752695,0.000344933205094665,13.638931943107,-0.003665976207562908,0.2575852799730735,-20.0,0.2932780966050326,0.0,0.8376282130488595,0.0,0.45405338759346403,0.5788805389455266,-0.0014619683620748112,10.123713335828823,0.08191664139243857,-1.3333333333333335,-1.3571428698057015,0.1650812524463802,-0.025293113508945825,-0.2255013895812405,-1.3282585910406044,-0.9635298957877075,-3.3747523614477974,0.05040878340136053,-0.05635733129240333,Electronic Components,Technology,SGMA
2020Q2,2020,Q2,2019-12-11,2019-10-31,661183.0,74855312.0,1429198.0,0.15,7129486.0,0.09524355465915364,151658890.0,59309652.0,108708882.0,47933184.0,92349238.0,71415245.0,35793127.0,17733683.439999998,50601442.44,13.97985625483794,2.267925327055261,0.23960497798711305,0.6126865320336056,0.00905810423113503,13.97985625483794,0.01114798313097504,0.23690614555183467,6.705285616841328,0.2990016437796667,0.0,0.9483384955131079,0.0,0.4935768157079351,0.7345455916302159,0.004359671892626934,2.3905139413638277,0.09524355465915364,0.6666666666666666,2.896180042559731,0.04967609711682066,-0.0820533412770237,0.024302576371357,0.8314050273526764,0.2614213870005984,18.59266364980265,0.12166746149762939,-0.03196865363166745,Electronic Components,Technology,SGMA
2020Q1,2020,Q1,2019-09-12,2019-07-31,361025.0,74009981.0,1133006.0,0.09,6960332.0,0.09404585578801865,155788559.0,58648469.0,113118143.0,48760967.0,97140090.0,74255011.0,35131944.0,16968175.470000003,56675304.47,14.62048906251675,2.319850281066001,0.26442801232919805,0.7024029732131627,0.00612718111908767,14.62048906251675,0.00615574466232017,0.22926874511695933,11.750000325462226,0.28932000714289746,0.0,0.9029646362856238,0.0,0.47506685648206043,0.7472549303626402,0.002317403808838106,5.011027356299912,0.09404585578801865,-0.6086956521739131,20.63430219670814,0.3568000952787131,0.06431064041305758,-0.16437657542318226,-0.6319676643288208,-0.5194021785006361,1.249999937677448,0.1476310877166563,-0.11161269544494518,Electronic Components,Technology,SGMA
2019Q4,2019,Q4,2019-07-25,2019-04-30,980960.0,73286753.0,2357493.0,0.23,8329508.0,0.11365639299096796,161464765.0,58287449.0,123545289.0,55606766.0,103177316.0,85579575.0,34770924.0,11686217.82,54083062.82,13.666321535328015,2.2217672036528793,0.2688057360378284,0.7446312327032875,0.012138759000777277,13.666321535328015,0.01682969518875324,0.15945880178372754,2.978260535597782,0.20049286802721458,0.0,0.7590274314870108,0.0,0.45388697032445435,0.6389298021755122,0.006075381213975693,4.669294872102222,0.11365639299096796,2.642857142857143,1.0909090780917186,0.18850959382878582,-0.05199021755778433,0.5064798738316405,2.6472160745290716,221.10017738773223,22.000002579106468,0.38099397741581714,0.11073779330442908,Electronic Components,Technology,SGMA
2019Q3,2019,Q3,2019-03-15,2019-01-31,-595526.0,68852050.0,-10711.0,-0.14,5529120.0,0.08030436276044069,171094256.0,57282923.0,132640709.0,63139403.0,113811333.0,95417027.0,33789964.0,11251821.280000001,55459043.28,13.54203656352423,2.100759631826104,0.2702213626622275,0.8071048155136916,-9.73979597713739e-05,13.54203656352423,-0.01039622227378306,0.16342027986094823,-4.723480284655918,0.19642540378046003,0.0,0.6636439217499409,0.0,0.4024217504999116,0.5525439161976239,-0.003480689614734933,-10.54929123050455,0.08030436276044069,0.1764705882352941,-1.7409790141581505,0.17618120720393374,-0.029951633327508085,-0.17402901218015607,0.17738323979440312,-1.012214201817705,-3.8157204430819047,0.20265710162656692,-0.0103768402593916,Electronic Components,Technology,SGMA
2019Q2,2019,Q2,2018-12-12,2018-10-31,-723941.0,77001091.0,876930.0,-0.17,6694085.0,0.08693493706472288,169529975.0,57675703.0,130029775.0,63677299.0,111854272.0,89402592.0,34385490.0,17977534.0,60456331.0,13.634892179872946,2.0420114709953388,0.2607675486296745,0.7664911513952418,-0.014707127668182749,13.634892179872946,-0.012551923294285637,0.23347115951902553,-6.208217934886958,0.311700301251638,0.0,0.7864090338678323,0.0,0.4542033997232643,0.6109571010541763,-0.00427028317558591,-14.162117834269464,0.08693493706472288,-0.4166666666666668,-1.8557206038381016,0.2622976361160373,-0.005675297567575799,0.15633446973047074,-0.37472726340515794,7.045291603474424,-1.6112290450301847,0.07817268947174705,-0.05340294536375318,Electronic Components,Technology,SGMA
2019Q1,2019,Q1,2018-09-13,2018-07-31,-526607.0,71414057.0,-145060.0,-0.12,5789056.0,0.08106325621578957,166382654.0,58283344.0,125708689.0,60855543.0,108099310.0,88012795.0,35109431.0,30674860.080000002,71259303.08,13.281252905392225,2.065690039114432,0.25477139582110525,0.7273011136766621,-0.0009900751655408705,13.281252905392225,-0.00903529145479367,0.4295353235568174,-14.562501106137974,0.5263057672188474,0.0,0.7456302347857491,0.0,0.429215758272494,0.5892360372168564,-0.0031650354609681847,-7.3952676050361825,0.08106325621578957,0.8846153846153846,-1.4999999620210167,0.16795980189833803,0.010424234221105212,-0.15425957449543867,0.8801041845724414,0.9735065374344809,-1.7500000341053699,0.04337207367094812,-0.055428105208479156,Electronic Components,Technology,SGMA
2018Q4,2018,Q4,2018-07-24,2018-04-30,-4392205.0,68214619.0,-5475313.0,-1.04,6844956.0,0.10034441444289237,161229970.0,58809951.0,120029726.0,59378486.0,102420019.0,86929793.0,35636038.0,28633797.720000003,64351267.72,13.92520376371507,2.02143459838299,0.23220911720072887,0.636611123855553,-0.03949879530382896,13.92520376371507,-0.07468472469905646,0.41976042877260666,-1.6298076774649635,0.48688695081551764,0.0,0.7059681253353497,0.0,0.4230889517625042,0.5246207355303737,-0.0272418645243189,11.731162865776916,0.10034441444289237,-105.0,-14.00000174315294,0.25905748901986314,0.07166226823298508,0.1606853259266042,-141.15588103899418,-22.086470769467766,-27.000000236783123,0.184054248091955,0.08146518712304006,Electronic Components,Technology,SGMA
2018Q3,2018,Q3,2018-03-14,2018-01-31,31338.0,65733723.0,259660.0,0.01,5897340.0,0.0897155939273362,166132354.0,63202156.0,121930279.0,56614176.0,102930198.0,86257520.0,40028243.0,28276277.4,65504154.4,20.167897121705277,2.1537057962302586,0.23939449506626506,0.6292692135375888,-0.0006416138868044889,20.167897121705277,0.0004958375154164045,0.43016394187805246,225.575,0.44739419016022175,0.0,0.6936946830838633,0.0,0.3956708095522441,0.587232922015857,0.0001886327331520265,-5.833631600164551,0.0897155939273362,-0.9411764705882353,1.1666666512898107,0.6207486173249035,0.41264411020081293,-0.16980593414464393,-0.9574278475509941,-0.8223082950396737,-0.9285714260388597,0.5737444731865396,0.4412996774651495,Electronic Components,Technology,SGMA
2018Q2,2018,Q2,2017-12-12,2017-10-31,736115.0,72959074.0,1461295.0,0.17,7103568.0,0.097363735729431,159459290.0,63117741.0,114820430.0,56971893.0,96341549.0,80955631.0,39996905.0,40375857.62,71843060.62,15.022875717432253,2.0153873068602444,0.2126627743043381,0.537266614152113,0.009050213875652541,15.022875717432253,0.011662568848907314,0.5534041950696906,13.712482974806925,0.6396911071326206,0.0,0.8134765325959846,0.0,0.4575404418268763,0.5641274022613221,0.004616319312596965,-15.425434030974758,0.097363735729431,0.8888888888888891,0.45229613967192905,0.3180560677160717,0.16174429104136506,0.051281816010350076,0.9225636096760882,0.7295314992874964,3.380133059078288,0.033085565345015416,-0.013566497548559167,Electronic Components,Technology,SGMA
2018Q1,2018,Q1,2017-09-13,2017-07-31,382882.0,71224293.0,844908.0,0.09,6757054.0,0.0948700747370002,158809989.0,62364228.0,113945481.0,60450477.0,96445761.0,81294687.0,39260790.0,35565479.839999996,63515454.839999996,14.659297398080598,1.8849393198336548,0.18832106965261486,0.4795580408691983,0.0057088790967406685,14.659297398080598,0.006139449044410523,0.4993447929346241,23.22221979617741,0.5702865405469302,0.0,0.7930067926825279,0.0,0.4484874877738327,0.5061540540035772,0.0024109440622151293,-10.385033792879112,0.0948700747370002,-0.7,5.50000047011878,0.6370317000222635,0.33267742138216266,-0.11268996844736562,-0.6956824457186095,-0.625861497885998,20.634305056108577,0.23119290432033215,0.06713572542223264,Electronic Components,Technology,SGMA
2017Q4,2017,Q4,2017-07-24,2017-04-30,1258166.0,65577213.0,2258276.0,0.3,7615212.0,0.11612588659417411,151185664.0,61872145.0,109031913.0,55611214.0,89313519.0,73571238.0,38877908.0,23066378.5,47116862.5,14.752935641804369,1.9606101927571657,0.18218531619505934,0.44517299343670724,0.013952044982712797,14.752935641804369,0.02033493424221837,0.35174380619072665,4.583333697620186,0.37280715740500026,0.0,0.7878350640232532,0.0,0.43375285238685063,0.5842272747363508,0.008321992751905366,-31.64012452282027,0.11612588659417411,31.0,0.7647056062291263,0.5030674897014532,0.10463539841350084,0.40527527312144007,27.292861322410765,5.762540463976954,1.7272721879658621,0.08152573024952682,0.02338637884501399,Electronic Components,Technology,SGMA
2017Q3,2017,Q3,2017-03-14,2017-01-31,-47852.0,61896226.0,333939.0,-0.01,5419018.0,0.0875500551519894,139010992.0,60514069.0,96581916.0,46514897.0,78496923.0,68371266.0,37619742.0,18861592.565,42041948.565,14.453492190838235,2.0763652556298253,0.18903248312910392,0.43423939976668896,-0.001964536699119161,14.453492190838235,-0.0007907582615209696,0.30472928292914014,-98.54129694161163,0.3116893786302818,0.0,0.8260371835150749,0.0,0.44526137904260116,0.5562600299856625,-0.0003442317712544631,25.86188856057698,0.0875500551519894,-2.0,-1.5170812637581064,0.5037009368490301,0.11286207119536328,-0.015089312327791147,-2.437212794713921,0.2683604016955075,-1.0601537767864675,0.06826538191055483,0.03533810639686217,Electronic Components,Technology,SGMA
2017Q2,2017,Q2,2016-12-12,2016-10-31,33295.0,65842957.0,263284.0,0.01,5502040.0,0.08356307569843803,141325570.0,60448674.0,98932989.0,47116802.0,80876896.0,69954378.0,37667594.0,22019148.396,45615552.396,14.441532608716427,2.0997390485033343,0.1904637426900171,0.44529342364069063,0.0035681471824642076,14.441532608716427,0.0005507978553838914,0.3344191907419954,165.33374677879561,0.364261892593376,0.0,0.8625752772757125,0.0,0.4658955700656293,0.5747442706319499,0.00023559077101192657,-169.0451756233878,0.08356307569843803,-0.6666666666666666,-0.8057779303957345,0.5234123916250839,0.11272168285171352,-0.0004754156344346251,-0.7728807547221294,-0.358936836953584,-0.9602281740533123,0.09079192040063207,0.0531489669589686,Electronic Components,Technology,SGMA
2017Q1,2017,Q1,2016-09-13,2016-07-31,146597.0,58919398.0,410699.0,0.03,5504657.0,0.0934269050067348,142781350.0,60314905.0,99885321.0,48384556.0,82466445.0,72412182.0,37634299.0,22429341.0,45439090.0,16.457336780425248,2.0644050345320935,0.19015332884862063,0.45014327718828373,0.002869791465430562,16.457336780425248,0.0024305269153619656,0.38067838031882134,38.25,0.37187061805038074,0.0,0.7376485492454847,0.0,0.4126547199616757,0.5289039337262906,0.0010267237282740357,-6.540524155451511,0.0934269050067348,1.9999999999999996,-0.3585229144965368,0.5973523399541842,0.2722451776983921,-0.07997311783027931,2.0023757347369284,-0.16049042032815972,-0.8333333333333333,0.1538326230713851,0.2520574701900778,Electronic Components,Technology,SGMA
2016Q4,2016,Q4,2016-07-29,2016-04-30,48827.0,60753363.0,489213.0,0.01,5983148.0,0.09848258112065335,136862258.0,60075878.0,94090884.0,45986309.0,76786380.0,67649022.0,37487702.0,30028605.0,49553406.0,12.303823294488705,2.0460629706115356,0.17426330201274334,0.3969990917153138,0.0009362077752222081,12.303823294488705,0.000812755495641695,0.4942706628438001,153.75,0.49984462981964245,0.0,0.8096231605535997,0.0,0.4439015100861481,0.5287167969927745,0.0003567601522400719,10.117802229052346,0.09848258112065335,-0.7999999999999999,-0.8750000179097849,0.12674903503957038,-0.13683730873120026,0.04818629539517205,-0.7767684064225888,-0.1669396915783451,-0.8749999843772946,-0.030098472285282347,-0.05311667940779438,Electronic Components,Technology,SGMA
2016Q3,2016,Q3,2016-03-15,2016-01-31,218728.0,59206344.0,587248.0,0.05,5708096.0,0.09641020901408809,140519541.0,59861626.0,97798153.0,47841737.0,80657915.0,69550176.0,37438875.0,29222060.799999997,51424651.8,13.684033594235762,2.044201551461227,0.1829581837304749,0.4294771411655273,0.003757309123775857,13.684033594235762,0.0036538933974162345,0.4935630006135828,33.4,0.48816015789480893,0.0,0.7692036322093563,0.0,0.42133886560304096,0.529298591311599,0.0015565664280101797,-20.469017612480595,0.09641020901408809,-0.8148148148148149,-0.24984577227668364,0.4008983846490165,0.05962004888071116,-0.24863943236637873,-0.8108376906299242,-0.7153341496448269,1.8333332564490534,0.04576131489318671,-0.041512888327708594,Electronic Components,Technology,SGMA
2016Q2,2016,Q2,2015-12-14,2015-10-31,1156298.0,69723493.0,2062938.0,0.27,7597013.0,0.1089591567077685,141721767.0,59483749.0,99433085.0,49052119.0,82238018.0,67356773.0,37220147.0,27338190.32,47679488.32,14.40411430934833,2.027090511624992,0.17582690737972523,0.41891273530859663,0.014412902019519346,14.40411430934833,0.019438889098936922,0.39209438804220553,5.910714694654837,0.45959090977940886,0.0,0.9223494124339953,0.0,0.49197448264951427,0.5551921416483557,0.008158930166316653,8.998701560064713,0.1089591567077685,0.6875000000000001,0.8265602012441244,0.6899323272636416,0.12122109102657593,0.21937060874048236,0.755141877882108,0.7409920155014553,1.320950559545251,0.2815050062550438,0.11389442881265187,Electronic Components,Technology,SGMA
2016Q1,2016,Q1,2015-09-14,2015-07-31,658806.0,64220946.0,1184921.0,0.16,6230274.0,0.09701311469314076,138864088.0,57895078.0,96013067.0,46326250.0,80969010.0,67420476.0,36063850.0,26557708.3462,49556377.346200004,14.060605633754928,2.072541312970508,0.18665511993280798,0.44770115000104155,0.009129925251884248,14.060605633754928,0.011379309308470057,0.4135365484370162,10.07796997378591,0.45872135013273496,0.0,0.8601344196976598,0.0,0.4624733934089568,0.5167295000134913,0.004744250363708146,4.9298939306024145,0.09701311469314076,3.0,-0.2871143036490323,0.566521367190123,0.10768102198661646,0.07173275222628496,2.7412390043897257,0.8204627510024736,8.999999028545698,0.5250722546177408,0.27825032470638755,Electronic Components,Technology,SGMA
2015Q4,2015,Q4,2015-07-27,2015-04-30,176093.0,60053552.0,650890.0,0.04,5813272.0,0.09680146812964535,140058750.0,56685387.0,96477279.0,43408586.0,83373363.0,68669709.0,35405043.0,35444439.2725,63994015.2725,12.876238578478418,2.2225390847792186,0.22431867341383527,0.5542485402807605,0.0030624532398637627,12.876238578478418,0.0031064972706281425,0.5902138689897977,50.32062499999999,0.6252835368752091,0.0,0.7898719943607159,0.0,0.4287740109061376,0.5419440522665263,0.001257279534481066,151.2722058158244,0.09680146812964535,-0.7142857142857143,-0.9107995557245959,0.4906895212657884,0.032731551488884805,0.02070227281306817,-0.6878226492696071,-0.17412532577443593,-0.7647059004680955,0.31129030248334133,-0.035883482613418685,Electronic Components,Technology,SGMA
2015Q3,2015,Q3,2015-03-16,2015-01-31,564080.0,53702613.0,788122.0,0.14,5695365.0,0.10605377805359303,138745657.0,56379213.0,95302043.0,42160952.0,82366444.0,68646204.0,35228950.0,23449612.26,51735427.260000005,13.992854808082017,2.2604338488371893,0.2202094080681747,0.5419213460819328,0.008605437741985564,13.992854808082017,0.010005105959886315,0.4366568207770449,10.392857511345909,0.4159265625080648,0.0,0.6993430838506379,0.0,0.38705797472276915,0.5151456257439349,0.004065568697404345,-5.172974842822793,0.10605377805359303,2.5,0.30526134569312735,0.6872345356325179,0.1796700186332795,-0.02036343821280333,2.8522423836808284,-0.18409817465050024,5.333886718547264,0.3557000152208423,0.07739480383356687,Electronic Components,Technology,SGMA
2015Q2,2015,Q2,2014-12-12,2014-10-31,146429.0,61533519.0,965952.0,0.04,5813753.0,0.09448107461560909,130000012.0,55750962.0,86449480.0,40408050.0,74249050.0,59087958.0,34664871.0,25625075.0,49100510.0,15.229486508819974,2.139412320069887,0.1980693586397515,0.46185784202252866,0.0022565153400274604,15.229486508819974,0.002626483826413614,0.4164409157226974,43.75,0.4596346696223825,0.0,0.9429969808738355,0.0,0.47333471784602604,0.5684955844194411,0.0011263768191036782,-42.655565432197406,0.09448107461560909,8.77039570102589,-0.7044213586752703,1.1022507632617171,0.27865758205636687,0.22486394036129753,7.710826888756692,3.159337228779221,-0.02331831651576131,0.6278946570486387,0.1734336178996321,Electronic Components,Technology,SGMA
2015Q1,2015,Q1,2014-09-11,2014-07-31,16810.0,54947477.0,232237.0,0.004094,4746448.0,0.08638154578052783,128423973.0,55508770.0,85066460.0,40113434.0,72915203.0,57545337.0,34518441.0,45014589.980000004,68768508.98,13.73705054460656,2.1206476613296186,0.20407577641286648,0.47214560870291306,0.002956686698212041,13.73705054460656,0.00030283502949173614,0.8192294248560312,669.4614809637121,0.8109455493249085,0.0,0.8723735339320369,0.0,0.42785996816965005,0.5755029599310795,0.00013089456436610943,-16.76812064216732,0.08638154578052783,-0.95906,1.0395106844440762,0.9741573029359217,0.16676357317742085,-0.17093682981215613,-0.9602392739469084,-0.7543536574530469,-0.9332854191791812,0.3510989642079865,0.06195167203251313,Electronic Components,Technology,SGMA
2014Q4,2014,Q4,2014-07-24,2014-04-30,422779.0,55567396.0,945412.0,0.1,5725074.0,0.10302937355567282,125479431.0,55406343.0,83170480.0,36998496.0,70073088.0,53728377.0,34501631.0,39664352.4,60548550.4,14.415802229510245,2.247942186622937,0.209791491642961,0.47511738863544917,0.006493423139877114,14.415802229510245,0.007630516238907881,0.7138062111098386,23.45454268069133,0.7158810752046927,0.0,0.9276722056949533,0.0,0.44284067561638846,0.6781588094824179,0.0033693091898065746,18.631584821480995,0.10302937355567282,-0.4444444444444444,2.076729299588421,1.0345932158105595,0.2137207806950694,0.1884206767994221,-0.4315912739279962,9.294120209059233,0.3749999656068731,0.30923102306306594,0.011326508142923786,Electronic Components,Technology,SGMA
2014Q3,2014,Q3,2014-03-13,2014-01-31,743794.0,54175196.0,91840.0,0.18,4817380.0,0.08892224404688817,125968819.0,54649933.0,83481224.0,36783638.0,71318886.0,56192478.0,34078853.0,36563344.7,59699710.7,13.960166347144932,2.269520594999331,0.21446217575477944,0.4943381540833728,-0.006214451342097134,13.960166347144932,0.01361015392278706,0.6749093201250256,12.289472858076296,0.6690464689133288,0.0,0.8783705178476023,0.0,0.43006830126747475,0.6425279087402938,0.005904588182254848,-7.752415400706601,0.08892224404688817,-0.05263157894736847,3.735972126750899,0.9613695724127174,0.17906336332559106,-0.1965859346752642,-0.05207390773512911,-0.9205798775837051,1.8505862569733162,0.43243267332973495,0.08100232619830214,Electronic Components,Technology,SGMA
2014Q2,2014,Q2,2013-12-13,2013-10-31,784654.0,56577287.0,1156382.0,0.19,5996136.0,0.1059813278073938,120604993.0,53798687.0,78324313.0,35074679.0,66806306.0,50487435.0,33335062.0,20440236.7,38763431.7,13.712715923196722,2.233072838670883,0.19402194235855558,0.43495513189754986,0.01192168119430186,13.712715923196722,0.014585002790123855,0.3612799019507598,6.512499999999999,0.3799393226827264,0.0,1.0018562242268794,0.0,0.4691123111296064,0.694153009924909,0.0065059827166525355,-13.130702747843962,0.1059813278073938,-0.2083333333333333,-0.4921257729274119,0.3401711472919034,0.15156171605918262,-0.04647790028891255,-0.18895793538570943,-0.19294971560177268,0.3046859482979268,0.4434304796112264,0.06740240865526172,Electronic Components,Technology,SGMA
2014Q1,2014,Q1,2013-09-12,2013-07-31,967464.0,56166061.0,1432850.0,0.24,6288408.0,0.11196099366840057,120626112.0,52985723.0,78450371.0,39569081.0,67640389.0,52442681.0,32550404.0,16849998.0,35465683.0,13.14423432809903,1.9826179688125687,0.17751730238971808,0.40413192059302466,0.014872011062611632,13.14423432809903,0.018258956285261974,0.300003199441029,4.354166666666667,0.31801015530164606,0.0,0.9510889231616515,0.0,0.46562108376667233,0.5756462476346115,0.008020353006155086,-6.673189892076487,0.11196099366840057,1.9999999999999996,0.5835930153074962,0.3841731792043863,0.1417291081114521,0.10435300755979636,2.022881014351017,0.3497957195786086,0.06932867437694412,0.3994185798847168,0.0354901696999028,Electronic Components,Technology,SGMA
2013Q4,2013,Q4,2013-07-26,2013-04-30,320047.0,51322342.0,1061531.0,0.08,5694201.0,0.11094974972108639,117588917.0,51983731.0,78939507.0,38129159.0,65605186.0,50644741.0,31582940.0,16522428.44,32589710.439999998,12.994022628673585,2.070318597900363,0.17582450393688037,0.39772083692876914,0.0049472992265772635,12.994022628673585,0.006156676210870666,0.3219344206856343,12.906251613044333,0.31783844911016484,0.0,0.9009452926217947,0.0,0.43645560576087283,0.6499298083128453,0.0027217446011514844,7.151492152477528,0.11094974972108639,2.3333333333333335,1.0368903193366954,0.11399489595752824,0.14408444249301233,0.3812906970905378,2.476394988375097,5.112118289191817,-0.8215991337460252,0.4018877419290531,0.0421783557056077,Electronic Components,Technology,SGMA
2013Q3,2013,Q3,2013-03-15,2013-01-31,-216776.0,46758568.0,-258147.0,-0.06,4122377.0,0.08816302928695335,111725940.0,51580763.0,73941573.0,29582730.0,60145177.0,47645109.0,31262894.0,18606604.950000003,37940212.95,14.276700675047115,2.4994844289218743,0.2112379900316793,0.45754970704873055,-0.0015359044427560099,14.276700675047115,-0.004202652062358985,0.3979293153289041,-21.45833135356313,0.36072760207133814,0.0,0.8948702583511773,0.0,0.4185112964813722,0.771009943977449,-0.001940247716868616,-5.0354426017177225,0.08816302928695335,-1.5,-1.7340153782848695,0.20275736993773918,0.05566281397781951,-0.23704473485009725,-1.4489658971820543,-1.3568449645086154,-1.5593977910274297,0.6383022000066545,0.2035996930109695,Electronic Components,Technology,SGMA
2013Q2,2013,Q2,2012-12-13,2012-10-31,482834.0,52729395.0,723415.0,0.12,5403170.0,0.10246978938408074,114979862.0,51754517.0,78793759.0,33047269.0,63225345.0,48541540.0,31479670.0,18130255.92,33697766.92,12.931310128467288,2.384274446399792,0.20141871452237436,0.4474797050081638,0.009093223094989548,12.931310128467288,0.009329311294703031,0.34383584184874494,9.387416751927164,0.35031253252735406,0.0,0.9749634024796082,0.0,0.4585967845395396,0.8267684388685794,0.0041992918725193805,5.2128260507664015,0.10246978938408074,6.999999999999999,-0.33743849685630534,0.17162605670646244,-0.04163606667102467,0.14816980733539062,6.183737009361848,16.865186575457486,-0.10853320954474442,0.6477333335481895,0.08570421807137796,Electronic Components,Technology,SGMA
2013Q1,2013,Q1,2012-08-14,2012-07-31,-93144.0,47629229.0,40493.0,-0.02,4705898.0,0.09880273308644152,112701318.0,51228661.0,76807425.0,30941560.0,61472657.0,46900820.0,30996836.0,16253628.000000002,34310513.0,10.99988426522374,2.482338479378545,0.20860555508321563,0.45892515129372596,0.00033695434989543596,10.99988426522374,-0.001818200948098175,0.34125322498921834,-43.625,0.3172760654431315,0.0,0.9151936149517216,0.0,0.42261465833079254,0.8526886168635324,-0.0008264677082126049,-2.948429064840077,0.09880273308644152,-1.1176470588235294,-1.0917782206185367,-0.02592025129070071,-0.17204772919440692,0.01880301690002654,-1.143422025129342,-0.9623144246232652,0.8100475309025404,0.4847412321666195,-0.06571907643817133,Electronic Components,Technology,SGMA
2012Q4,2012,Q4,2012-08-14,2012-04-30,649440.0,39741827.0,1074496.0,0.17,4619046.0,0.11622631239374073,99146883.0,51021071.0,74139130.0,24930482.0,48125812.0,37838378.0,31089979.0,14402285.95,28035195.95,13.355479702164919,2.9738346013526735,0.1845932060214137,0.3587114233646722,0.01118510499746168,13.355479702164919,0.012728858631760199,0.3623961714190945,5.544117220220498,0.28228113733637616,0.0,0.9282316752583845,0.0,0.4008378861491793,1.3352916321473447,0.006550281565583862,3.0288865645406906,0.11622631239374073,7.500000000000001,-0.015157769422073739,-0.0006889049093307792,0.018946873418801982,0.31164022966963695,6.58195572989633,1.7140385397433209,3.7549450849184334,0.46398277427137746,0.12444822650840864,Electronic Components,Technology,SGMA
2012Q3,2012,Q3,2012-03-14,2012-01-31,85656.0,38099493.0,395903.0,0.02,3521580.0,0.09243115124917804,97815695.0,50330531.0,72259848.0,19889764.0,47485164.0,36163850.0,30440539.0,14454693.69,32830356.689999998,12.987676159466234,3.6330168623418557,0.2388889533525269,0.4642726499348874,0.003333526355756856,12.987676159466234,0.0017018695868716346,0.37939333444673395,42.188211246147375,0.28719533457733637,0.0,0.956145791999469,0.0,0.3895028604560853,1.6817566060612885,0.0008756876899969887,1.9438290343611169,0.09243115124917804,-0.5,0.09545485067492727,-0.16316111330268804,0.006076972389241405,-0.013951644267931378,-0.4587879974978991,-0.2656182468090158,1.3182847032793688,0.39340420957094563,0.09692769796368914,Electronic Components,Technology,SGMA
2012Q2,2012,Q2,2011-12-13,2011-10-31,158267.0,39902653.0,539097.0,0.04,3571407.0,0.08950299620428746,100555703.0,50154529.0,74221677.0,17142565.0,50401174.0,40643178.0,30354883.0,14452900.88,40179204.88,12.978566726322141,4.329671609820351,0.2902295059286692,0.5818862739195497,0.00421558339410673,12.978566726322141,0.003155587404678848,0.3622040088412167,22.82993435144408,0.2881674131562476,0.0,0.8939076073234233,0.0,0.39682138167737735,1.8363232690090427,0.0015739236590091763,33.25556287261189,0.08950299620428746,-0.3333333333333333,-0.7809259021195782,-0.12824163639614986,0.005193462379727474,0.008157779742487525,-0.3431841667323758,-0.14884617570716735,-0.896000050853665,-0.04041225642083492,0.08990958866651667,Electronic Components,Technology,SGMA
2012Q1,2012,Q1,2011-09-13,2011-07-31,240961.0,38892011.0,633372.0,0.06,3542508.0,0.09108575023286916,106394133.0,49986952.0,79260482.0,25113985.0,56407181.0,47855255.0,30196616.0,18548515.2,44374856.2,12.935664499981108,3.156029678284828,0.2736275129005469,0.5823992229012083,0.004944497023226718,12.935664499981108,0.004820477951926335,0.47692353064489257,19.244312565103893,0.37106713768024907,0.0,0.7386754704368412,0.0,0.36554657576842137,1.1529895793120846,0.0022647959356931835,-3.6195000319048853,0.09108575023286916,-0.14285714285714296,-0.08710035110334002,0.031222475575786206,0.01688208047791016,0.01563137008004046,-0.13688806742675794,-0.16831854781526243,-0.5885555771477496,-0.00015536322295425185,0.1236124009764483,Electronic Components,Technology,SGMA
2011Q4,2011,Q4,2011-07-19,2011-04-30,279177.0,38536536.0,761556.0,0.07,3487986.0,0.09051114505984659,102867411.0,49743577.0,75832722.0,24255850.0,53123834.0,45021840.0,29955656.0,18460576.48,38885305.480000004,14.254350215719807,3.126368360622283,0.2387814640343189,0.49378899712017094,0.005757087861936949,14.254350215719807,0.005612322571816659,0.4790408894042786,16.531247631430958,0.37111477688868255,0.0,0.7784788449339254,0.0,0.37462336832799265,1.1703824850499982,0.002713949901976244,4.259731308416606,0.09051114505984659,0.0,0.6728132883896125,0.21148178591317976,0.1270656663729483,0.02135842386896106,0.09559371786922431,0.052474757665294795,1.036890329232891,-0.04107718945802369,0.2550524795658806,Electronic Components,Technology,SGMA
2011Q3,2011,Q3,2011-03-14,2011-01-31,254818.0,36934982.0,723586.0,0.07,3415046.0,0.09246101703799395,102599732.0,49371307.0,74912374.0,20802278.0,53228425.0,46343136.0,29676479.0,27755386.56,53236957.56,12.914094640517952,3.6011620458105598,0.2780320030465577,0.5777851698355889,0.005698070956637354,12.914094640517952,0.005161256921960766,0.7514660914143669,27.230598466356383,0.5621764592944642,0.0,0.7232988289786862,0.0,0.35999101830012575,1.2325907768370368,0.002483612725226222,8.66990610205451,0.09246101703799395,-0.5333333333333333,-0.12885704709317938,0.06517257382280875,0.018933684096547394,-0.19190018031149877,-0.5651940960668885,-0.4146634654275887,-0.18459511009324964,-0.1021496330737138,-0.04509243427560562,Electronic Components,Technology,SGMA
2011Q2,2011,Q2,2010-12-14,2010-10-31,586050.0,38195193.0,1236188.0,0.15,4226020.0,0.11064271883637294,108592259.0,49114074.0,80504097.0,24647348.0,59478185.0,49811073.0,29421660.0,21294421.92,49399537.92,12.846809986565722,3.266237690156361,0.2865623414280386,0.6335954129970973,0.00944612713979127,12.846809986565722,0.011932424909405805,0.5575157564984683,9.083875915024315,0.4335706689695504,0.0,0.6819602741743789,0.0,0.35173034755635757,1.13454778177352,0.005396793522823759,-3.0530775226029934,0.11064271883637294,-0.31818181818181823,-0.528644271684168,0.07526362749444838,0.019583763154685515,-0.09276936743611311,-0.31694928489759194,-0.22977405156987554,-0.15810467653511875,-0.11153563198631485,-0.04789853254301441,Electronic Components,Technology,SGMA
2011Q1,2011,Q1,2010-09-14,2010-07-31,857989.0,38061373.0,1604968.0,0.22,4658154.0,0.12238533801710201,105165299.0,48525610.0,77730527.0,28419473.0,56639689.0,45164785.0,28835611.0,20337301.32,41589065.32,12.693731638136539,2.735115003715938,0.24307698683003792,0.5267994364213041,0.013426910861937548,12.693731638136539,0.017681158464571595,0.5343291562288097,5.9258630705055655,0.41910449595584687,0.0,0.7395854757196342,0.0,0.3619195054064364,1.048695836126166,0.008158480108538464,-3.589675844912486,0.12238533801710201,-0.5093975564852775,4.106205458421419,0.7543770821104785,0.034126454522670574,-0.03643611470292371,-0.49949657343261084,0.10213303045243978,0.029934643868170702,-0.05169375301519359,-0.04455322607176748,Electronic Components,Technology,SGMA
2010Q4,2010,Q4,2010-07-16,2010-04-30,1714252.0,34982520.0,1456238.0,0.4484282598021712,4834297.0,0.13819178835601323,95695608.0,47663207.0,69332932.0,27165130.0,48032401.0,37406056.0,27977622.0,23430711.8892,37327018.8892,12.468137106796823,2.552276834309278,0.18756220243670954,0.3765772412250816,0.014780582584914112,12.468137106796823,0.03596593909427874,0.6697834200966654,3.417046019080042,0.49158907601832164,0.0,0.8059717121740929,0.0,0.36556035048128854,1.0732191231921218,0.017913591185919422,-8.130974423847912,0.13819178835601323,3.076620543656102,1.1563201674649441,0.38374085068514446,0.01939814574112212,0.43035382957111845,3.126074691673005,0.6619547602200361,1.5978297272754878,-0.12095246564575396,-0.04875230200318483,Electronic Components,Technology,SGMA
2010Q3,2010,Q3,2010-03-10,2010-01-31,415468.0,30599499.0,876220.0,0.11,3379791.0,0.11045249466339302,87899405.0,45946541.0,61561244.0,20568227.0,41952864.0,32288473.0,26263370.0,23086244.76,35526907.760000005,11.861668591267245,2.9930262827223757,0.20403489648195003,0.39033506352523906,0.008356706827623007,11.861668591267245,0.009042421713530079,0.7544647956491053,13.891710528849394,0.5024588196965687,0.0,0.8430162677559884,0.0,0.3481195236759566,1.2971815703900973,0.004726630402105679,7.921423700061008,0.11045249466339302,-0.15384615384615388,-0.7200119425516166,0.047286436368778065,-0.007608361622095579,0.029389674278529867,-0.19684978484355245,-0.04226423591110159,4.315783656930087,-0.3275964500053152,-0.08114804548089692,Electronic Components,Technology,SGMA
2010Q2,2010,Q2,2009-12-15,2009-10-31,517298.0,30564267.0,914887.0,0.13,3283296.0,0.10742269723006935,85293965.0,45528659.0,58391570.0,37344010.0,39765306.0,31192825.0,25847902.0,12614434.799999999,27703624.799999997,11.910527667874584,1.5636127453907602,0.22750148852852603,0.4262041629646944,0.008616639981921765,11.910527667874584,0.011362030232430083,0.41271838123911164,6.096309477322548,0.2770658103503554,0.0,0.87459122410362,0.0,0.3583403233745787,0.6676036397805163,0.006064883957499221,3.1644072397054948,0.10742269723006935,2.1818181818181817,-0.6121554830435726,0.07676700015040641,0.025518293195191402,0.4528803422169495,2.285292254177278,3.8861881206859565,-0.2761125845673891,-0.3249469534517661,-0.07752644820487649,Electronic Components,Technology,SGMA
2010Q1,2010,Q1,2009-09-10,2009-07-31,-402475.0,26330054.0,-316988.0,-0.11,2259853.0,0.08582789082012517,86792605.0,45005386.0,59337359.0,17210702.0,41787219.0,34182153.0,25330604.0,8524299.88,27378962.880000003,11.773636802181578,3.4477012616917078,0.2608312770425545,0.5030114840032702,-0.0028598047706954437,11.773636802181578,-0.008942818532875154,0.3237479072393851,-5.294925076091682,0.18940621640263233,0.0,0.7041745146948467,0.0,0.3033674815959263,1.284038501160499,-0.0046372038262937265,5.8263183119308195,0.08582789082012517,-4.076728935718728,-1.3808622811071944,0.030269369718030167,0.04537502715982799,-0.15109979170540494,-3.9449749387187647,-1.7934836753953176,-2.541449313382988,-0.29423880430076127,-0.07446576971664834,Electronic Components,Technology,SGMA
2009Q4,2009,Q4,2009-07-17,2009-04-30,136665.0,27162869.0,399489.0,0.03575225582045103,2662095.0,0.0980049272409332,87131376.0,45401885.0,59622532.0,16055185.0,41729491.0,36230555.0,25733079.0,5733834.0,25360716.0,11.877362947723984,3.7135998121479137,0.26865332644350753,0.5155762585628328,0.17343415815965837,11.877362947723984,0.0030101173112085542,0.2110908829255113,10.488848644495665,0.1262906595177711,0.0,0.6762461684619515,0.0,0.31174612690611014,1.30223606890858,0.0015684935355548613,0.7640172373887869,0.0980049272409332,1.5107465117207288,-0.8772651533104655,0.05657471268086292,0.08129064715947482,-0.032750157962758215,1.5148272043035056,3.6530120201267238,-0.2524144992833371,-0.22042916212050084,-0.06087841375841264,Electronic Components,Technology,SGMA
2009Q3,2009,Q3,2009-03-12,2009-01-31,-265458.0,26970927.0,85856.0,-0.07,2752231.0,0.10204436058130296,95548730.0,45259245.0,66619746.0,16228463.0,50289485.0,40846699.0,25596414.0,8983006.6,36835463.6,11.840047601657112,4.105117410071428,0.33701949779970913,0.711496292083529,0.00179237637979654,11.840047601657112,-0.0058652768069816456,0.33306258253563176,-8.459913244279697,0.19847893176300221,0.0,0.5929168474544295,0.0,0.28227405011034684,1.4254807741189046,-0.0027782472880591926,3.6524556983024206,0.10204436058130296,-1.1794871794871795,-1.2108348410379053,0.06884447810989959,0.07197972078646875,-0.5344181112393572,-1.176347026139362,-0.9648336236694748,-1.9076364869127296,-0.2220803162549218,-0.06580959343572648,Electronic Components,Technology,SGMA
2009Q2,2009,Q2,2008-12-11,2008-10-31,1505316.0,41132728.0,2441423.0,0.39,5911379.0,0.1437147324631617,103160025.0,45518728.0,73267926.0,22411210.0,57641297.0,43588028.0,25861872.0,12767337.04,42852013.04,11.907929668002248,3.2692534673495985,0.3227172540913983,0.7313807187230715,0.021979870310565145,11.907929668002248,0.03307025626902404,0.3103936369112206,2.120374898028055,0.28048536505677396,0.0,0.8080509859266861,0.0,0.3987273946472968,1.2154665009162826,0.014592047646363017,-17.128283715345553,0.1437147324631617,1.6,-0.2684910346352282,0.5243569525084882,0.10911042128134338,0.2714835978162255,1.5984008948360502,0.6760014965383968,0.2108730126514298,0.1581120043354895,-0.05493023131972938,Electronic Components,Technology,SGMA
2009Q1,2009,Q1,2008-09-11,2008-07-31,579324.0,38478118.0,1456695.0,0.15,4649198.0,0.120827063319469,102290001.0,44007437.0,71815150.0,24354804.0,58282564.0,43298592.0,24356556.0,26260959.72,55330189.72,11.512568292001477,2.948705725572663,0.31628898898925617,0.7351757613150705,0.01102983556849299,11.512568292001477,0.01316422949148345,0.6824907527961737,11.33258751579427,0.5967391311609445,0.0,0.7812937658573286,0.0,0.3761669530143029,1.069267566267419,0.005663544768173382,32.63597272398507,0.120827063319469,1.0691693574012027,-0.6567260086229858,0.34796822013896495,0.20725072146463416,-0.14300466101554324,1.0698859939215095,1.203376846289606,2.447989389426455,0.7736999399457508,-0.062099958495314064,Electronic Components,Technology,SGMA
2008Q4,2008,Q4,2008-07-18,2008-04-30,-8289558.0,44020330.0,-7162541.0,-2.1685903358904355,5424998.0,0.12323846731726,106606193.0,43414959.0,75259346.0,28081401.0,63191234.0,42146770.0,23777232.0,21215185.8,50842116.8,11.357573047981507,2.680042423809268,0.3138706772879508,0.7707149510379591,-0.0980581523589258,11.357573047981507,-0.19093782859497807,0.48194063515652885,-0.6398165559611261,0.4886607355773387,0.0,0.9157364134902864,0.0,0.41292469753609906,1.090400083671039,-0.07775869081076744,14.12287546282551,0.12323846731726,-28.107379198630444,-4.228585925415638,0.319606715523184,0.2954983794223187,0.21538732448008288,-27.529641814737058,-6.6313401844631725,-11.427922357777064,0.7413449052785805,-0.0714018617167615,Electronic Components,Technology,SGMA
2008Q3,2008,Q3,2008-01-31,2008-01-31,312464.0,41131744.0,1271907.0,0.08,4463596.0,0.1085194928763536,111716334.0,51695946.0,70755448.0,23902568.0,60020388.0,40869075.0,32066791.0,29701260.119999997,61069806.12,13.523921166884147,2.9601609333356986,0.310089516542854,0.6701118110886296,0.008711568932805697,13.523921166884147,0.006044265057070433,0.7221006753324147,23.763745679502275,0.5745375105428964,0.0,0.897210127706585,0.0,0.3681802161535304,1.1416497173023417,0.002796941045344363,33.50925145539058,0.1085194928763536,-0.5555555555555556,-0.8566489604217219,0.21583249227650744,0.6337768680672,0.0012249516894396423,-0.5492921990439567,-0.2855779546488572,-0.7866193195888315,0.4265318306292443,0.13146191708463004,Electronic Components,Technology,SGMA
2008Q2,2008,Q2,2007-12-13,2007-10-31,693274.0,42815107.0,1780330.0,0.18,4458135.0,0.10412527989244544,113954129.0,51374909.0,72248293.0,25871133.0,62579220.0,41717856.0,31754326.0,44243057.04,76166309.03999999,13.493110162805332,2.792621915708137,0.307873117963106,0.6828900271142087,0.013006127060017927,13.493110162805332,0.013494408330728139,1.0333515466865468,15.954390702665899,0.8611802512389851,0.0,0.9194377582587178,0.0,0.37572229611794056,1.0982961975418704,0.006083798859100578,-90.22382494850827,0.10412527989244544,-0.14285714285714285,-0.5387436220907144,0.4345704352640326,0.7506512953145006,-0.14540450299530677,-0.16168390198601182,-0.1095193246005709,-0.47816088757600234,0.5143269206559008,0.16178155073494604,Electronic Components,Technology,SGMA
2008Q1,2008,Q1,2007-09-13,2007-07-31,826984.0,39843813.0,1999291.0,0.21,5216661.0,0.1309277553330551,109125405.0,50418458.0,67160560.0,22467480.0,58706947.0,40084382.0,31061051.0,40681928.32,71916410.32,13.285650215707376,2.989234217633664,0.3127045255868695,0.6768157804429481,0.014854307922412591,13.285650215707376,0.016402405642790583,1.0210350179085521,12.298281562883925,0.8068856116146987,0.0,0.8638564516224798,0.0,0.3651194971510071,1.0979418697602046,0.007578290316539948,-301.95824385609416,0.1309277553330551,0.21656972058033302,0.01893255773450507,0.5725363413419432,0.8167841808557413,0.10021577609902713,0.26243222119095305,0.3283725386494165,-0.21173313020420056,0.5703882720953555,0.17962590390996494,Electronic Components,Technology,SGMA
2007Q4,2007,Q4,2007-07-24,2007-04-30,655072.0,39506066.0,1505068.0,0.17261649410427948,4741489.0,0.12001926488959949,109401906.0,49741021.0,66663956.0,23790708.0,59660885.0,40849791.0,30387967.0,35816794.728,66473057.728,13.107140372642002,2.8021005511899855,0.3055332143847658,0.6719989925417896,0.012921242330539182,13.107140372642002,0.013169653272698202,0.9066150683796256,13.669029789091885,0.7200655315860928,0.0,0.8510343908491478,0.0,0.3611094856062197,0.9782691629017514,0.005987756739814021,85.6551693718298,0.12001926488959949,7.630824705213975,0.6706998718745495,0.5424514137848427,0.8463722166929448,0.1020137276156937,7.554980932978112,0.9213912031067684,-0.40742035841400526,0.5478735167602324,0.19324704973000756,Electronic Components,Technology,SGMA
2007Q3,2007,Q3,2007-01-31,2007-01-31,76572.0,44584513.0,783322.0,0.02,4302568.0,0.09650364466244142,108295909.0,48989949.0,65015253.0,23109635.0,59305960.0,38290480.0,29732895.0,34913595.199999996,65649032.199999996,12.909227142554485,2.813339674122936,0.3056864410270567,0.6757425079172873,0.005579351134557854,12.909227142554485,0.0015630144869103661,0.7830879570222062,113.98943216841664,0.7126685353356869,0.0,1.0520094028594054,0.0,0.4116915718395235,1.0417444931518822,0.0007070627201624024,33.27382769725173,0.09650364466244142,-0.888888888888889,-0.9016921853327453,0.4934603876462857,0.8453506671652259,-0.11397782148042133,-0.8918491379371224,-0.5542511681159403,-0.9387418798872835,0.7797122228065057,0.16878159391080985,Electronic Components,Technology,SGMA
2007Q2,2007,Q2,2006-10-31,2006-10-31,708011.0,44858662.0,1757317.0,0.18,4856050.0,0.10825222562367108,112854949.0,48899134.0,69197068.0,27569928.0,63955815.0,41304499.0,29656324.0,,,,,,,,,,,,,,,,,,,,,,,,,,,,,,,Electronic Components,Technology,SGMA
2007Q1,2007,Q1,2006-07-31,2006-07-31,258670.0,36959865.0,840696.0,0.07,3858649.0,0.10440105774195875,103327889.0,48173523.0,60496195.0,25709260.0,55154366.0,35449565.0,28948313.0,,,,,,,,,,,,,,,,,,,,,,,,,,,,,,,Electronic Components,Technology,SGMA
