Quarters,Year,Quarter,FillingDate,Date,NetIncome,Revenue,OperatingIncome,EPSDiluted,GrossProfit,GrossProfitRatio,TotalAssets,CommonStockEquity,CurrentAssets,CurrentLiability,TotalLiability,Inventory,RetainedEarnings,MarketCap,EnterpriseValue,bookValuePerShare,currentRatio,debtToAssets,debtToEquity,roic,shareholdersEquityPerShare,roe,priceToSalesRatio,peRatio,pbRatio,payoutRatio,inventoryTurnover,dividendYield,assetTurnover,quickRatio,returnOnAssets,priceToFreeCashFlowsRatio,grossProfitMargin,epsdilutedGrowth,fiveYNetIncomeGrowthPerShare,fiveYRevenueGrowthPerShare,fiveYShareholdersEquityGrowthPerShare,grossProfitGrowth,netIncomeGrowth,operatingIncomeGrowth,threeYNetIncomeGrowthPerShare,threeYRevenueGrowthPerShare,threeYShareholdersEquityGrowthPerShare,Industry,Sector,Symbol
2023Q1,2023,Q1,2023-05-15,2023-03-31,120269.0,664232.0,83712.0,0.01,664232.0,1.0,23968861.0,17382403.0,310023.0,1957708.0,6586458.0,0.0,-5479806.0,95401819.28,95611213.28,1.9167651197856697,0.15836018446060393,0.012516239298980457,0.017258833545626573,0.003630630636667366,1.9167651197856697,0.0069190088389965414,143.62725565766178,198.30924693811372,5.488413729678227,0.0,0.0,0.0,0.027712288873467956,0.046281672241212685,0.005017718614163602,-159.05127768756523,1.0,1.0006082725060828,1.6525923752805585,0.0,-0.8331613173582808,0.0,-0.7863054540802548,-0.8301093574206085,1.6525923752805585,0.0,-0.8331613173582808,Shell Companies,Financial Services,MURF
2022Q4,2022,Q4,2023-03-28,2022-12-31,562808.0,0.0,492740.49900000007,-16.44,0.0,0.0,137517822.0,132471097.0,646639.0,417975.0,5046725.0,0.0,-4300492.0,128719.5,-217057.5,10548.741598980729,1.5470757820443806,0.0,0.0,0.002786358947241004,10548.741598980729,0.004248534304807637,0.0,0.057177358886156555,0.0009716798827445357,0.0,0.0,0.0,0.0,0.8272671810514983,0.0040926186280059035,-0.33670202330660876,0.0,-1645.0000000000002,117375.06349349336,0.0,5870006.6247031735,-1.0,1.7201144481068698,0.3553209896578283,117375.06349349336,0.0,5870006.6247031735,Shell Companies,Financial Services,MURF
2022Q3,2022,Q3,2022-11-07,2022-09-30,206906.0,609920.0,363560.0,0.01,609920.0,1.0,136853167.0,131908289.0,1146480.0,316128.0,4944878.0,0.0,-3698804.0,174581025.0,173852953.0,7.631263013262753,3.6266322502277557,0.0,0.0,0.0015685595012152724,7.631263013262753,0.0015685595012152724,286.23594077911855,210.94243883695975,1.323503066588939,0.0,0.0,0.0,0.004456747427701107,2.303092418260958,0.0015118831703763201,-1592.6745883318888,1.0,2.4705882352941178,0.0,0.0,0.0,2.1835477725291645,2.7603178519470135,1.548695271585747,0.0,0.0,0.0,Shell Companies,Financial Services,MURF
2022Q2,2022,Q2,2022-08-11,2022-06-30,-117539.0,191585.0,-662590.0,-0.0068,191585.0,1.0,136468779.0,131701384.0,1326710.0,138645.0,4767395.0,0.0,-3295789.0,173371057.5,172533370.5,7.619292981009821,9.569115366583722,0.0,0.0,-0.0067323846968372495,7.619292981009821,-0.0008924659440177181,904.9302267922855,-368.7521960795991,1.3163951071311444,0.0,0.0,0.0,0.0014038742150686348,6.041956074867468,-0.0008612885735571797,-1366.0407162273964,1.0,0.6650246305418719,0.0,0.0,0.0,0.0,0.4959128883399379,-1.332389943748636,0.0,0.0,0.0,Shell Companies,Financial Services,MURF
2022Q1,2022,Q1,2022-05-18,2022-03-31,-233172.0,0.0,-284082.0,-0.0203,0.0,0.0,136526029.0,131818922.0,1453624.0,78357.0,4707107.0,0.0,-3076484.0,114165019.57560001,113200417.57560001,11.48873324480667,18.551297267634034,0.0,0.0,-0.001981995776508693,11.48873324480667,-0.001768881101910392,0.0,-122.40429765966756,0.8660745956912013,0.0,0.0,0.0,0.0,12.310348788238446,-0.0017078941042077771,-164.86280507967683,0.0,-49.74999999999999,0.0,0.0,0.0,0.0,-52.22346496233737,-63.84409952065739,0.0,0.0,0.0,Shell Companies,Financial Services,MURF
2021Q4,2021,Q4,2022-03-29,2021-12-31,-4381.0,0.0,-4381.0,-0.0004,0.0,0.0,213125.0,20619.0,104163.0,192506.0,192506.0,0.0,-4381.0,114049134.64,114000579.64,0.0017970575633646036,0.5410896283752195,0.0,0.0,-0.2124739318104661,0.0017970575633646036,-0.2124739318104661,0.0,-6508.16792056608,5531.264107861681,,0.0,,0.0,0.2522259046471279,-0.020556011730205277,0.0,0.0,0.0,0.0,0.0,0.0,0.0,0.0,0.0,0.0,0.0,0.0,Shell Companies,Financial Services,MURF
