Quarters,Year,Quarter,FillingDate,Date,NetIncome,Revenue,OperatingIncome,EPSDiluted,GrossProfit,GrossProfitRatio,TotalAssets,CommonStockEquity,CurrentAssets,CurrentLiability,TotalLiability,Inventory,RetainedEarnings,MarketCap,EnterpriseValue,bookValuePerShare,currentRatio,debtToAssets,debtToEquity,roic,shareholdersEquityPerShare,roe,priceToSalesRatio,peRatio,pbRatio,payoutRatio,inventoryTurnover,dividendYield,assetTurnover,quickRatio,returnOnAssets,priceToFreeCashFlowsRatio,grossProfitMargin,epsdilutedGrowth,fiveYNetIncomeGrowthPerShare,fiveYRevenueGrowthPerShare,fiveYShareholdersEquityGrowthPerShare,grossProfitGrowth,netIncomeGrowth,operatingIncomeGrowth,threeYNetIncomeGrowthPerShare,threeYRevenueGrowthPerShare,threeYShareholdersEquityGrowthPerShare,Industry,Sector,Symbol
2023Q1,2023,Q1,2023-05-04,2023-03-31,980000000.0,6560000000.0,1695000000.0,3.07,2361000000.0,0.3599085366,80549000000.0,27687000000.0,5204000000.0,9630000000.0,50304000000.0,315000000.0,14796000000.0,47603156040.0,76532156040.0,87.91784554123441,0.5403946002076844,0.3657773529156166,1.0641456279120165,0.021267742209424727,87.91784554123441,0.03539567305955864,7.256578664634146,12.14366225510204,1.7193323957091775,0.3673469387755102,13.33015873015873,0.0075625237893365525,0.08144111038001713,0.39106957424714434,0.012166507343356218,317.3543736,0.35990853658536587,33.65011286681715,1.140430692760149,0.8139493117550078,0.4294519500845736,1.2636625119846596,34.0,3.1646191646191646,0.14464386239798988,1.0135477913891322,0.2783168295186982,Utilities—Diversified,Utilities,SRE
2022Q4,2022,Q4,2023-02-28,2022-12-31,28000000.0,3455000000.0,407000000.0,0.0886,1043000000.0,0.3018813314,78574000000.0,27135000000.0,5912000000.0,9899000000.0,49318000000.0,403000000.0,14201000000.0,48639610520.0,77188610520.0,86.21456576581157,0.5972320436407718,0.3680479547942067,1.0657453473373872,0.0013644560865684885,86.21456576581157,0.0010318776487930716,14.078034882778582,434.2822367857143,1.7925045336281553,13.642857142857142,5.9851116625310175,0.007853681308630678,0.04397128821238578,-1.1063743812506315,0.00035635197393539845,-22.835497896713616,0.30188133140376266,-0.807391304347826,1.04580114659636,-0.04473053177773659,0.7523637018997094,-0.1715647339158062,-0.8055555555555556,-0.25457875457875456,-0.9474622493756184,0.06174022489550045,0.23018145925472447,Utilities—Diversified,Utilities,SRE
2022Q3,2022,Q3,2022-11-03,2022-09-30,144000000.0,3617000000.0,546000000.0,0.46,1259000000.0,0.3480785181,75563000000.0,27050000000.0,4465000000.0,7836000000.0,46274000000.0,506000000.0,14123000000.0,47189716560.0,73089716560.0,85.94832297505116,0.569806023481368,0.35182562894538333,0.9828096118299445,0.008884293668483097,85.94832297505116,0.005323475046210721,13.046645440973181,81.92659125,1.7445366565619222,2.4930555555555554,4.660079051383399,0.0076075896650818955,0.04786734248243188,-1.489152628892292,0.0019056945859746172,-22.60043896551724,0.34807851810893004,-0.4888888888888889,1.0203526699082706,0.07973043839512625,0.6283406327615036,-0.04403948367501898,-0.49295774647887325,-0.20175438596491227,-0.8505249290611825,0.15576147297825987,0.2788962907918557,Utilities—Diversified,Utilities,SRE
2022Q2,2022,Q2,2022-08-04,2022-06-30,284000000.0,3547000000.0,684000000.0,0.9,1317000000.0,0.3712996899,75582000000.0,26861000000.0,5902000000.0,7550000000.0,46529000000.0,377000000.0,13998000000.0,47311758150.0,71299758150.0,85.31499626800489,0.7817218543046358,0.3429255642877934,0.9649305684821861,0.010111222615959259,85.31499626800489,0.010572949629574476,13.338527812235693,41.64767442781691,1.7613550556569004,1.352112676056338,5.915119363395226,0.008116375611799157,0.04692916302823424,-1.2806622516556292,0.0037575084014712496,-118.279395375,0.37129968987877077,-0.13461538461538464,-0.12764219756485795,0.11834462915117172,0.6066656580737736,-0.1727386934673367,-0.1419939577039275,-0.30978809283551967,-0.3639824561617825,0.38922211349352837,0.3436721007302326,Utilities—Diversified,Utilities,SRE
2022Q1,2022,Q1,2022-05-05,2022-03-31,331000000.0,3820000000.0,991000000.0,1.04,1592000000.0,0.4167539267,74922000000.0,26134000000.0,6501000000.0,9000000000.0,47362000000.0,352000000.0,13798000000.0,53185266360.0,77561266360.0,82.61024867790096,0.7223333333333334,0.35897333226555617,1.0291191551235939,0.009301790749479252,82.61024867790096,0.012665493227213592,13.922844596858639,40.170140755287015,2.035098582689217,1.054380664652568,6.329545454545454,0.006561967700559994,0.05098635914684605,-0.9846666666666667,0.004417927978430902,131.97336565756825,0.4167539267015707,-0.14754098360655732,-0.404176301433931,0.00047397345094777124,0.5617279705457653,0.02445302445302445,-0.1534526854219949,-0.16088060965283657,-0.39750255501342974,0.14448624262990947,0.30662717064112444,Utilities—Diversified,Utilities,SRE
2021Q4,2021,Q4,2022-02-25,2021-12-31,391000000.0,3844000000.0,1181000000.0,1.22,1554000000.0,0.4042663892,72045000000.0,26001000000.0,4375000000.0,10035000000.0,44626000000.0,389000000.0,13548000000.0,42182769200.0,66268769200.0,81.53595283640126,0.43597409068261084,0.3420778679991672,0.9478481596861659,0.017042281018954733,81.53595283640126,0.015037883158340063,10.97366524453694,26.971080051150896,1.6223518018537748,0.9514066496163683,5.886889460154242,0.008818766692064398,0.0533555416753418,0.31190832087693077,0.005427163578319106,-76.97585620437957,0.40426638917793967,1.600985221674877,-0.1891216737874807,0.052736370050162,0.5755592397409449,0.38010657193605685,1.6138147566718994,1.3432539682539681,-0.6262611593687827,0.02665999665538837,0.303639088329805,Utilities—Diversified,Utilities,SRE
2021Q3,2021,Q3,2021-11-05,2021-09-30,-637000000.0,3013000000.0,504000000.0,-2.03,1126000000.0,0.37371390640557584,70472000000.0,24574000000.0,4593000000.0,12944000000.0,45868000000.0,371000000.0,13292000000.0,40371716000.0,65602716000.0,76.99972426240193,0.354836217552534,0.37041661936655695,1.0622609261821436,0.007453393522299162,76.99972426240193,-0.025921705867990558,13.399175572519084,-15.844472527472528,1.6428630259623993,-0.5588697017268446,5.086253369272237,0.008818054699483173,0.04275456919060052,0.2226514215080346,-0.009039050970598251,-88.5344649122807,0.37371390640557584,-2.481751824817518,-1.8034750695248052,-0.06750926331487034,0.559085634737649,0.06932573599240266,-2.4314606741573033,0.11504424778761062,-2.763814251509886,-0.12031556010968808,0.2678735627420468,Utilities—Diversified,Utilities,SRE
2021Q2,2021,Q2,2021-08-05,2021-06-30,445000000.0,2741000000.0,452000000.0,1.37,1053000000.0,0.3841663626413718,68608000000.0,25471000000.0,3760000000.0,7312000000.0,42916000000.0,339000000.0,14291000000.0,40777344000.0,65305344000.0,82.75178687459389,0.5142231947483589,0.362392140858209,0.9761297161477759,0.004537942770054045,82.75178687459389,0.01747084920105218,14.876812842028457,22.908620224719098,1.6009321974009658,0.8202247191011236,4.979351032448378,0.008951048896171366,0.03995160914179104,0.31099562363238514,0.006486124067164179,-83.2190693877551,0.3841663626413718,-0.5226480836236934,20.26910522493598,0.032995451591942684,0.7537404364196622,-0.3284438775510204,-0.5027932960893855,-0.5354573484069887,1.718378027970584,-0.07671064922518925,0.38826749762598867,Utilities—Diversified,Utilities,SRE
2021Q1,2021,Q1,2021-05-05,2021-03-31,895000000.0,3259000000.0,973000000.0,2.87,1568000000.0,0.4811291807302854,67821000000.0,24019000000.0,4200000000.0,6875000000.0,42213000000.0,274000000.0,14214000000.0,39893984900.0,63513984900.0,79.82253535168907,0.610909090909091,0.3589596142787632,1.0135725883675424,0.01597935490929893,79.82253535168907,0.037262167450768144,12.24117364222154,11.14357120111732,1.6609344643823643,0.376536312849162,6.171532846715328,0.008447388769127446,0.048052962946579965,0.4097454545454545,0.013196502558204686,124.28032679127726,0.4811291807302854,1.006993006993007,1.3285234787284064,0.03157294209252379,0.6659201941767271,0.09192200557103064,0.9414316702819957,0.1235565819861432,1.0458207961538248,-0.05686225127235744,0.2978306977012018,Utilities—Diversified,Utilities,SRE
2020Q4,2020,Q4,2021-02-25,2020-12-31,461000000.0,3171000000.0,866000000.0,1.43,1436000000.0,0.4528539892778303,66623000000.0,23393000000.0,4511000000.0,6839000000.0,41689000000.0,308000000.0,13673000000.0,36822636690.0,60068636690.0,80.94211598946745,0.6595993566310864,0.36332797982678655,1.0347539862351987,0.010159543522963353,80.94211598946745,0.019706749882443465,11.612310529801325,19.968891914316703,1.574087833539948,0.7635574837310195,5.633116883116883,0.00955933718064229,0.04759617549494919,0.44948091826290393,0.006919532293652342,-91.82702416458852,0.4528539892778303,0.1818181818181818,0.07517063191766206,0.010356155739076726,0.7019261960548081,0.48500517063081694,0.15538847117794485,1.1121951219512196,1.821215348817881,-0.045201119565039326,0.6451979402202774,Utilities—Diversified,Utilities,SRE
2020Q3,2020,Q3,2020-11-05,2020-09-30,399000000.0,2644000000.0,410000000.0,1.21,967000000.0,0.3657337367624811,67222000000.0,23248000000.0,6394000000.0,7635000000.0,42366000000.0,309000000.0,13560000000.0,34264036400.0,56181036400.0,80.30674634702407,0.8374590700720367,0.37832852340007733,1.0939435650378526,0.0042740283790578745,80.30674634702407,0.017162766689607707,12.95916656580938,21.46869448621554,1.4738487783895389,0.8546365914786967,5.427184466019417,0.009952125780487438,0.03933236142929398,0.6808120497707923,0.0059355568117580556,-66.79149395711501,0.3657337367624811,-0.8409986859395532,0.380686836360719,-0.08544746909215846,0.7132473686976285,-0.18465430016863407,-0.8247694334650857,-0.3721286370597244,5.086027151196934,-0.14192631644191925,0.5214577042962125,Utilities—Diversified,Utilities,SRE
2020Q2,2020,Q2,2020-08-05,2020-06-30,2277000000.0,2526000000.0,653000000.0,7.61,1186000000.0,0.46951702296120346,68385000000.0,23626000000.0,7640000000.0,9595000000.0,42999000000.0,267000000.0,13511000000.0,34355423800.0,55424423800.0,80.61830341909507,0.7962480458572173,0.3796592820062879,1.0989164479810378,0.00839013320161272,80.61830341909507,0.09637687293659528,13.600722011084718,3.7720052481335093,1.4541362820621349,0.14624505928853754,5.0187265917602994,0.009692792670483662,0.036937924983549024,0.6809796769150599,0.033296775608686116,-23.228819337390128,0.46951702296120346,2.0079051383399213,5.51261705471253,-0.09651840286364312,0.7091383427074118,-0.18375774260151412,1.8605527638190955,-0.2776548672566372,6.514145423095297,-0.14436592914294297,0.5182167869848111,Utilities—Diversified,Utilities,SRE
2020Q1,2020,Q1,2020-05-04,2020-03-31,796000000.0,3029000000.0,904000000.0,2.53,1453000000.0,0.4796962693958402,68293000000.0,20137000000.0,5424000000.0,12177000000.0,46178000000.0,217000000.0,11577000000.0,33082342100.0,58854342100.0,68.7762560196728,0.445429908844543,0.4102763094314205,1.3914187813477679,0.02856041124113215,68.7762560196728,0.03952922481005115,10.921869296797624,10.390182820351757,1.6428634900928638,0.38316582914572866,7.2626728110599075,0.009219419806435047,0.04435300836103261,0.33029481809969613,0.01165566017014921,107.41020162337662,0.4796962693958402,0.6322580645161289,0.5411324632434288,-0.044460074880920755,0.47842690851313663,0.1142638036809816,0.6514522821576764,0.15601023017902813,0.5481697042581732,-0.14284882798961773,0.30019948437793215,Utilities—Diversified,Utilities,SRE
2019Q4,2019,Q4,2020-02-27,2019-12-31,482000000.0,2943000000.0,782000000.0,1.55,1304000000.0,0.44308528712198436,65665000000.0,19949000000.0,3339000000.0,9150000000.0,43860000000.0,277000000.0,11130000000.0,43118630520.0,68826630520.0,70.08280373372118,0.3649180327868852,0.393147034188685,1.2940999548849565,0.01143718662059178,70.08280373372118,0.02416161211088275,14.651250601427115,22.364434917012446,2.1614432061757483,0.6099585062240664,5.9169675090252705,0.006818398368742998,0.044818396406000154,0.21508196721311476,0.007340287824564075,-291.34209810810813,0.44308528712198436,-0.454225352112676,0.4050967348256292,-0.07242883741465804,0.5222780552237014,0.01320901320901321,-0.43227326266195526,0.0316622691292876,0.1198431849191928,-0.09706237878662295,0.354244417688578,Utilities—Diversified,Utilities,SRE
2019Q3,2019,Q3,2019-11-01,2019-09-30,849000000.0,2758000000.0,758000000.0,2.84,1287000000.0,0.46664249456127627,64585000000.0,18640000000.0,3666000000.0,9498000000.0,44034000000.0,270000000.0,10966000000.0,40941109600.0,67041109600.0,67.20507643495817,0.38597599494630447,0.4057598513586746,1.405901287553648,0.0146008602455387,67.20507643495817,0.045547210300429186,14.84449224075417,12.055685983510013,2.196411459227468,0.3380447585394582,5.448148148148148,0.0070100689210436055,0.04270341410544244,0.220783322804801,0.013145467213749323,-77.9830659047619,0.46664249456127627,1.2539682539682537,1.1650180457615147,-0.13054134106861903,0.4570294986762354,0.38387096774193546,1.176923076923077,0.7668997668997669,0.2322065672945744,-0.017839391865484056,0.3607642138317513,Utilities—Diversified,Utilities,SRE
2019Q2,2019,Q2,2019-08-02,2019-06-30,390000000.0,2230000000.0,429000000.0,1.26,930000000.0,0.4170403587443946,62727000000.0,17460000000.0,2783000000.0,8177000000.0,43293000000.0,214000000.0,10425000000.0,37579723420.0,63161723420.0,63.49391062122937,0.34034486975663447,0.41050903119868637,1.4747995418098512,0.008296690580884055,63.49391062122937,0.022336769759450172,16.8518939103139,24.089566294871794,2.1523323837342496,1.4230769230769231,6.074766355140187,0.014768602573179876,0.03555087920672119,0.1882108352696588,0.0062174183366014634,709.0513852830188,0.4170403587443946,-0.2075471698113208,0.29054343175010705,-0.25601175747616917,0.3910907715987695,-0.2058070025619129,-0.18238993710691823,-0.34802431610942247,19.86460985642316,-0.05930098513747926,0.3456124964602135,Utilities—Diversified,Utilities,SRE
2019Q1,2019,Q1,2019-05-07,2019-03-31,477000000.0,2898000000.0,658000000.0,1.59,1171000000.0,0.40407177363699104,61618000000.0,17366000000.0,3262000000.0,8612000000.0,42148000000.0,189000000.0,10337000000.0,34781968620.0,59116968620.0,63.22404013485077,0.3787738039944264,0.3961991625823623,1.405792928711275,0.014429218587168037,63.22404013485077,0.027467465161810433,12.002059565217392,18.229543301886793,2.0028773822411607,0.5618448637316562,9.137566137566138,0.007705141791367645,0.04703171151286962,0.20796562935438923,0.007741244441559284,207.0355275,0.40407177363699104,-0.47524752475247517,0.7244900756698284,-0.0741175706057034,0.40211599386580404,-0.025790349417637273,-0.47,-0.04775687409551375,0.35952693809518677,0.004906869502334537,0.31950463304670074,Utilities—Diversified,Utilities,SRE
2018Q4,2018,Q4,2019-02-26,2018-12-31,900000000.0,3221000000.0,691000000.0,3.03,1202000000.0,0.3731760322881093,60638000000.0,17158000000.0,3645000000.0,7523000000.0,41390000000.0,296000000.0,10104000000.0,29679870890.0,54852870890.0,62.54488191272587,0.4845141565864682,0.41826907219895115,1.4782025877141858,0.012835216910395733,62.54488191272587,0.052453665928429885,9.214489565352375,8.244408580555556,1.7297978138477677,0.29777777777777775,6.820945945945946,0.009029688875442409,0.05311850654704971,0.2853914661704107,0.014842178172103301,-262.6537246902655,0.3731760322881093,2.0606060606060606,1.8534833327994753,0.06464641109676926,0.39107916221505834,0.13933649289099526,1.903225806451613,0.2702205882352941,1.211339675028502,0.08119855173616802,0.3150974823820276,Utilities—Diversified,Utilities,SRE
2018Q3,2018,Q3,2018-11-07,2018-09-30,310000000.0,2940000000.0,544000000.0,0.99,1055000000.0,0.358843537414966,60605000000.0,16637000000.0,5045000000.0,8491000000.0,41494000000.0,345000000.0,9485000000.0,31183045520.0,56667045520.0,60.73139035715329,0.5941585207867154,0.4239914198498474,1.544509226423033,0.007824657307504661,60.73139035715329,0.01863316703732644,10.606478068027211,25.14761735483871,1.8743190190539158,0.8193548387096774,5.463768115942029,0.008145451984062652,0.048510848939856445,0.23754563655635377,0.005115089514066497,354.35279,0.358843537414966,1.4691943127962084,-0.08214866137008094,0.02710305080507414,0.35666224190643264,0.10240334378265413,1.5794392523364487,0.18004338394793926,0.13358934672779835,0.07464818359684876,0.2956308088628858,Utilities—Diversified,Utilities,SRE
2018Q2,2018,Q2,2018-08-06,2018-06-30,-535000000.0,2564000000.0,461000000.0,-2.11,957000000.0,0.37324492979719187,59907000000.0,15846000000.0,4947000000.0,8602000000.0,41543000000.0,288000000.0,9455000000.0,30866334070.0,56708334070.0,59.60795525077397,0.575098814229249,0.4355751414692774,1.6467247254827717,0.005213467820618833,59.60795525077397,-0.03376246371323993,12.038351821372855,-14.423520593457942,1.947894362615171,-0.8317757009345794,5.579861111111111,0.014417001999356641,0.04279967282621396,0.2126249709369914,-0.008930508955547766,-191.71636068322982,0.37324492979719187,-2.5864661654135337,-2.992901711180618,-0.11371071616994635,0.34413373349572257,-0.2025,-2.4266666666666667,-0.3385939741750359,-2.6868925166396926,0.01098591153958415,0.26371106223695023,Utilities—Diversified,Utilities,SRE
2018Q1,2018,Q1,2018-05-07,2018-03-31,375000000.0,2962000000.0,697000000.0,1.33,1200000000.0,0.4051316677920324,60485000000.0,15864000000.0,3394000000.0,9109000000.0,42180000000.0,285000000.0,10260000000.0,28687197040.0,54847197040.0,61.504582603166725,0.3725985289274344,0.43645531950070265,1.6640821986888552,0.009346272135209872,61.504582603166725,0.02363842662632375,9.685076650911546,19.124798026666667,1.8083205395864852,0.5173333333333333,6.182456140350877,0.0067625986508718875,0.04897081921137472,0.23065100450104292,0.006199884268826982,-415.7564788405797,0.4051316677920324,1.6847296606786428,0.9651012670006047,0.05430278391350181,0.4221341874030456,0.1070110701107011,1.748502994011976,0.1833616298811545,-0.17584445917326375,0.06068305952063883,0.3221136941705717,Utilities—Diversified,Utilities,SRE
2017Q4,2017,Q4,2018-02-27,2017-12-31,-501000000.0,2964000000.0,589000000.0,-1.942372408231627,1084000000.0,0.3657219973009447,50454000000.0,12690000000.0,3341000000.0,6635000000.0,35314000000.0,307000000.0,10147000000.0,27578089440.0,46702089440.0,49.199013693531626,0.5035418236623964,0.384746501763983,1.5297084318360914,-0.022842969285402782,49.199013693531626,-0.03947990543735225,9.30434866396761,-13.761521676646707,2.1732142978723408,-0.3872255489021956,6.1237785016286646,0.007034569977085403,0.058746581044119395,0.3042954031650339,-0.009929837079319777,-179.07850285714287,0.3657219973009447,-9.828965491961942,-2.5804934872518577,0.04789687953039749,0.15305123182295374,0.13034410844629823,-9.789473684210526,0.26124197002141325,-2.6117636204170642,0.030954769864787783,0.0686584282340456,Utilities—Diversified,Utilities,SRE
2017Q3,2017,Q3,2017-10-30,2017-09-30,57000000.0,2679000000.0,467000000.0,0.22,959000000.0,0.3579693915640164,50129000000.0,13285000000.0,2878000000.0,7194000000.0,34627000000.0,296000000.0,10855000000.0,28725607960.0,47260607960.0,52.782766238100535,0.4000556018904643,0.37351632787408484,1.40940910801656,0.0962916679683839,52.782766238100535,0.004290553255551373,10.722511369914146,125.98950859649123,2.1622587850959727,3.3859649122807016,5.8108108108108105,0.006718743786685029,0.053442119332123124,0.23978315262718933,0.001137066368768577,-111.77279361867704,0.3579693915640164,-0.7864077669902912,-0.7957662391679383,0.026138193634084404,0.2653257279627337,-0.03811434302908726,-0.7807692307692308,-0.11553030303030302,-0.8398219128798361,-0.06931694744674964,0.14434878301306722,Utilities—Diversified,Utilities,SRE
2017Q2,2017,Q2,2017-08-04,2017-06-30,260000000.0,2533000000.0,528000000.0,1.03,997000000.0,0.3936044216344256,49376000000.0,13352000000.0,2767000000.0,6063000000.0,33771000000.0,239000000.0,11004000000.0,28350649250.0,46240649250.0,53.10065341801652,0.45637473198086753,0.36683813998703824,1.356575793888556,0.010027894830553741,53.10065341801652,0.019472738166566805,11.192518456375838,27.26023966346154,2.123326037297783,0.7423076923076923,6.426778242677824,0.006807604238551962,0.051300226830849,0.2742866567705756,0.005265716137394686,378.00865666666664,0.3936044216344256,-0.4114285714285714,3.0216683898113845,0.1628437123878166,0.2961579781226766,-0.18009868421052633,-0.41043083900226757,-0.29222520107238603,-0.059092196588368666,-0.07580821532824622,0.1633844602252223,Utilities—Diversified,Utilities,SRE
2017Q1,2017,Q1,2017-05-09,2017-03-31,441000000.0,3031000000.0,746000000.0,1.75,1216000000.0,0.40118772682283077,48284000000.0,13284000000.0,2953000000.0,5812000000.0,32715000000.0,210000000.0,10952000000.0,27749975500.0,44761975500.0,52.89669535023553,0.508086717136958,0.3583381658520421,1.3024691358024691,0.014860281053141657,52.89669535023553,0.03319783197831978,9.155386176179478,15.731278628117913,2.088977378801566,0.39909297052154197,8.642857142857142,0.006342347941892777,0.06277441802667551,0.31779077770130765,0.009133460359539393,2312.4979583333334,0.40118772682283077,0.15894039735099338,0.790030815843362,0.21841662176795595,0.2786521717870539,0.16586768935762225,0.16358839050131926,0.26440677966101694,0.7438058724355311,0.059157690109052107,0.17308704750630394,Utilities—Diversified,Utilities,SRE
2016Q4,2016,Q4,2017-02-28,2016-12-31,379000000.0,2870000000.0,590000000.0,1.51,1043000000.0,0.36341463414634145,47786000000.0,12971000000.0,3110000000.0,5927000000.0,32545000000.0,258000000.0,10717000000.0,25224912800.0,41996912800.0,51.750483751920044,0.5247173949721613,0.3582848533043151,1.3199444915580911,0.015529932629046502,51.750483751920044,0.02921902706036543,8.789168222996516,16.639124538258574,1.9447161205766712,0.46437994722955145,7.0813953488372094,0.006977229273117645,0.06005943163269577,0.3327146954614476,0.007931193236512786,-50.55092745490982,0.36341463414634145,-0.3861788617886179,0.24575190528983185,0.05783058204456156,0.26544082885387243,0.167973124300112,-0.39067524115755625,0.2910284463894967,0.3151881337638256,0.03827502492736943,0.15099776960642844,Utilities—Diversified,Utilities,SRE
2016Q3,2016,Q3,2016-11-02,2016-09-30,622000000.0,2535000000.0,457000000.0,2.46,893000000.0,0.35226824457593686,45526000000.0,12366000000.0,2924000000.0,6794000000.0,32335000000.0,302000000.0,10527000000.0,26838875340.0,43615875340.0,49.38774532122403,0.43037974683544306,0.3798928085050301,1.398592916060165,0.010982898332968382,49.38774532122403,0.05029920750444768,10.587327550295859,10.787329316720259,2.170376462882096,0.28135048231511256,5.437086092715232,0.006520392445028586,0.05568246716162193,0.26302619958787166,0.013662522514607037,-98.67233580882353,0.35226824457593686,40.0,1.0103688283668395,-0.05852417438902899,0.22851375420276338,1.2493702770780857,35.588235294117645,36.15384615384615,1.0148967071253943,-0.0310610750204349,0.10325959765062073,Utilities—Diversified,Utilities,SRE
2016Q2,2016,Q2,2016-08-04,2016-06-30,17000000.0,2156000000.0,-13000000.0,0.06,397000000.0,0.1841372912801484,42875000000.0,11801000000.0,3341000000.0,5680000000.0,30312000000.0,270000000.0,9952000000.0,28515945920.0,43761945920.0,47.185880621841214,0.5882042253521127,0.36995918367346936,1.3441233793746292,-2.5175453545478503e-05,47.185880621841214,0.0014405558850944834,13.22632,419.35214588235294,2.4164008067112954,10.294117647058824,6.514814814814815,0.006136917235393607,0.05028571428571429,0.3154929577464789,0.00039650145772594754,-38.27643747651007,0.1841372912801484,-0.952755905511811,-0.9681526990308911,-0.1478437597881487,0.17935145725838952,-0.6045816733067729,-0.9467084639498433,-1.023008849557522,-0.9326884330075788,-0.20783634022294767,0.06402129752127973,Utilities—Diversified,Utilities,SRE
2016Q1,2016,Q1,2016-05-04,2016-03-31,319000000.0,2622000000.0,565000000.0,1.27,1004000000.0,0.38291380625476734,41835000000.0,11966000000.0,2883000000.0,5132000000.0,29111000000.0,231000000.0,10125000000.0,25984822700.0,40826822700.0,47.914981540358944,0.5617692907248636,0.3637623999043863,1.2717700150426208,0.014297760803058038,47.914981540358944,0.02665886678923617,9.910306140350878,20.364281112852662,2.171554629784389,0.5047021943573667,7.004329004329004,0.006195924515582705,0.06267479383291502,0.3330085736554949,0.007625194215369906,-68.56153746701847,0.38291380625476734,-0.13605442176870747,0.18887476119552452,0.035803189087848485,0.2525287053476282,0.08073196986006459,-0.13550135501355012,0.1414141414141414,0.72652115183889,-0.03608100452844093,0.10790985733511592,Utilities—Diversified,Utilities,SRE
2015Q4,2015,Q4,2016-02-26,2015-12-31,369000000.0,2701000000.0,495000000.0,1.47,929000000.0,0.34394668641243986,41150000000.0,11829000000.0,2891000000.0,4612000000.0,28571000000.0,298000000.0,9994000000.0,23382355220.0,37642355220.0,47.55912223285435,0.6268430182133564,0.35633049817739976,1.2395806915208387,0.01587350269263677,47.55912223285435,0.031194521937610957,8.656925294335432,15.841704078590787,1.976697541634965,0.43360433604336046,5.946308724832215,0.0068427666287074725,0.06563791008505468,0.41457068516912404,0.008967193195625759,-206.92349752212388,0.34394668641243986,0.48484848484848486,0.2723217085742314,0.11201421667564591,0.26512428309857644,0.17893401015228427,0.4879032258064516,0.3674033149171271,0.20718095519681226,-0.009724678071543058,0.11461796402274015,Utilities—Diversified,Utilities,SRE
2015Q3,2015,Q3,2015-11-03,2015-09-30,248000000.0,2481000000.0,362000000.0,0.99,788000000.0,0.31761386537686415,40566000000.0,11645000000.0,3606000000.0,5118000000.0,28170000000.0,416000000.0,9799000000.0,24028343040.0,38123343040.0,46.873993688413734,0.7045720984759671,0.3646403392003155,1.270244740231859,0.012932212009263111,46.873993688413734,0.02129669386002576,9.68494278113664,24.22212,2.063404297123229,0.6451612903225806,4.069711538461538,0.00665880288680946,0.061159591776364444,0.375537319265338,0.006113494059064241,220.44351412844037,0.31761386537686415,-0.1538461538461538,0.8796875376406624,0.16416993089542314,0.3136008038097749,-0.017456359102244388,-0.16216216216216217,-0.09273182957393483,-0.09974356176866689,-0.037231706332721125,0.12367870071008011,Utilities—Diversified,Utilities,SRE
2015Q2,2015,Q2,2015-08-04,2015-06-30,296000000.0,2367000000.0,399000000.0,1.17,802000000.0,0.33882551753274187,40006000000.0,11703000000.0,3506000000.0,4399000000.0,27531000000.0,266000000.0,9724000000.0,24547805520.0,38548805520.0,47.16897480129621,0.7969993180268243,0.3658701194820777,1.2507049474493719,0.011399300522307356,47.16897480129621,0.025292660001708964,10.370851508238276,20.73294385135135,2.0975651986670085,0.5405405405405406,5.883458646616542,0.006517894231712164,0.059166125081237815,0.4305523982723346,0.007398890166475029,-88.30145870503597,0.33882551753274187,-0.32758620689655177,0.3262181523100155,0.17249440980495784,0.26665378426148906,-0.2462406015037594,-0.32265446224256294,-0.38990825688073394,3.6401317428362363,0.10126061510775396,0.15136893942295468,Utilities—Diversified,Utilities,SRE
2015Q1,2015,Q1,2015-05-05,2015-03-31,437000000.0,2682000000.0,654000000.0,1.74,1064000000.0,0.39671886651752425,39551000000.0,11524000000.0,3656000000.0,3770000000.0,27270000000.0,255000000.0,9603000000.0,27006652440.0,40913652440.0,46.51988923066986,0.9697612732095491,0.3611539531238148,1.2395001735508504,0.018524841479808242,46.51988923066986,0.03792086081221798,10.069594496644296,15.45003,2.343513748698369,0.34096109839816935,6.345098039215686,0.005517159164062616,0.06781118050112513,0.44854111405835545,0.011049025309094587,871.1823367741936,0.39671886651752425,0.47457627118644075,3.09536492748338,0.051402966307287065,0.26354899575617335,0.3184634448574969,0.4713804713804714,0.5951219512195122,0.7982045962128953,0.09296033361995334,0.1245080056938631,Utilities—Diversified,Utilities,SRE
2014Q4,2014,Q4,2015-02-26,2014-12-31,297000000.0,2747000000.0,410000000.0,1.18,807000000.0,0.2937750273025118,39732000000.0,11346000000.0,4184000000.0,5069000000.0,27632000000.0,396000000.0,9339000000.0,27444449280.0,41243449280.0,46.038109459196264,0.8254093509567962,0.3616480418806,1.2664375110170984,0.015487007880354349,46.038109459196264,0.02617662612374405,9.990698682198762,23.101388282828285,2.41886561607615,0.4983164983164983,4.898989898989899,0.00539271160044207,0.0691382261149703,0.40382718484908264,0.007475083056478406,-90.5757401980198,0.2937750273025118,-0.15107913669064746,0.02972267476303307,0.11682881752010756,0.25782126013627127,-0.1141602634467618,-0.14655172413793102,-0.20388349514563106,-0.007152499424147088,0.02973773649436698,0.1257576580769474,Utilities—Diversified,Utilities,SRE
2014Q3,2014,Q3,2014-11-04,2014-09-30,348000000.0,2815000000.0,515000000.0,1.39,911000000.0,0.3236234458259325,38982000000.0,11353000000.0,4414000000.0,4292000000.0,26825000000.0,472000000.0,9205000000.0,25937917060.0,39204917060.0,46.12471916046754,1.0284249767008389,0.35744702683289725,1.2273407909803575,0.01713129691720702,46.12471916046754,0.030652690918699904,9.214180127886323,18.63356110632184,2.2846751572271646,0.4281609195402299,4.033898305084746,0.0057444859452411255,0.07221281617156636,0.4718080149114632,0.008927197167923657,-144.09953922222223,0.3236234458259325,0.28703703703703687,0.08792609137720996,0.5055056529500316,0.28656056274637465,0.11779141104294479,0.28888888888888886,0.1839080459770115,0.14418892620666443,0.06351286507688228,0.1473464020035512,Utilities—Diversified,Utilities,SRE
2014Q2,2014,Q2,2014-08-07,2014-06-30,270000000.0,2678000000.0,435000000.0,1.08,815000000.0,0.3043315907393577,38307000000.0,11214000000.0,4195000000.0,3882000000.0,26256000000.0,267000000.0,9019000000.0,25725990480.0,38692990480.0,45.643254859822214,1.0806285419886656,0.3590988592163312,1.2266809345461032,0.013112011008955428,45.643254859822214,0.024077046548956663,9.606419148618372,23.820361555555557,2.294095815944355,0.5481481481481482,6.977528089887641,0.005752936903053694,0.06990889393583419,0.5548686244204019,0.007048320150364163,-44.202732783505155,0.3043315907393577,0.090909090909091,0.347152042057776,0.5663866135756057,0.30688209662219285,0.0024600246002460025,0.0931174089068826,0.030805687203791468,-0.4851149575032589,0.07746667199591013,0.14079547575575055,Utilities—Diversified,Utilities,SRE
2014Q1,2014,Q1,2014-05-02,2014-03-31,247000000.0,2795000000.0,422000000.0,0.99,813000000.0,0.2908765652951699,37484000000.0,11060000000.0,4224000000.0,3875000000.0,25595000000.0,197000000.0,8912000000.0,23733002520.0,35770002520.0,45.09187571602718,1.0900645161290323,0.34363995304663325,1.1646473779385171,0.011842204247370825,45.09187571602718,0.022332730560578662,8.491235248658318,24.021257611336036,2.1458410958408685,0.6234817813765182,10.060913705583756,0.0064888544915555,0.07456514779639313,0.6036129032258064,0.006589478177355672,230.41750019417475,0.2908765652951699,-0.13892117021276598,-0.22954323974604174,0.30692180893972654,0.32189674116175915,0.025220680958385876,-0.12411347517730496,0.011990407673860911,-0.06273321796938151,0.12420941052714649,0.17873088743067445,Utilities—Diversified,Utilities,SRE
2013Q4,2013,Q4,2014-02-27,2013-12-31,282000000.0,2705000000.0,417000000.0,1.1497205200650693,793000000.0,0.2931608133086876,37244000000.0,11028000000.0,3997000000.0,4369000000.0,25394000000.0,287000000.0,8827000000.0,22016063520.0,34057063520.0,44.961410976161645,0.9148546578164339,0.34757276339813126,1.1738302502720348,0.015445177548880423,44.961410976161645,0.025571273122959738,8.139025330868762,19.51778680851064,1.9963786289445051,0.5460992907801419,6.662020905923345,0.006994892609212457,0.07262914831919236,0.5756466010528725,0.00757168939963484,-66.11430486486486,0.2931608133086876,-0.03384830246632827,-0.1286415948148854,0.1627908729964608,0.3640532671681134,-0.10698198198198199,-0.06312292358803986,-0.17588932806324112,-0.013999681992196616,0.12930278827611236,0.19602234351210188,Utilities—Diversified,Utilities,SRE
2013Q3,2013,Q3,2013-11-05,2013-09-30,301000000.0,2551000000.0,506000000.0,1.19,888000000.0,0.34809878479027834,36901000000.0,10929000000.0,3712000000.0,4530000000.0,25147000000.0,463000000.0,8700000000.0,20898384000.0,32278384000.0,44.76529859916442,0.8194260485651215,0.33714533481477466,1.1383475157836949,0.01578769077164456,44.76529859916442,0.027541403605087382,8.192232065856526,17.357461794019933,1.912195443315948,0.5149501661129569,3.591792656587473,0.00741684141702057,0.06913091786130457,0.5229580573951434,0.008156960515975177,-48.600893023255814,0.34809878479027834,0.21428571428571425,-0.02411628573769157,-0.05372428536180795,0.38180127138339964,-0.04103671706263499,0.22357723577235772,-0.15384615384615385,1.3215020539460216,0.21805996063803612,0.2545065524720164,Utilities—Diversified,Utilities,SRE
2013Q2,2013,Q2,2013-08-06,2013-06-30,246000000.0,2651000000.0,598000000.0,0.98,926000000.0,0.34930215013202565,37020000000.0,10803000000.0,3661000000.0,4725000000.0,25393000000.0,357000000.0,8557000000.0,19622221650.0,31248221650.0,44.34674449822047,0.7748148148148148,0.33981631550513236,1.1644913449967602,0.02282791921050887,44.34674449822047,0.022771452374340462,7.4018188042248205,19.941282164634146,1.8163678283810052,0.6300813008130082,4.831932773109243,0.007899207478374397,0.07160994057266343,0.5096296296296297,0.006645056726094003,-59.64201109422493,0.34930215013202565,0.36111111111111116,0.016362351993969206,0.06770718911807792,0.41747964686906014,0.21204188481675393,0.36666666666666664,0.6473829201101928,0.12257792946454416,0.3374587183872893,0.1908669199400262,Utilities—Diversified,Utilities,SRE
2013Q1,2013,Q1,2013-05-02,2013-03-31,180000000.0,2650000000.0,363000000.0,0.72,764000000.0,0.28830188679245283,37273000000.0,10522000000.0,4123000000.0,5189000000.0,25933000000.0,270000000.0,8466000000.0,19446489420.0,30798489420.0,43.2480866770245,0.7945654268645211,0.34402919003031684,1.2186846607108914,0.0076863354037267064,43.2480866770245,0.017107013875689032,7.338297894339623,27.009013083333336,1.848174246341,0.8166666666666667,6.985185185185185,0.007559204997114589,0.07109704075336035,0.5991520524185777,0.0048292329568320235,63.96871519736842,0.28830188679245283,-0.41414153846153845,-0.2093312672006463,-0.13853914654395943,0.3040682253420527,1.5592972181551976,-0.3979933110367893,-0.032,0.7175795229345163,0.05776569322175214,0.1746819993092958,Utilities—Diversified,Utilities,SRE
2012Q4,2012,Q4,2013-02-26,2012-12-31,299000000.0,2668000000.0,375000000.0,1.2289657780298733,-1366000000.0,-0.5119940029985007,36499000000.0,10381000000.0,3695000000.0,4258000000.0,25737000000.0,408000000.0,8441000000.0,17259276360.0,29676276360.0,42.6685409422345,0.8677782996712071,0.3532151565796323,1.2418842115403141,0.015539487192750966,42.6685409422345,0.028802620171467102,6.468994137931034,14.430833076923077,1.662583215489837,0.4882943143812709,9.887254901960784,0.008459219086286187,0.07309789309296146,0.49154532644434007,0.008192005260418094,115.83406953020135,-0.5119940029985007,0.12749153947694788,0.09979254455777825,-0.08806714658038678,0.32331319494477223,-1.853216739537789,0.11567164179104478,-0.25,0.05009578317682396,0.09877223516572714,0.1657602487718323,Utilities—Diversified,Utilities,SRE
2012Q3,2012,Q3,2012-11-06,2012-09-30,268000000.0,2507000000.0,500000000.0,1.09,1601000000.0,0.6386118867171918,35390000000.0,10082000000.0,3078000000.0,4349000000.0,24894000000.0,398000000.0,8293000000.0,15622776960.0,27578776960.0,41.71476566993119,0.7077489077948954,0.3528115286804182,1.2384447530251934,0.01885554390701954,41.71476566993119,0.02658202737552073,6.231662130035899,14.573485970149253,1.5495712120610992,0.5485074626865671,2.2763819095477387,0.009409338709524788,0.07083922011867759,0.4559668889399862,0.007572760666855044,-39.55133407594937,0.6386118867171918,3.3600000000000003,-0.056328465473411166,0.011041698850945691,0.34005070811687493,0.14602720114531137,3.3225806451612905,0.5060240963855421,-0.1467526253496799,0.36545799134668217,0.16355336947260907,Utilities—Diversified,Utilities,SRE
2012Q2,2012,Q2,2012-08-02,2012-06-30,62000000.0,2089000000.0,332000000.0,0.25,1397000000.0,0.6687410244135951,34202000000.0,9879000000.0,2040000000.0,4434000000.0,23909000000.0,249000000.0,8171000000.0,16609792079.999998,28114792080.0,40.967732571400134,0.46008119079837617,0.34284544763464125,1.1869622431420184,-0.019504032186281665,40.967732571400134,0.006275938860208523,7.951073279080899,66.97496806451613,1.6813232189492864,2.3548387096774195,2.7791164658634537,0.008789995642136901,0.061078299514648264,0.2803337843933243,0.0018127594877492543,-37.241686278026904,0.6687410244135951,-0.7422680412371134,-0.7584846063593245,-0.15291603280140978,0.33429992234487077,-0.003566333808844508,-0.7372881355932204,-0.12169312169312169,-0.684820888772104,0.24491505132169045,0.17301004061166667,Utilities—Diversified,Utilities,SRE
2012Q1,2012,Q1,2012-05-04,2012-03-31,236000000.0,2383000000.0,378000000.0,0.97,1402000000.0,0.5883340327318506,34045000000.0,9952000000.0,2298000000.0,4480000000.0,23675000000.0,222000000.0,8254000000.0,14424337360.0,25339337360.0,41.369104528486986,0.5129464285714286,0.33247172859450724,1.1373593247588425,0.011946671386339314,41.369104528486986,0.023713826366559485,6.053016097356274,15.28001838983051,1.4493908118971062,0.4957627118644068,4.418918918918919,0.008111291151886925,0.06999559406667646,0.3678571428571429,0.0069320017623733295,-58.63551772357724,0.5883340327318506,-0.20085952054794518,0.11637897525586953,-0.14442397375262359,0.3923448556047095,-0.1334981458590853,-0.1917808219178082,-0.19745222929936307,-0.24943916546179012,0.13609438641864538,0.2127613587285297,Utilities—Diversified,Utilities,SRE
2011Q4,2011,Q4,2012-02-28,2011-12-31,292000000.0,2604000000.0,471000000.0,1.2138041119692724,1618000000.0,0.6213517665130568,33356000000.0,9838000000.0,2332000000.0,4163000000.0,23115000000.0,346000000.0,8225000000.0,13231130000.0,23842130000.0,40.89522210121131,0.5601729521979342,0.32566854538913537,1.104187843057532,0.01730315407915524,40.89522210121131,0.029680829436877415,5.08107910906298,11.328022260273974,1.3449003862573694,0.4006849315068493,2.8497109826589595,0.008842782135766182,0.07806691449814127,0.3860196973336536,0.008754047247871448,-14.001195767195767,0.6213517665130568,-0.005078596746498008,1.5194592086994836,-0.1345125562702556,0.4126791946689103,0.06028833551769332,-0.013513513513513514,-0.08897485493230174,-0.0800734641556015,0.1412949702326342,0.2406919646783101,Utilities—Diversified,Utilities,SRE
2011Q3,2011,Q3,2011-11-03,2011-09-30,296000000.0,2576000000.0,517000000.0,1.22,1526000000.0,0.592391304347826,32616000000.0,9630000000.0,2938000000.0,3995000000.0,22632000000.0,369000000.0,8048000000.0,12336567500.0,22490567500.0,40.20121480306414,0.7354192740926158,0.3314630856021584,1.12263759086189,0.020859632727230546,40.20121480306414,0.030737279335410178,4.789040178571429,10.419398226351351,1.2810558151609555,0.3918918918918919,2.845528455284553,0.009402939675075744,0.07897964189354918,0.5143929912390488,0.009075300466028943,-20.42478062913907,0.592391304347826,-0.42452830188679247,-0.512755745426892,0.027818580148770415,0.3846027549487127,0.10740203193033382,-0.4207436399217221,0.34986945169712796,-0.021918339232413934,-0.026121171958092722,0.2409185566578141,Utilities—Diversified,Utilities,SRE
2011Q2,2011,Q2,2011-08-09,2011-06-30,511000000.0,2422000000.0,383000000.0,2.12,1378000000.0,0.5689512799339389,31836000000.0,9579000000.0,2551000000.0,3575000000.0,21864000000.0,211000000.0,7868000000.0,12660265200.0,22513265200.0,40.01002443455924,0.7135664335664336,0.3218055032039201,1.0695270905104917,0.01628683954636983,40.01002443455924,0.05334586073702892,5.227194549958712,6.1938675146771045,1.3216687754462888,0.2328767123287671,4.947867298578199,0.009399487145024418,0.0760773966578716,0.5065734265734265,0.016051011433597186,-37.679360714285714,0.5689512799339389,0.9813084112149533,0.4633189400056291,0.04063862153675098,0.49870858775464566,0.007309941520467836,0.9806201550387597,-0.06585365853658537,1.1481551171691378,-0.0074603757031983355,0.27886265268011456,Utilities—Diversified,Utilities,SRE
2011Q1,2011,Q1,2011-05-09,2011-03-31,258000000.0,2434000000.0,410000000.0,1.07,1368000000.0,0.562037797863599,30696000000.0,9186000000.0,3426000000.0,3654000000.0,21293000000.0,176000000.0,7472000000.0,12846848000.0,21456848000.0,38.25459754797441,0.9376026272577996,0.32020458691686216,1.0699978227737863,0.014689849349467104,38.25459754797441,0.028086218158066622,5.278080525883319,12.448496124031008,1.3985247115175268,0.37209302325581395,6.056818181818182,0.007472650100631688,0.07929371905134219,0.6992337164750958,0.008405003909304144,83.96632679738562,0.562037797863599,-0.082368,0.06295945016095182,-0.23045230609764175,0.5003083771024727,-0.02215868477483917,-0.07857142857142857,0.0962566844919786,0.1482338895839575,-0.19832407425519855,0.1534985468400764,Utilities—Diversified,Utilities,SRE
2010Q4,2010,Q4,2011-02-24,2010-12-31,280000000.0,2345000000.0,374000000.0,1.166044776119403,1399000000.0,0.5965884861407249,30283000000.0,9027000000.0,3353000000.0,3786000000.0,21045000000.0,258000000.0,7329000000.0,12601917440.0,21176917440.0,37.59245069296375,0.8856312731114633,0.3132780768087706,1.0509582364019054,0.019096698179564817,37.59245069296375,0.03101805694029024,5.373952,11.251712,1.3960249739669879,0.35,3.6666666666666665,0.00777659435293047,0.07743618531849553,0.6671949286846276,0.009246111679820361,120.01826133333333,0.5965884861407249,1.2000844832441566,-0.1648590235442505,-0.38646441422658756,0.5516467103637801,0.0654988575780655,1.1374045801526718,-0.1282051282051282,0.04348499715953102,-0.18790192926045013,0.16588439477360084,Utilities—Diversified,Utilities,SRE
2010Q3,2010,Q3,2010-11-09,2010-09-30,131000000.0,2116000000.0,429000000.0,0.53,1313000000.0,0.6205103969754253,28949000000.0,8802000000.0,2495000000.0,3777000000.0,19942000000.0,296000000.0,7143000000.0,13270738400.0,21642738400.0,35.68359089950865,0.660577177654223,0.30809354381843934,1.0132924335378324,0.03203355717322198,35.68359089950865,0.014882981140649853,6.271615500945179,25.325836641221375,1.5076957964099067,0.7557251908396947,2.7128378378378377,0.007460021968332976,0.07309406197105255,0.4805401111993646,0.004525199488756088,-41.21347329192547,0.6205103969754253,-0.4044943820224719,-0.3948244180418602,-0.20392701333497587,0.535991275176502,0.05631536604987932,-0.4099099099099099,0.28059701492537314,-0.5480385130394954,-0.16386872277271367,0.14630444364469855,Utilities—Diversified,Utilities,SRE
2010Q2,2010,Q2,2010-08-03,2010-06-30,222000000.0,2008000000.0,335000000.0,0.89,1243000000.0,0.6190239043824701,29086000000.0,9190000000.0,1873000000.0,4051000000.0,19676000000.0,151000000.0,7106000000.0,11547023360.0,20151023360.0,37.23904304979253,0.46235497408047393,0.3022760090765317,0.9566920565832426,0.013991957264343572,37.23904304979253,0.024156692056583242,5.750509641434263,13.003404684684686,1.2564769706202394,0.4009009009009009,5.066225165562914,0.007707614094581689,0.06903664993467648,0.3416440385090101,0.0076325379907859455,-129.74183550561798,0.6190239043824701,1.119047619047619,0.8132548341534926,-0.1265327596739671,0.6083811088645826,-0.017391304347826087,1.0943396226415094,-0.13881748071979436,-0.1549932848802373,-0.2043798222285636,0.2128582455213314,Utilities—Diversified,Utilities,SRE
2010Q1,2010,Q1,2010-05-04,2010-03-31,106000000.0,2534000000.0,389000000.0,0.42,1265000000.0,0.4992107340173639,28772000000.0,9060000000.0,2107000000.0,4238000000.0,19477000000.0,160000000.0,6981000000.0,12279541700.0,20494541700.0,36.816846348589706,0.4971684756960831,0.2932364799110246,0.9312362030905077,0.01295556113833286,36.816846348589706,0.011699779249448124,4.84591227308603,28.961183254716982,1.3553578035320086,0.8301886792452831,7.93125,0.0071663912342917494,0.088071736410399,0.39263803680981596,0.003684137355762547,27.781768552036198,0.4992107340173639,-0.6411289583333334,-0.5500527557246763,-0.10897036400800252,0.6714245510805179,-0.11538461538461539,-0.6319444444444444,0.0896358543417367,-0.5098171127684704,-0.11060679011698028,0.23913116315459035,Utilities—Diversified,Utilities,SRE
2009Q4,2009,Q4,2010-02-26,2009-12-31,288000000.0,2456000000.0,357000000.0,1.1703368375710634,1430000000.0,0.5822475570032574,28512000000.0,9007000000.0,2295000000.0,3888000000.0,19261000000.0,197000000.0,6971000000.0,13775726340.0,22316726340.0,36.601471861120025,0.5902777777777778,0.3034161054994388,0.9604751859664705,0.015317824377457406,36.601471861120025,0.03197513045409126,5.609009096091206,11.95809578125,1.5294466903519486,0.3090277777777778,5.208121827411167,0.0064606393741703785,0.0861391694725028,0.4565329218106996,0.010101010101010102,-21.19342513846154,0.5822475570032574,-0.07847493104640675,-0.2120893277255319,-0.195286263698141,0.7524995383057427,0.19365609348914858,-0.0914826498422713,0.00847457627118644,1.4292354043148043,-0.20200386371699522,0.26435644889020643,Utilities—Diversified,Utilities,SRE
2009Q3,2009,Q3,2009-11-09,2009-09-30,317000000.0,1853000000.0,354000000.0,1.27,1198000000.0,0.6465191581219644,28395000000.0,8745000000.0,2696000000.0,4310000000.0,19412000000.0,296000000.0,6779000000.0,12149904250.0,19711904250.0,35.85118376550169,0.625522041763341,0.2929388976932559,0.9511720983419096,0.01426964348762048,35.85118376550169,0.03624928530588908,6.556883027522936,9.5819434148265,1.3893544025157234,0.2744479495268139,2.2128378378378377,0.0071605502570112846,0.06525796795210424,0.4464037122969838,0.011163937312907202,-85.5627059859155,0.6465191581219644,0.5874999999999999,0.2904433491417195,-0.19516069022275942,0.8770602892937036,0.0812274368231047,0.601010101010101,0.3563218390804598,-0.48755757871876176,-0.27393279406732823,0.23477979591061168,Utilities—Diversified,Utilities,SRE
2009Q2,2009,Q2,2009-07-31,2009-06-30,198000000.0,1689000000.0,261000000.0,0.8,1108000000.0,0.6560094730609828,27922000000.0,8477000000.0,3324000000.0,4353000000.0,19190000000.0,169000000.0,6559000000.0,12046094340.0,18866094340.0,34.92530426255984,0.7636113025499656,0.2735477401332283,0.9010263064763477,0.010502152497672975,34.92530426255984,0.02335731980653533,7.132086642984015,15.209715075757577,1.421032716763006,0.4393939393939394,3.437869822485207,0.007222257899069384,0.06048993625098489,0.5991270388237997,0.00709118258004441,-105.66749421052631,0.6560094730609828,-0.3798449612403101,0.5535335057743779,-0.1966405309568534,0.9318069399496373,-0.0035971223021582736,-0.37341772151898733,-0.21148036253776434,-0.4407156645361257,-0.28417836147225584,0.30824347567832183,Utilities—Diversified,Utilities,SRE
2009Q1,2009,Q1,2009-05-05,2009-03-31,316000000.0,2108000000.0,331000000.0,1.29,1112000000.0,0.5275142314990512,27334000000.0,8247000000.0,3327000000.0,4900000000.0,18821000000.0,150000000.0,6456000000.0,11179259840.0,17850259840.0,34.11149624016611,0.6789795918367347,0.2703958440038048,0.8962046804898751,0.015646924342678947,34.11149624016611,0.0383169637443919,5.303254193548387,8.844351139240507,1.3555547277797988,0.27848101265822783,6.64,0.007871719707697572,0.07712007024218921,0.5469387755102041,0.011560693641618497,18.57019906976744,0.5275142314990512,-0.022325579937304024,0.5130916327156294,-0.1574358495124225,0.9029592160105387,0.058039961941008564,-0.009404388714733543,0.3907563025210084,0.29309863275519554,-0.33803785856450275,0.33781994439856783,Utilities—Diversified,Utilities,SRE
2008Q4,2008,Q4,2009-02-24,2008-12-31,319000000.0,2293000000.0,238000000.0,1.319457657404267,1051000000.0,0.45835150457915397,26400000000.0,7969000000.0,2476000000.0,3612000000.0,18012000000.0,320000000.0,6235000000.0,10306484580.0,17432484580.0,32.96162404970095,0.6854928017718716,0.2824621212121212,0.9357510352616388,0.014755743097579141,32.96162404970095,0.040030116702221105,4.49475995638901,8.077182272727274,1.293322196009537,0.2727272727272727,3.88125,0.008441287552966968,0.0868560606060606,0.4659468438538206,0.012083333333333333,-16.569910900321542,0.45835150457915397,0.064078755971183,0.28593553871508587,0.04693112328283247,0.9324069852582391,-0.16653449643140364,0.03571428571428571,-0.46396396396396394,-0.054982125074262804,-0.4041340848031911,0.3605070853903921,Utilities—Diversified,Utilities,SRE
2008Q3,2008,Q3,2008-11-10,2008-09-30,308000000.0,2692000000.0,444000000.0,1.24,1261000000.0,0.4684249628528975,23849000000.0,7898000000.0,2570000000.0,3135000000.0,15747000000.0,461000000.0,6001000000.0,12304232710.0,18591232710.0,32.396336236069125,0.8197767145135566,0.2719191580359763,0.8210939478348949,0.023651470797303203,32.396336236069125,0.03899721448467967,4.570665939821694,9.987201875,1.5578922144846796,0.2792207792207792,3.10412147505423,0.006989464684791386,0.11287685018239758,0.3773524720893142,0.012914587613736424,-25.162030081799593,0.4684249628528975,0.2653061224489796,0.2502901274550708,0.12039774443099698,1.107437179897511,0.2789046653144016,0.26229508196721313,1.4943820224719102,0.4396350056684849,0.024716809067591692,0.3944922176252087,Utilities—Diversified,Utilities,SRE
2008Q2,2008,Q2,2008-08-07,2008-06-30,244000000.0,2503000000.0,178000000.0,0.98,986000000.0,0.39392728725529363,23755000000.0,7683000000.0,2510000000.0,4276000000.0,15863000000.0,125000000.0,5780000000.0,13862765200.0,19572765200.0,31.28563051764016,0.5869971936389149,0.2500526205009472,0.7731354939476767,0.007148290825756625,31.28563051764016,0.03175842769751399,5.538459928086296,14.20365286885246,1.804342730704152,0.3442622950819672,12.136,0.006059397154039657,0.10536729109661123,0.2869504209541628,0.010271521784887392,-31.57805284738041,0.39392728725529363,0.06521739130434775,0.7783926431090086,0.15010857791655038,1.0104334019980057,-0.32604237867395763,0.008264462809917356,-0.5202156334231806,1.0027501543344075,0.09414490012443291,0.35124893075817254,Utilities—Diversified,Utilities,SRE
2008Q1,2008,Q1,2008-05-02,2008-03-31,242000000.0,3270000000.0,371000000.0,0.92,1463000000.0,0.4474006116207951,29854000000.0,8577000000.0,10470000000.0,9924000000.0,21126000000.0,103000000.0,5622000000.0,13779486720.0,19215486720.0,33.16397550111358,1.055018137847642,0.2090842098211295,0.7277602891453888,0.016418898246611188,33.16397550111358,0.028214993587501458,4.213910311926606,14.235006942148761,1.606562518363064,0.33884297520661155,17.54368932038835,0.00595087477975377,0.10953306089636229,0.4820636839983877,0.008106116433308769,74.483712,0.4474006116207951,-0.1766986851211073,1.1946174755629795,0.35704612018927684,1.213716816171195,-0.5327371446822101,-0.16262975778546712,-0.24746450304259635,-0.02257400462523714,0.09407244312384241,0.5055901947483721,Utilities—Diversified,Utilities,SRE
2007Q4,2007,Q4,2008-02-26,2007-12-31,289000000.0,3110000000.0,493000000.0,1.1174523632764168,3131000000.0,1.0067524115755626,30091000000.0,8339000000.0,11338000000.0,10394000000.0,21752000000.0,224000000.0,5464000000.0,16003653120.0,20958653120.0,32.24372061370948,1.0908216278622282,0.18689973746302882,0.6744213934524523,0.02158935968626821,32.24372061370948,0.03465643362513491,5.145869170418006,13.843990588235293,1.9191333637126755,0.2837370242214533,-0.09375,0.005123830127105379,0.10335316207503904,0.4454492976717337,0.009604200591538999,-148.18197333333333,1.0067524115755626,-0.02830229280311572,0.5583401730656046,0.4755724460060245,1.1999597450001125,0.7799886299033542,-0.05245901639344262,-0.012024048096192385,-0.24769295939524488,-0.030414237858249264,0.5438479005214538,Utilities—Diversified,Utilities,SRE
2007Q3,2007,Q3,2007-11-01,2007-09-30,305000000.0,2663000000.0,499000000.0,1.15,1759000000.0,0.660533233195644,29302000000.0,8080000000.0,11130000000.0,9831000000.0,21057000000.0,325000000.0,5256000000.0,15309025740.0,19951025740.0,31.12924415267199,1.1321330485199879,0.1950378813732851,0.7073019801980198,0.02567082510025839,31.12924415267199,0.037747524752475246,5.74878923770184,12.54838175409836,1.8946814034653465,0.26885245901639343,2.7815384615384615,0.005356317338062037,0.09088116852092007,0.45427728613569324,0.010408845812572521,-26.764031013986013,0.660533233195644,0.09523809523809511,0.6053715925099751,0.5191549384727316,1.1794937692843788,0.0878169449598021,0.10108303249097472,0.20531400966183574,0.16679094314581655,0.08697224707375685,0.6298337153077587,Utilities—Diversified,Utilities,SRE
2007Q2,2007,Q2,2007-08-02,2007-06-30,277000000.0,2661000000.0,414000000.0,1.05,1617000000.0,0.6076662908680946,28477000000.0,7989000000.0,10588000000.0,9467000000.0,20312000000.0,167000000.0,5032000000.0,15411527540.0,19244527540.0,30.703541149432354,1.1184113235449455,0.18211187976261545,0.6491425710351734,0.020800193790625383,30.703541149432354,0.03467267492802604,5.791630041337843,13.909320884476534,1.9290934459882338,0.26353790613718414,6.251497005988024,0.004736714112895781,0.09344383186431154,0.4627653955846625,0.009727148224883238,-88.57199735632184,0.6076662908680946,0.2209302325581396,0.4871735302780671,0.4057027346891313,1.1794313823714249,-0.35807860262008734,0.2149122807017544,0.550561797752809,1.027371018599377,0.1806554407364296,0.698290541081612,Utilities—Diversified,Utilities,SRE
2007Q1,2007,Q1,2007-05-02,2007-03-31,228000000.0,3004000000.0,267000000.0,0.86,2519000000.0,0.8385486018641811,28024000000.0,7709000000.0,10731000000.0,9200000000.0,20315000000.0,111000000.0,4837000000.0,15829593590.0,18791593590.0,29.711823448020688,1.166413043478261,0.1648943762489295,0.5994292385523414,0.016950247503985234,29.711823448020688,0.02957582046958101,5.269505189747004,17.357010515350876,2.053391307562589,0.34649122807017546,4.36936936936937,0.004990652447950813,0.10719383385669426,0.5465217391304348,0.008135883528404225,16.48915998958333,0.8385486018641811,0.78507792,0.23297871593405595,0.5552624019247111,1.0973660126800076,0.04479469099958523,0.824,-0.5299295774647887,0.017277594576281793,0.11881629709171254,0.6575170979545885,Utilities—Diversified,Utilities,SRE
