Quarters,Year,Quarter,FillingDate,Date,NetIncome,Revenue,OperatingIncome,EPSDiluted,GrossProfit,GrossProfitRatio,TotalAssets,CommonStockEquity,CurrentAssets,CurrentLiability,TotalLiability,Inventory,RetainedEarnings,MarketCap,EnterpriseValue,bookValuePerShare,currentRatio,debtToAssets,debtToEquity,roic,shareholdersEquityPerShare,roe,priceToSalesRatio,peRatio,pbRatio,payoutRatio,inventoryTurnover,dividendYield,assetTurnover,quickRatio,returnOnAssets,priceToFreeCashFlowsRatio,grossProfitMargin,epsdilutedGrowth,fiveYNetIncomeGrowthPerShare,fiveYRevenueGrowthPerShare,fiveYShareholdersEquityGrowthPerShare,grossProfitGrowth,netIncomeGrowth,operatingIncomeGrowth,threeYNetIncomeGrowthPerShare,threeYRevenueGrowthPerShare,threeYShareholdersEquityGrowthPerShare,Industry,Sector,Symbol
2023Q1,2023,Q1,2023-05-15,2023-03-31,-24489.0,0.0,-24489.0,-0.0037,0.0,0.0,16403725.0,1524122.0,288598.0,14879603.0,14879603.0,0.0,-14652671.0,146898.33,815941.33,0.31126058410602764,0.019395544356929414,0.04175880783175773,0.44943908689724316,-0.011085399538821306,0.31126058410602764,-0.016067611385440272,0.0,-1.4996358569153498,0.09638226467435021,0.0,0.0,0.0,0.0,0.005165124365213238,-0.0014928926204261532,-0.26698059506998095,0.0,0.9768749999999999,0.0,0.0,0.0,0.0,0.993028291129687,-1.0030559500686695,0.0,0.0,0.0,Shell Companies,Financial Services,NCACW
2022Q4,2022,Q4,2023-03-23,2022-12-31,-3512625.1620000005,0.0,8013547.1620000005,-0.16,0.0,0.0,258931117.0,244659905.0,1205712.0,14271212.0,14271212.0,0.0,-13895078.0,1056000.0,927322.0,11.120904772727272,0.08448560640820135,0.0,0.0,-0.05112370396001921,11.120904772727272,-0.014357175369621764,0.0,-0.0751574642395618,0.004316195577693861,0.0,0.0,0.0,0.0,0.06709226938819211,-0.013565867257275226,-12.242342739224188,0.0,-2.4545454545454546,-1.0002178157146904,0.0,0.03386631445840029,0.0,-2.407256643216564,4.9610727046698715,-1.0002178157146904,0.0,0.03386631445840029,Shell Companies,Financial Services,NCACW
2022Q3,2022,Q3,2022-11-14,2022-09-30,2496080.0,0.0,-2023075.0,0.11,0.0,0.0,256480684.0,242409444.0,540926.0,187040.0,14071240.0,0.0,-13514852.0,1320000.0,1105064.0,11.018611090909092,2.8920337895637296,0.0,0.0,-0.02716547620697873,11.018611090909092,0.010296958562390003,0.0,0.13220730104804332,0.00544533240214849,0.0,0.0,0.0,0.0,1.1491445680068435,0.009732038924225576,-14.35734563134252,0.0,-0.45,56.39827329826664,0.0,4449.451067109537,0.0,-0.4449972306338369,0.5927710790018974,56.39827329826664,0.0,4449.451067109537,Shell Companies,Financial Services,NCACW
2022Q2,2022,Q2,2022-08-15,2022-06-30,4497419.0,0.0,-4967906.0,0.2,0.0,0.0,255871210.0,241642606.0,652542.0,213704.0,14228604.0,0.0,-13358162.0,1482800.0,1175925.0,10.983754818181819,3.0534851944746,0.0,0.0,-0.04522631222149389,10.983754818181819,0.01861186267789216,0.0,0.08242505312491454,0.006136335079915501,0.0,0.0,0.0,0.0,1.435981544566316,0.017576885652746944,-11.859553707110294,0.0,-0.28571428571428575,163.89684523162737,0.0,25609.584781687154,0.0,-0.27834313263931076,0.2785370289743733,163.89684523162737,0.0,25609.584781687154,Shell Companies,Financial Services,NCACW
2022Q1,2022,Q1,2022-05-16,2022-03-31,6232074.0,0.0,-6885878.0,0.28,0.0,0.0,255977651.0,239598177.0,797196.0,142674.0,16379474.0,0.0,-15402591.0,5280000.0,4848095.0,10.890826227272727,5.587535220152235,0.0,0.0,-0.06066048242170649,10.890826227272727,0.02601052344400767,0.0,0.2118074977928696,0.022036895547832152,0.0,0.0,0.0,0.0,3.0272158907719695,0.02434616450168144,-24.401854171191946,0.0,-0.9996180238189434,0.0,0.0,0.0,0.0,-0.9996135529441063,-1.020598639496482,0.0,0.0,0.0,Shell Companies,Financial Services,NCACW
2021Q4,2021,Q4,2022-04-01,2021-12-31,16126592000.0,0.0,334288000.0,733.03,0.0,0.0,256224293.0,236645591.0,973220.0,68702.0,19578702.0,0.0,-18355177.0,10782200.0,10133918.0,10.756617772727273,14.165817589007599,0.0,0.0,2.7678459488265563,10.756617772727273,68.14659817600405,0.0,0.00016714938903396328,0.04556264899944829,0.0,0.0,0.0,0.0,9.4361445081657,62.93935602741618,-0.01284860213567405,0.0,357576.60975609755,0.0,0.0,0.0,0.0,357916.35166566796,7420.224537807666,0.0,0.0,0.0,Shell Companies,Financial Services,NCACW
2021Q3,2021,Q3,2021-12-03,2021-09-30,-45057.0,0.0,-45057.0,-0.00205,0.0,0.0,217978.0,-54493.0,9914.0,272471.0,272471.0,0.0,-79493.0,11000000.0,11080179.0,-0.0024769545454545456,0.036385523597006655,0.41331235262274174,-1.6532949186133998,-1.2656460674157304,-0.0024769545454545456,0.8268401446057292,0.0,-61.033801629047645,-201.86078945919658,,0.0,,0.0,0.036385523597006655,-0.2067043463101781,0.0,0.0,-0.6400000000000001,0.0,0.0,0.0,0.0,-0.6319678365750299,-0.6319678365750299,0.0,0.0,0.0,Shell Companies,Financial Services,NCACW
2021Q2,2021,Q2,2021-06-30,2021-06-30,-27609.0,0.0,-27609.0,-0.00125,0.0,0.0,184304.0,-9436.0,9971.0,193740.0,193740.0,0.0,-34436.0,11000000.0,11080122.0,-0.0004289090909090909,0.05146588211004439,0.48882824029863703,-9.547795676133955,-0.34230135016179625,-0.0004289090909090909,2.925922000847817,0.0,-99.60520120250644,-1165.748198389148,,0.0,,0.0,0.05146588211004439,-0.14980141505339006,0.0,0.0,0.0,0.0,0.0,0.0,0.0,0.0,0.0,0.0,0.0,0.0,Shell Companies,Financial Services,NCACW
2021Q1,2021,Q1,2021-03-31,2021-03-31,,,,,,,96383.0,18173.0,0.0,78210.0,78210.0,0.0,-6827.0,0.0,30093.0,0.0,0.0,0.31222310988452323,1.6559181202883397,,0.0,,0.0,0.0,0.0,0.0,0.0,,,0.0,,0.0,0.0,0.0,0.0,0.0,0.0,0.0,0.0,0.0,0.0,0.0,0.0,Shell Companies,Financial Services,NCACW
