Quarters,Year,Quarter,FillingDate,Date,NetIncome,Revenue,OperatingIncome,EPSDiluted,GrossProfit,GrossProfitRatio,TotalAssets,CommonStockEquity,CurrentAssets,CurrentLiability,TotalLiability,Inventory,RetainedEarnings,MarketCap,EnterpriseValue,bookValuePerShare,currentRatio,debtToAssets,debtToEquity,roic,shareholdersEquityPerShare,roe,priceToSalesRatio,peRatio,pbRatio,payoutRatio,inventoryTurnover,dividendYield,assetTurnover,quickRatio,returnOnAssets,priceToFreeCashFlowsRatio,grossProfitMargin,epsdilutedGrowth,fiveYNetIncomeGrowthPerShare,fiveYRevenueGrowthPerShare,fiveYShareholdersEquityGrowthPerShare,grossProfitGrowth,netIncomeGrowth,operatingIncomeGrowth,threeYNetIncomeGrowthPerShare,threeYRevenueGrowthPerShare,threeYShareholdersEquityGrowthPerShare,Industry,Sector,Symbol
2023Q1,2023,Q1,2023-05-09,2023-03-31,-1999000.0,650162000.0,-2426000.0,-0.79,2142000.0,0.0032945635,371563000.0,91155000.0,234568000.0,218873000.0,280408000.0,22275000.0,70332000.0,96703140.0,109632140.0,36.215733015494635,1.071708250903492,0.1481955953633704,0.6040699906752235,-0.008749668516302189,36.215733015494635,-0.021929680215018375,0.1487369917036062,-12.093939469734869,1.0608649004442983,-0.34067033516758377,29.091806958473626,0.007042170502426291,1.7498028598111222,0.9149643857396755,-0.005379975939477289,4.434499931214748,0.0032945635087870406,0.6623931623931624,-3.9437023320506674,1.813499143498513,0.03684924121765821,1.6169354838709677,0.724996560737378,0.7087635054021608,0.7055894947176214,2.095516748694561,0.10108554794966675,Oil & Gas Refining & Marketing,Energy,AE
2022Q4,2022,Q4,2023-03-16,2022-12-31,-7269000.0,747721000.0,-8330000.0,-2.34,-3472000.0,-0.0046434432,384159000.0,93177000.0,250143000.0,231060000.0,290982000.0,26919000.0,72964000.0,120901477.2,148930477.2,29.995074700377607,1.0825889379381979,0.12640859644053634,0.521169387295148,-0.04058393587948897,29.995074700377607,-0.07801281432113075,0.1616933016459348,-4.158119314898886,1.2975463601532566,-0.08185445040583299,27.905680002971877,0.004921362532367801,1.946384179467356,0.9069981822903143,-0.018921852670378672,-43.980166315023645,-0.004643443209432396,-5.68,-3.6726565975365557,1.4856378008511677,-0.14002117275000003,-1.455463728191001,-4.3191780821917805,-3.783160708319412,-4.714285922869166,1.3499507715362882,-0.16702877838723135,Oil & Gas Refining & Marketing,Energy,AE
2022Q3,2022,Q3,2022-11-10,2022-09-30,2190000.0,852901000.0,2993000.0,0.5,7623000.0,0.0089377313,462123000.0,169251000.0,326647000.0,245231000.0,292872000.0,29844000.0,150595000.0,130732600.0,81322600.0,38.580123090950536,1.331997178170786,0.08028165661523014,0.2192010682359336,0.008932689365254773,38.580123090950536,0.01293936224896751,0.15327992346122235,14.92381278538813,0.7724184790636393,0.4812785388127854,28.32321404637448,0.008062258380847624,1.84561469565462,1.1634132715684395,0.004738998058958329,3.440693757237604,0.008937731342793595,-0.10714285714285723,1.6942416189185878,1.77688529292046,0.12731262389856365,0.06303165527820388,-0.11550888529886914,0.01114864864864865,2.3025344768634604,0.8279871764652391,0.08985289107414939,Oil & Gas Refining & Marketing,Energy,AE
2022Q2,2022,Q2,2022-08-11,2022-06-30,2476000.0,992050000.0,2960000.0,0.56,7171000.0,0.0072284663,504623000.0,167452000.0,408006000.0,310972000.0,337171000.0,61281000.0,149475000.0,140702490.0,92324490.0,38.309768931594604,1.3120345240085924,0.038345457896290895,0.11555550247235029,0.011369121759667821,38.309768931594604,0.014786326827986527,0.1418300388085278,14.206632673667203,0.8402556553519813,0.4273021001615509,16.071522984285505,0.007519412058734711,1.9659230752462729,1.0784379301030318,0.004906633268796706,-4.518384393063584,0.0072284663071417775,-0.5971223021582733,9.472806748540915,2.037178842688484,0.08951687199769438,-0.41057044221601185,-0.593431855500821,-0.6367206676485027,398.07160832761383,0.9803925449254169,0.07879255785068336,Oil & Gas Refining & Marketing,Energy,AE
2022Q1,2022,Q1,2022-05-16,2022-03-31,6090000.0,774245000.0,8148000.0,1.39,12166000.0,0.0157133724,470117000.0,165521000.0,370972000.0,276979000.0,304596000.0,42382000.0,148066000.0,167777910.0,87381910.0,37.97224133975683,1.3393506366908683,0.04020063090677427,0.11417886552159545,0.030287476131805643,37.97224133975683,0.03679291449423336,0.216698732313415,6.887434729064039,1.013635188284266,0.17536945812807883,17.981194846868952,0.006365557897341789,1.6469198093240618,1.144093956581546,0.012954222034089385,76.99766406608536,0.015713372382127104,1.1718749999999998,7.851678067830792,1.4716627250094503,0.07107603585774225,0.6148128484204938,1.1557522123893806,1.2129277566539924,0.20069428902683423,0.6829614859135962,0.06282665426508671,Oil & Gas Refining & Marketing,Energy,AE
2021Q4,2021,Q4,2022-03-09,2021-12-31,2825000.0,644788000.0,3682000.0,0.64,7534000.0,0.0116844606,374703000.0,160386000.0,273210000.0,186011000.0,214317000.0,18942000.0,143040000.0,120866542.74,43492542.739999995,36.90297214502753,1.4687841041658827,0.054579226747584086,0.12751112940032172,0.01460583946787999,36.90297214502753,0.017613756811691795,0.18745160074319,10.696154224778759,0.7535978373424115,0.36991150442477877,33.642382008235664,0.008645899653537159,1.7207975383170138,1.3012133691018273,0.007539304462467608,8.428041471306045,0.011684460628919893,0.7777777777777779,17.249999424778782,1.0841787665611007,0.024323801212829465,0.2982939858693779,0.8272962483829237,0.6001738374619731,1.7142856166074454,0.4172483988996828,0.06445407049394404,Oil & Gas Refining & Marketing,Energy,AE
2021Q3,2021,Q3,2021-11-04,2021-09-30,1546000.0,568181000.0,2301000.0,0.36,5803000.0,0.010213294707144379,370425000.0,158082000.0,265661000.0,175137000.0,212343000.0,24362000.0,141275000.0,129801380.0,64183380.0,36.98689751988769,1.5168753604321188,0.08103124789093609,0.18987614023101934,0.007838218512066994,36.98689751988769,0.009779734568135525,0.22845075776909118,20.989873868046573,0.8211015801925584,0.6688227684346701,23.084229537804777,0.007966017002284567,1.533862455287845,1.3246601232178237,0.0041735843963015455,22.387268023456365,0.010213294707144379,-0.6727272727272727,2.5534430841383537,1.1847455350205944,0.024511603641136942,-0.3757530120481928,-0.671692503716288,-0.6367797947908446,-0.25024886204109414,0.19843386546719083,0.031360004091350244,Oil & Gas Refining & Marketing,Energy,AE
2021Q2,2021,Q2,2021-08-12,2021-06-30,4709000.0,486744000.0,6335000.0,1.1,9296000.0,0.0190983350590865,365006000.0,154851000.0,260550000.0,172407000.0,210155000.0,29712000.0,140772000.0,117793260.0,59955260.0,36.40126939351199,1.5112495432320034,0.08446436496934297,0.1990946135317176,0.02310177014902502,36.40126939351199,0.030409877882609734,0.24200249001528523,6.253623911658527,0.760687757909216,0.22021660649819494,16.069197630586967,0.008803559728290057,1.3335232845487472,1.278532774191303,0.012901157789187026,4.588036924515074,0.0190983350590865,0.6666666666666667,0.31884245628574237,0.6461103311945146,-0.012619313458282424,0.28628753286287534,0.676994301994302,0.6450272656452869,0.28982030562070926,0.06676996847894104,0.023439944954364494,Oil & Gas Refining & Marketing,Energy,AE
2021Q1,2021,Q1,2021-05-06,2021-03-31,2808000.0,325491000.0,3851000.0,0.66,7227000.0,0.022203378895268994,332302000.0,151017000.0,227501000.0,149255000.0,181285000.0,29223000.0,137100000.0,118930460.0,84416460.0,35.566886481394256,1.5242437439281766,0.07364084477372992,0.1620413595820338,0.014363645742596357,35.566886481394256,0.018593933133355847,0.3653878601866104,10.588538105413106,0.7875302780481668,0.36502849002849,10.890873626937687,0.008618481758163552,0.9795035840891719,1.2174064520451575,0.008450144747849848,5.209165608164338,0.022203378895268994,-0.5182481751824818,0.7948620532247475,0.29051334403879714,-0.01964056311673277,-0.14534058656575213,-0.5196715703044817,-0.25970780469050364,1.4512151206925243,-0.16503664621053815,0.0182728938533552,Oil & Gas Refining & Marketing,Energy,AE
2020Q4,2020,Q4,2021-03-05,2020-12-31,5846000.0,249755000.0,5202000.0,1.37,8456000.0,0.03385718003643571,296187000.0,149092000.0,187513000.0,114548000.0,147095000.0,19336000.0,135329000.0,102093191.2,86469191.2,35.194484154786615,1.6369818765932185,0.07991235266909082,0.15875432618785718,0.030428058293366787,35.194484154786615,0.039210688702277785,0.40877336269544157,4.3659421484775915,0.6847663939044348,0.17413616147793362,12.47926148117501,0.009971282002594508,0.8432341730055675,1.330272025701016,0.019737530681630186,21.852138527397262,0.03385718003643571,0.902777777777778,1.6934673870175374,-0.28505916173771345,-0.02543840308290711,0.13336013939150249,0.902375528799219,-0.14101717305151915,0.5761819227426515,-0.391176374046099,0.009049369319326107,Oil & Gas Refining & Marketing,Energy,AE
2020Q3,2020,Q3,2020-11-05,2020-09-30,3073000.0,266904000.0,6056000.0,0.72,7461000.0,0.027953871054761263,256460000.0,144084000.0,177041000.0,92894000.0,112376000.0,15942000.0,130511000.0,84415800.0,46276800.0,33.966053748231964,1.9058389131698494,0.05835997816423614,0.10387690513866911,0.017557620360942248,33.966053748231964,0.02132783653979623,0.3162777627911159,6.86753986332574,0.5858790705421837,0.3315977871786528,16.27418140760256,0.012071199941243229,1.040723699602277,1.6665661937261824,0.01198237541916868,-4.15023598820059,0.027953871054761263,-0.1219512195121951,11.34889203206035,-0.3706531777749951,-0.07656457228518775,0.31680197670314153,-0.12275192691978304,1.0633730834752981,2.0074559384721855,-0.10130697828272298,-0.007510652982325127,Oil & Gas Refining & Marketing,Energy,AE
2020Q2,2020,Q2,2020-08-06,2020-06-30,3503000.0,152286000.0,2935000.0,0.82,5666000.0,0.037206309181408666,261334000.0,141890000.0,176817000.0,99238000.0,119444000.0,19837000.0,128466000.0,113478030.0,58993030.0,33.472517103090354,1.7817469114653661,0.060191172981701575,0.11086052575939108,0.01969761485072952,33.472517103090354,0.02468813869899218,0.7451639021315157,8.098631886954038,0.7997605891888082,0.2934627462175278,7.3912385945455465,0.009059022261842227,0.5827255542715453,1.4880892400088677,0.01340430254004454,-15.585500618046972,0.037206309181408666,1.3037037037037036,-0.1969326525797863,-0.7477061971055289,-0.13431882753084126,1.332394696703039,1.306554651264549,1.1471915747241725,13.360447315454769,-0.5192556666152185,-0.048052934039705515,Oil & Gas Refining & Marketing,Energy,AE
2020Q1,2020,Q1,2020-05-07,2020-03-31,-11427000.0,353477000.0,-19940000.0,-2.7,-17046000.0,-0.04822378825213522,253656000.0,139326000.0,175533000.0,91981000.0,114330000.0,10021000.0,125991000.0,99546000.0,27249000.0,32.890934844192635,1.9083615094421673,0.05953338379537641,0.10838608730603046,-0.06813949820508133,32.890934844192635,-0.08201627836871797,0.28161945473114236,-2.1778682068784456,0.714482580422893,-0.08891222543099676,36.97465322822074,0.010206336768930947,1.3935290314441606,1.6833259042628368,-0.04504920049200492,-3.8201703891319365,-0.04822378825213522,-5.285714285714286,-4.673669201027038,-0.36652562142466577,-0.13118756389781552,-4.355511811023622,-5.3071993969091595,-7.906823692414271,-12.229480832070625,0.16118890261949273,-0.0722514430116403,Oil & Gas Refining & Marketing,Energy,AE
2019Q4,2019,Q4,2020-03-06,2019-12-31,2653000.0,431339000.0,2887000.0,0.63,5080000.0,0.01177727958751701,330842000.0,151641000.0,247324000.0,159577000.0,179201000.0,26407000.0,138440000.0,160316995.77,63440995.77000001,36.009737097882244,1.5498724753567243,0.04871811922307325,0.10629051509815947,0.01263774014773806,36.009737097882244,0.017495268430042007,0.3716728507508016,15.107142458537503,1.0572140500919935,0.3829626837542405,16.141894194721097,0.006337444106410353,1.3037613120462335,1.3165869768199678,0.008018933509046615,-24.434841604938274,0.01177727958751701,3.2,1.3987341889314857,-0.491130093539961,-0.03480200039546951,0.6699539776462854,3.1453125,8.528052805280527,16.750000415567296,0.43894823117319115,-0.00046991771237286527,Oil & Gas Refining & Marketing,Energy,AE
2019Q3,2019,Q3,2019-11-06,2019-09-30,640000.0,450307000.0,303000.0,0.15,3042000.0,0.006755391321920379,313845000.0,149881000.0,236253000.0,143835000.0,163964000.0,24900000.0,136806000.0,131254000.0,23732000.0,35.399385923476615,1.642527896548128,0.05481686819927034,0.11478439562052561,0.001284811121534963,35.399385923476615,0.004270054243032806,0.2914767036710511,51.27109375,0.8757214056484812,1.5875,17.962449799196786,0.007740716473402715,1.4348069907119756,1.4247575346751487,0.0020392231834185665,-45.10446735395189,0.006755391321920379,104.70824524312897,-0.835698604404956,-0.6203902486785379,-0.10153543625987364,0.5688499226405364,105.66666666666667,1.4712286158631416,1.6491566262744406,0.7478594860595522,-0.019461374913322567,Oil & Gas Refining & Marketing,Energy,AE
2019Q2,2019,Q2,2019-08-07,2019-06-30,6000.0,484433000.0,-643000.0,0.001419,1939000.0,0.004002617493027932,301764000.0,150108000.0,231307000.0,131351000.0,151656000.0,19977000.0,137188000.0,146507820.0,36522820.0,35.51171043293116,1.7609839285578337,0.05860540024655028,0.11781517307538572,-0.00045218066410782586,35.51171043293116,3.9971220721080824e-05,0.3024315436809631,6104.492499999999,0.9760160684307296,169.33333333333334,24.152475346648647,0.006934783412926355,1.6053372834400392,1.5560292650988572,1.9883087445818587e-05,18.400881688018085,0.004002617493027932,-0.998776724137931,-0.9984939241444265,-0.5832896441471249,-0.07642092487936053,-0.7557011465289152,-0.9987775061124694,-1.1224062440510185,-0.9983088555011569,0.6487594265810529,-0.03674850872679098,Oil & Gas Refining & Marketing,Energy,AE
2019Q1,2019,Q1,2019-05-08,2019-03-31,4908000.0,445168000.0,5253000.0,1.16,7937000.0,0.017829224023290083,314635000.0,150699000.0,252086000.0,145343000.0,163936000.0,29237000.0,138206000.0,162561720.0,46781720.0,35.7275960170697,1.734421334360788,0.04803343556819807,0.100286000570674,0.022469175472569547,35.7275960170697,0.03256823203869966,0.3651693742587068,8.280446210268948,1.0787179742400415,0.189079054604727,14.954714916031056,0.005708601016278617,1.4148711999618606,1.520307135534563,0.015599027444499182,12.83550888274773,0.017829224023290083,2.2747252747252746,-0.08492822826654038,-0.5310466494942718,-0.05301303386620718,3.3558919560700504,2.2754677754677757,1.8464389300676765,2.157998656246167,0.7767276776653651,-0.015210793589985777,Oil & Gas Refining & Marketing,Energy,AE
2018Q4,2018,Q4,2019-03-11,2018-12-31,-3848000.0,442649000.0,-6206000.0,-0.91,-3369000.0,-0.007610996523204616,278870000.0,146598000.0,229590000.0,123267000.0,132272000.0,22779000.0,134228000.0,163687983.41,50713983.41,34.66844945964015,1.8625422862566623,0.014673503783124753,0.027913068391110383,-0.027620112882693684,34.66844945964015,-0.026248652778346225,0.36979182921456955,-10.634614306782744,1.1165771934814936,-0.2409043659043659,19.580227402432065,0.0056632135156682965,1.5872951554487753,1.6638029642970138,-0.013798544124502456,-58.75376288944724,-0.007610996523204616,-2.8958333333333335,-46.50000461148696,-0.40930353807094866,0.22146975825088935,-1.8931601272534464,-2.890909090909091,-3.7717731129968737,0.5427134757857107,0.2694088176128613,-0.040004697343140244,Oil & Gas Refining & Marketing,Energy,AE
2018Q3,2018,Q3,2018-11-07,2018-09-30,2035000.0,467891000.0,2239000.0,0.48,3772000.0,0.00806170667954716,313312000.0,151267000.0,275730000.0,155935000.0,162045000.0,34760000.0,139008000.0,179855520.0,51690520.0,35.86225699383594,1.7682367653188829,0.00832716270043918,0.017247648198219043,0.010347172749129161,35.86225699383594,0.013453033378066597,0.3843961948402513,22.09527272727273,1.1889937659899383,0.456019656019656,13.352100115074798,0.005159697072405673,1.4933708252476765,1.5354859396543432,0.006495123072209172,50.52121348314607,0.00806170667954716,-0.4418604651162791,-0.7156504908161965,-0.5589560551255626,-0.02734005782375694,-0.42692190823457915,-0.43784530386740333,-0.47906002791996277,7.8922305764411025,0.10954198734157665,-0.025012476533420567,Oil & Gas Refining & Marketing,Energy,AE
2018Q2,2018,Q2,2018-08-08,2018-06-30,3620000.0,452417000.0,4298000.0,0.86,6582000.0,0.01454852492280352,303127000.0,150024000.0,268780000.0,148005000.0,153103000.0,21513000.0,137906000.0,181374000.0,55897000.0,35.567567567567565,1.8160197290632074,0.005020997799602147,0.010145043459713112,0.02126041953583362,35.567567567567565,0.0241294726177145,0.4009000545956496,12.525828729281768,1.208966565349544,0.256353591160221,20.723980848789104,0.005116499608543672,1.492499843300003,1.6589439545961284,0.011942189247411151,11.272467371037912,0.01454852492280352,2.185185185185185,-0.4278489015331121,-0.5313762278446459,0.005494122492950067,0.9589285714285715,2.181019332161687,2.990714948932219,-0.16597850773402556,-0.24674441518715876,-0.08013569762504631,Oil & Gas Refining & Marketing,Energy,AE
2018Q1,2018,Q1,2018-05-09,2018-03-31,1138000.0,387256000.0,1077000.0,0.27,3360000.0,0.00867643109467639,284508000.0,147329000.0,249816000.0,131934000.0,137179000.0,19267000.0,135214000.0,183483000.0,73553000.0,34.92863916548127,1.8934922006457775,0.005644832482742138,0.010900773099661303,0.005634239729010586,34.92863916548127,0.007724209083072579,0.4738028590906274,40.30821616871705,1.2453963578114289,0.8154657293497364,19.92505319977163,0.005057689268215584,1.3611427446679882,1.7366713659860233,0.003999887525131103,75.85076477883423,0.00867643109467639,-0.6931818181818181,-0.85800204813935,-0.5938183052228255,0.024123393250218318,-0.48959440984353636,-0.6918494448957487,-0.7133351077987756,-0.6325828213203772,-0.30302784940234245,-0.07736170386005149,Oil & Gas Refining & Marketing,Energy,AE
2017Q4,2017,Q4,2018-03-12,2017-12-31,3693000.0,408460000.0,3757000.0,0.88,6583000.0,0.01611663320765803,282704000.0,147119000.0,245685000.0,129598000.0,135585000.0,12192000.0,135004000.0,183483000.0,75779000.0,34.878852536747274,1.8957468479451844,0.0059744467711811645,0.011480502178508553,0.022740966349026902,34.878852536747274,0.02510212820913682,0.44920677667335845,12.420999187652315,1.2471740563761309,0.2510154346060114,32.962352362204726,0.005052239172021386,1.4448327579376308,1.7906372011913765,0.013063133171090612,19.457370095440083,0.01611663320765803,2.2222222222222223,-0.510875214701253,-0.5329390040946571,0.08529460439340682,3.3974615898463596,2.217606330365974,3.912403100775194,1.5541350827786673,-0.5189084954823757,-0.06511401053939565,Oil & Gas Refining & Marketing,Energy,AE
2017Q3,2017,Q3,2017-11-09,2017-09-30,-3033000.0,295311000.0,-1290000.0,-0.72,1497000.0,0.0050692320976868455,248529000.0,144353000.0,208439000.0,95505000.0,104176000.0,22398000.0,132238000.0,175047000.0,77369000.0,34.2230915125652,2.182493063190409,0.007125928966036157,0.012268536157890727,-0.004993403656300648,34.2230915125652,-0.021010993883050576,0.5927547568495586,-14.428536102868447,1.2126315351949735,-0.30596768875700625,13.117867666755961,0.005301433329334407,1.1882355781417864,1.9357415842102508,-0.012203807201574062,-48.06342668863262,0.0050692320976868455,-9.285714285714283,-1.366867913640629,-0.6289769729509794,0.10215159555816057,-0.27994227994227994,-9.75531914893617,-3.0840064620355414,-1.7815881513912029,-0.7501078783319166,-0.13139072377853578,Oil & Gas Refining & Marketing,Energy,AE
2017Q2,2017,Q2,2017-08-09,2017-06-30,-282000.0,315202000.0,619000.0,-0.07,2079000.0,0.006595770331406526,243950000.0,148314000.0,198045000.0,88174000.0,95636000.0,15957000.0,136199000.0,173275440.0,69588440.0,35.16216216216216,2.2460702701476625,0.0,0.0,0.001554754168692297,35.16216216216216,-0.0019013714147012419,0.5497282377649888,-153.61297872340424,1.1683013066871637,-3.2907801418439715,19.622924108541707,0.005355634935914749,1.2920762451321992,2.0425295438564657,-0.0011559745849559337,26.57598773006135,0.006595770331406526,0.65,-1.0522315016171213,-0.6218274139222449,0.20639390663871468,0.15307820299500832,0.672093023255814,1.3907828282828283,-1.0709366012685972,-0.7282840014143694,-0.08551188289549357,Oil & Gas Refining & Marketing,Energy,AE
2017Q1,2017,Q1,2017-05-09,2017-03-31,-860000.0,303087000.0,-1584000.0,-0.2,1803000.0,0.005948786981955676,264163000.0,149524000.0,213114000.0,105337000.0,114639000.0,20627000.0,137409000.0,157527210.6,59454210.599999994,35.45242360814075,2.023163750628934,0.0,0.0,-0.006388857424437258,35.45242360814075,-0.005751585029827987,0.5197425511486801,-45.792793779069775,1.0535245886947917,-1.0790697674418606,14.606292723129878,0.005891045721341554,1.1473484174543747,1.8100572448427428,-0.0032555656923944688,14.13560755563532,0.005948786981955676,-4.0,-1.1307984790874526,-0.6545973795682909,0.27518186547498213,-0.5908781484002723,-4.119047619047619,-23.75,-1.1603580085772889,-0.6806884614128482,-0.06030668677727502,Oil & Gas Refining & Marketing,Energy,AE
2016Q4,2016,Q4,2017-03-31,2016-12-31,-168000.0,298969000.0,-64000.0,-0.04,4407000.0,0.014740658730503831,246872000.0,151312000.0,192518000.0,86074000.0,95560000.0,13070000.0,139197000.0,166530000.0,79188000.0,36.026666666666664,2.236656830169389,0.0,0.0,0.000986923266716013,36.026666666666664,-0.0011102886750555144,0.5570142723827554,-247.8125,1.1005736491487788,-5.517857142857143,22.537260902830912,0.005566564582958026,1.2110283871804013,2.059146780677092,-0.0006805145986584141,18.534223706176963,0.014740658730503831,0.9215686274509804,-1.035644166490598,-0.6631685935169548,0.3728151391072319,14.092465753424657,0.8290946083418108,0.964873765093304,-3.0,-0.598324467969714,0.26932367930525464,Oil & Gas Refining & Marketing,Energy,AE
2016Q3,2016,Q3,2016-11-09,2016-09-30,-983000.0,256877000.0,-1822000.0,-0.51,292000.0,0.0011367308089085437,232911000.0,152407000.0,174898000.0,71303000.0,80504000.0,16066000.0,140292000.0,165992093.08,87507093.08000001,36.101980093183364,2.452884170371513,0.0,0.0,-0.0074518702193966425,36.101980093183364,-0.0064498349813328784,0.6461928980796257,-42.21569,1.0891369364924184,-0.9440488301119023,15.970683430847753,0.005590627738833016,1.1028976733602105,2.1670897437695467,-0.00422049624105345,-13.990062627897178,0.0011367308089085437,-1.6296296296296295,-1.108805105222976,-0.6798821887495695,0.4052547399065073,-0.9612680726886855,-1.277683615819209,-1.3252990537404035,-1.1372379653077946,-0.7580670191451893,-0.020838262468555198,Oil & Gas Refining & Marketing,Energy,AE
2016Q2,2016,Q2,2016-08-09,2016-06-30,3540000.0,293163000.0,5601000.0,0.81,7539000.0,0.02571606921746605,251526000.0,155488000.0,189919000.0,87540000.0,96038000.0,12862000.0,143373000.0,162377446.0,71606446.0,36.866499304343044,2.1695110806488462,0.0,0.0,0.022383383613801783,36.866499304343044,0.022767030253138507,0.5538811036863451,11.467333757062148,1.0443085382794812,0.2621468926553672,22.206810760379412,0.005715079420574209,1.1655375587414423,1.9712588530957276,0.014074091743994656,20.533313859382904,0.02571606921746605,1.3823529411764706,-0.013652828085817768,-0.6443103092658424,0.5654152445961321,0.6609385327164574,1.277992277992278,1.394613082513895,-0.44043953000714153,-0.6963060390442464,0.04221488570978157,Oil & Gas Refining & Marketing,Energy,AE
2016Q1,2016,Q1,2016-05-09,2016-03-31,1554000.0,250531000.0,2339000.0,0.34,4539000.0,0.01811751839093765,237915000.0,153012000.0,172420000.0,75797000.0,84903000.0,13378000.0,140897000.0,168619488.07999998,85520488.07999998,36.27943501463867,2.274760214784226,0.0,0.0,0.009727698124686596,36.27943501463867,0.010156066190886989,0.6730483975236596,27.12668727155727,1.1020017258777088,0.5971685971685972,18.38780086709523,0.005503515700152753,1.0530273416976652,2.0683008562344156,0.006531744530609672,-25.672881863580997,0.01811751839093765,1.170854271356784,-0.721655024180548,-0.6406550313545271,0.5982368547494203,-0.38512598211866705,1.1849119466920515,1.169247467438495,-0.806075611168648,-0.7372000594293417,0.0637293344400066,Oil & Gas Refining & Marketing,Energy,AE
2015Q4,2015,Q4,2016-03-11,2015-12-31,-8404000.0,348255000.0,-13820000.0,-1.99,7382000.0,0.02119711131211325,243215000.0,152510000.0,176537000.0,80197000.0,90705000.0,7671000.0,140395000.0,162167654.4,70290654.4,36.11314489111831,2.2012918188959687,0.0,0.0,-0.055433494052197975,36.11314489111831,-0.05510458330601272,0.46565779213507347,-4.824121085197525,1.063324728870238,-0.11042360780580676,44.4365793247295,0.00572247285337809,1.4318812573237671,2.073356858735364,-0.03455378985671114,-57.69037865528282,0.02119711131211325,-27.428571428571423,-4.511721841463579,-0.4466976056382797,0.6894310403216796,3.2819025522041763,-26.285714285714285,-35.657824933687,-2.1117316531192096,-0.6022639163264442,0.12370099494285479,Oil & Gas Refining & Marketing,Energy,AE
2015Q3,2015,Q3,2015-11-06,2015-09-30,-308000.0,439893000.0,-377000.0,-0.07,1724000.0,0.003919134880527765,288801000.0,161842000.0,213029000.0,113364000.0,126959000.0,14815000.0,149727000.0,180400000.0,85165000.0,36.782272727272726,1.8791591686955293,0.0,0.0,-0.0022849209620738067,36.782272727272726,-0.0019030906686768577,0.4100997287976849,-146.42857142857142,1.114667391653588,-3.012987012987013,29.576037799527505,0.005144124168514412,1.5231699336221134,1.6837091140044458,-0.0010664783016679305,15.007070959154813,0.003919134880527765,-1.0679611650485437,-1.1068905575669805,-0.16080636925966235,0.722893386702367,-0.8133997185842624,-1.070967741935484,-1.054471897124693,-1.0357142829480817,-0.4701875126237391,0.18456979725910197,Oil & Gas Refining & Marketing,Energy,AE
2015Q2,2015,Q2,2015-08-07,2015-06-30,4340000.0,600558000.0,6921000.0,1.03,9239000.0,0.015384026188977584,339572000.0,163078000.0,258322000.0,161207000.0,176494000.0,17077000.0,150963000.0,188104781.6,104124781.6,38.66610268029465,1.602424212348099,0.0,0.0,0.026252678605027908,38.66610268029465,0.02661303180073339,0.313216677822958,10.835528894009217,1.1534651001361313,0.21405529953917052,34.62663231246706,0.00493873676202179,1.7685733806085306,1.4247954493291235,0.012780794647379643,-57.471671738466235,0.015384026188977584,0.41095890410958913,1.5756700985690688,0.09763035410206373,0.8684481515170797,0.12015033947623667,0.40135615111398126,0.40756558877364246,-0.19607648596413646,-0.2793943976721696,0.32661212504077675,Oil & Gas Refining & Marketing,Energy,AE
2015Q1,2015,Q1,2015-05-08,2015-03-31,3097000.0,555573000.0,4917000.0,0.73,8248000.0,0.014845933837677497,319524000.0,159667000.0,232761000.0,146054000.0,159857000.0,14284000.0,147552000.0,283464627.15999997,195332627.15999997,37.85734811963972,1.5936639872923712,0.0,0.0,0.019109031591655515,37.85734811963972,0.019396619213738593,0.5102203079703297,22.882194636745236,1.7753488645743953,0.29932192444300937,38.317348081769815,0.0032702493051337943,1.7387520186277088,1.4177838333766963,0.00969254265720259,33.48271050791401,0.014845933837677497,1.4620253164556962,0.7076850275011182,0.02958870638153298,0.8452523755886678,0.2367671315039736,1.4643178410794602,1.4578638606946643,-0.5289733840304183,-0.3668604392761618,0.3616841638452287,Oil & Gas Refining & Marketing,Energy,AE
2014Q4,2014,Q4,2014-12-31,2014-12-31,-6670000.0,849736000.0,-10739000.0,-1.58,6669000.0,0.007848319948784092,340814000.0,157497000.0,250945000.0,168603000.0,183317000.0,13481000.0,145382000.0,210864874.05,130680874.05000001,37.308134820665266,1.4883780241158224,0.0,0.0,-0.044679616575155665,37.308134820665266,-0.042350013016120944,0.24815339593709107,-7.903481036356822,1.3388500990495056,-0.13898050974512743,62.53742303983384,0.004396180275052311,2.4932543850898146,1.3379833099055176,-0.01957079227965987,-11.589802904803783,0.007848319948784092,-2.717391304347826,-5.025509067855724,0.6414340371453042,0.8574122997142493,0.14312649982859102,-2.7302204928664073,-2.873517096999302,-2.4079445721568957,-0.047530713824167285,0.42164615915052617,Oil & Gas Refining & Marketing,Energy,AE
2014Q3,2014,Q3,2014-09-30,2014-09-30,3855000.0,1173970000.0,5732000.0,0.92,5834000.0,0.004969462592740871,455900000.0,165094000.0,356453000.0,272290000.0,290806000.0,23324000.0,152979000.0,185584710.93,88149710.93,39.39986878961161,1.3090932461713614,0.0,0.0,0.022887160234395833,39.39986878961161,0.023350333749257997,0.1580830097276762,12.035324963035018,1.1241154186705755,0.24072632944228275,50.083004630423595,0.005000411916205904,2.575060320245668,1.1924639171471594,0.008455801710901514,4.097425892080454,0.004969462592740871,-0.021276595744680753,5.072282757984743,1.0503952882007963,0.9099435544065878,-0.2905265718107747,-0.03018867924528302,-0.05661619486504279,-0.5701098291211777,0.4739372503022747,0.5336237022287409,Oil & Gas Refining & Marketing,Energy,AE
2014Q2,2014,Q2,2014-06-30,2014-06-30,3975000.0,1159931000.0,6076000.0,0.94,8223000.0,0.00708921478950041,483144000.0,162167000.0,388152000.0,301982000.0,320977000.0,36212000.0,150052000.0,329520775.47999996,281522775.47999996,38.45010285480164,1.2853481333324503,0.0,0.0,0.024331564583735768,38.45010285480164,0.024511768732232823,0.28408653228511005,20.724577074213833,2.031984161265856,0.23345911949685536,31.80459516182481,0.002816210900961309,2.400797691785472,1.0942705194349331,0.008227360786846157,-8.642034499868869,0.00708921478950041,-0.2598425196850394,0.45391367959034384,1.2519871085483525,0.877693510102472,-0.22904556534783424,-0.2588103673317173,-0.277698525915359,0.10755084981889115,0.4073245896070176,0.6326577869058765,Oil & Gas Refining & Marketing,Energy,AE
2014Q1,2014,Q1,2014-03-31,2014-03-31,5363000.0,949189000.0,8412000.0,1.27,10666000.0,0.011236961237435327,464612000.0,159120000.0,367942000.0,284829000.0,305492000.0,39537000.0,147005000.0,244283160.32,156904160.32,37.727653383586286,1.2917996411882218,0.0,0.0,0.033536678488250315,37.727653383586286,0.03370412267471091,0.2573598728177423,11.387430557523775,1.535213425842132,0.17303747902293493,23.737840503831855,0.003798870125899638,2.0429713395263143,1.1193488022638145,0.011542964882525633,8.83771065880395,0.011236961237435327,62.5,1.8679144385026736,1.7905750850382636,0.9026437565017753,-0.05702413579701176,48.20183486238532,7.353525322740814,-0.03940533763209749,0.3614534386707747,0.6620359731767949,Oil & Gas Refining & Marketing,Energy,AE
2013Q4,2013,Q4,2014-03-13,2013-12-31,109000.0,965824000.0,1007000.0,0.02,11311000.0,0.01171124345636472,448082000.0,154685000.0,351730000.0,272169000.0,293397000.0,27616000.0,142570000.0,373325000.0,312592000.0,28.38256880733945,1.2923220499028176,0.0,0.0,0.00461962185665418,28.38256880733945,0.000704657853056211,0.38653522795043405,856.25,2.4134531467175226,8.513761467889909,34.563767381228274,0.0024857697716466885,2.155462616217567,1.1270938277320341,0.000243259046335269,35.958871123097666,0.01171124345636472,-0.9882352941176471,1.0133215287428932,0.19585769243589354,0.46409912637516204,-0.14762622456669178,-0.9847680268306317,-0.9061946902654867,-0.964706309623431,0.1890488321452615,0.3277822491438038,Oil & Gas Refining & Marketing,Energy,AE
2013Q3,2013,Q3,2013-11-08,2013-09-30,7156000.0,1060770000.0,10735000.0,1.7,13270000.0,0.012509780631051029,474680000.0,155504000.0,374997000.0,299160000.0,319176000.0,24095000.0,143389000.0,234118753.95999998,182074753.95999998,36.87029293464808,1.2534997994384276,0.0,0.0,0.0446887851879191,36.87029293464808,0.046018108858936105,0.22070642454066383,8.179106832029065,1.5055481142607265,0.12954164337618781,43.47374974061009,0.003959529018159652,2.2347054858009607,1.1424087444845568,0.015075419229796915,12.79127760257881,0.012509780631051029,0.1333333333333333,2.138725731857248,-0.17770330773483772,0.72169863566734,0.04168302064526258,0.13048973143759873,0.069649262654444,1.5908761766835626,1.111174134997164,0.727016281290953,Oil & Gas Refining & Marketing,Energy,AE
2013Q2,2013,Q2,2013-08-08,2013-06-30,6330000.0,965874000.0,10036000.0,1.5,12739000.0,0.013189090916620594,427217000.0,149275000.0,327658000.0,259416000.0,277942000.0,22920000.0,137160000.0,292952400.0,258738400.0,35.37322274881517,1.2630601042341258,0.0,0.0,0.042438830579511935,35.37322274881517,0.04240495729358566,0.30330291528708714,11.57,1.9625014235471445,0.0,41.585296684118674,0.0,2.260851042912618,1.14038455607981,0.014816826109447892,119.08634146341464,0.013189090916620594,-0.21052631578947364,0.31116974093264244,-0.24604813968960668,0.5463625155217962,-0.21262129921503184,-0.21023081721771678,-0.20336561358945865,2.754540059347181,0.7643069844382196,0.7093275007493451,Oil & Gas Refining & Marketing,Energy,AE
2013Q1,2013,Q1,2013-05-09,2013-03-31,8015000.0,953501000.0,12598000.0,1.9,16179000.0,0.01696799478972754,417818000.0,143873000.0,325266000.0,255799000.0,273945000.0,30532000.0,131758000.0,212903707.87,180400707.87,34.10588938372913,1.2715686926063041,0.0,0.0,0.055633283756566565,34.10588938372913,0.055708854336810935,0.22328629741342695,6.640789390829695,1.4798030754206835,0.0,30.69965937377178,0.0,2.282096510921023,1.121587652805523,0.019182993552216514,-14.41362858777334,0.01696799478972754,0.061452513966480375,2.653846133330702,-0.005087488857412018,0.5822244280725531,0.48403962575674186,0.05920444033302498,0.021404248419004377,3.418604681662078,0.766683885918245,0.6623978311423636,Oil & Gas Refining & Marketing,Energy,AE
2012Q4,2012,Q4,2013-03-15,2012-12-31,7567000.0,876476000.0,12334000.0,1.79,10902000.0,0.012438446688785547,419501000.0,135858000.0,324556000.0,266082000.0,283643000.0,28222000.0,123743000.0,148254006.18,101015006.18,32.13768169080853,1.2197593223141738,0.0,0.0,0.056003474833167706,32.13768169080853,0.055697861001928486,0.16914782170875187,4.89804434320074,1.0912423720355076,0.0,30.67018637942031,0.0,2.089329942002522,1.0814598507227096,0.01803809764458249,-32.013389371626,0.012438446688785547,-0.08673469387755099,2.799771699019402,0.0019922741034787044,0.5277716055972326,-0.5004353205333822,-0.08423090887087015,-0.10428467683369644,7.826368375629312,0.6907427026013393,0.5999975754281025,Oil & Gas Refining & Marketing,Energy,AE
2012Q3,2012,Q3,2012-11-13,2012-09-30,8263000.0,795525000.0,13770000.0,1.96,21823000.0,0.027432198862386473,388655000.0,130906000.0,288748000.0,241057000.0,257749000.0,26159000.0,118791000.0,132376622.39999999,80322622.39999999,31.051165420881745,1.1978411744939994,0.0,0.0,0.06333277198743341,31.051165420881745,0.06312162926069088,0.16640158687659093,4.0051017306063175,1.0112341863627337,0.0,29.576895141251576,0.0,2.046866758436145,1.0440767121469197,0.021260500958433574,7.283445524071526,0.027432198862386473,0.5312499999999999,1.8823528817427924,0.1313274276761278,0.45792619746333885,0.3593496947801171,0.5341626438915708,0.6080812799252598,11.9366021913462,0.3809860614366709,0.5052327602690585,Oil & Gas Refining & Marketing,Energy,AE
2012Q2,2012,Q2,2012-08-14,2012-06-30,5386000.0,831474000.0,8563000.0,1.28,16054000.0,0.01930787974127874,344035000.0,122643000.0,249747000.0,208355000.0,221392000.0,17001000.0,110528000.0,176391479.04000002,144178479.04000002,29.14650179238046,1.1986609392623166,0.0,0.0,0.04472191639970176,29.14650179238046,0.04391608163531551,0.2121431085518008,8.187499027107316,1.4382515026540448,0.0,47.963060996411976,0.0,2.416829683026436,1.0671498164190925,0.015655383899893908,-43.54270033078253,0.01930787974127874,-0.1794871794871795,-0.5205992271032,0.46601458453182,0.4232062483576838,0.017557203524117385,-0.18083650190114067,-0.08729481986783202,0.9745879742092637,0.6180467557089692,0.4233563292252262,Oil & Gas Refining & Marketing,Energy,AE
2012Q1,2012,Q1,2012-05-14,2012-03-31,6575000.0,877489000.0,9382000.0,1.56,15777000.0,0.01797971256619741,412534000.0,117257000.0,326920000.0,282815000.0,295277000.0,29150000.0,105142000.0,241162139.28,205173139.28,27.8018567923528,1.1559500026519103,0.0,0.0,0.05148631124613204,27.8018567923528,0.05607341139548172,0.27483209394077873,9.169663090494296,2.056697163325004,0.0,29.56130360205832,0.0,2.1270707384118643,1.0169439386171173,0.015938080255203206,-40.12013629678922,0.01797971256619741,0.3928571428571428,6.0861142018764225,0.7733142416633461,0.5309689990587524,0.05503544202220142,0.3891823367842806,0.22241042345276874,2.516042780748663,1.5797801499966189,0.4020757852949265,Oil & Gas Refining & Marketing,Energy,AE
2011Q4,2011,Q4,2012-03-23,2011-12-31,4733000.0,891311000.0,7675000.0,1.12,14954000.0,0.01677753331889767,378840000.0,110682000.0,304965000.0,256094000.0,268158000.0,20189000.0,98567000.0,122778437.156,85712437.156,26.242911838876935,1.1908322725249323,0.0,0.0,0.04274543909835319,26.242911838876935,0.042762147413310206,0.13775038920870494,6.485233316923727,1.1092900124320124,0.0,43.407647728961315,0.0,2.3527373033470593,1.0623482002702134,0.012493400908035055,-8.963892615609257,0.01677753331889767,-0.4766355140186916,3.1388284112881437,0.6266296785067621,0.4628443698503603,-0.2652680194565912,-0.47562596942167074,-0.43466411314083675,1.747473152242577,0.4260747828034751,0.3537261041327772,Oil & Gas Refining & Marketing,Energy,AE
2011Q3,2011,Q3,2011-11-14,2011-09-30,9026000.0,801690000.0,13576000.0,2.14,20353000.0,0.025387618655590066,353587000.0,108353000.0,275601000.0,231114000.0,245234000.0,18415000.0,96238000.0,84773679.60000001,35213679.60000001,25.690701527600083,1.192489420805317,0.0,0.0,0.08243951340530717,25.690701527600083,0.08330180059619946,0.10574371590016092,2.3480412031907822,0.7823842403994352,0.0,42.42937822427369,0.0,2.267306207524598,1.0488503509090752,0.025526956590598636,5.322639517799963,0.025387618655590066,1.5176470588235296,4.350204239571547,0.2750755949151915,0.43582305078268807,0.6692364471418026,1.514906659236556,1.3378680902359221,2.436296598063656,-0.37853914116909604,0.1996553932404524,Oil & Gas Refining & Marketing,Energy,AE
2011Q2,2011,Q2,2011-08-12,2011-06-30,3589000.0,824210000.0,5807000.0,0.85,12193000.0,0.014793559893716408,359388000.0,99327000.0,286520000.0,251296000.0,260061000.0,20393000.0,87212000.0,106873882.64,78934882.64,23.550619831771463,1.1401693620272508,0.0,0.0,0.03591055188031919,23.550619831771463,0.03613317627633977,0.12966826735904685,7.444544625243801,1.0759801729640481,0.0,39.81841808463688,0.0,2.2933709528420536,0.9942139946517254,0.009986421360757733,7.336711926958193,0.014793559893716408,-0.35606060606060613,-0.11358468979326929,0.38150041142956714,0.35072942631908044,-0.12944452377552476,-0.3571556510836468,-0.31480825958702063,-0.2561658031088083,-0.3562629651845743,0.02953004830116708,Oil & Gas Refining & Marketing,Energy,AE
2011Q1,2011,Q1,2011-05-13,2011-03-31,5583000.0,697188000.0,8475000.0,1.32,14006000.0,0.020089272907737942,345957000.0,95738000.0,285830000.0,243734000.0,250219000.0,18756000.0,83623000.0,121421214.7632,108736214.7632,22.699661133973002,1.1727128755118286,0.0,0.0,0.05798698061541284,22.699661133973002,0.058315402452526685,0.17415849779858517,5.437095413003761,1.2682656287284046,0.0,36.424717423757734,0.0,2.0152446691351815,1.0075369049865837,0.01613784372046237,-8.516006085229344,0.020089272907737942,1.3157894736842108,0.5392323024587861,0.4352252719679936,0.3879250859137174,0.5440414507772021,1.3359832635983264,1.5728597449908925,1.5456535588756874,-0.2723901219854459,0.05307203547888118,Oil & Gas Refining & Marketing,Energy,AE
2010Q4,2010,Q4,2011-03-21,2010-12-31,2390000.0,628589000.0,3294000.0,0.57,9071000.0,0.014430732959055918,301305000.0,90155000.0,246976000.0,206998000.0,211150000.0,14591000.0,78040000.0,102555064.336,73523064.336,21.375921259409388,1.1931323007951768,0.0,0.0,0.025904363494355064,21.375921259409388,0.02650989961732572,0.16315122335261992,10.727517189958158,1.1375416153957074,0.0,42.45891302857926,0.0,2.086221602694944,1.0701407743069982,0.007932161762997627,93.40169793806922,0.014430732959055918,-0.13636363636363646,-0.6843546512578652,0.262070104017608,0.37952732337731193,-0.008958811318693324,-0.13468501086169443,-0.18080079582193484,0.20292171849973636,-0.2797275286820094,0.016175524351778214,Oil & Gas Refining & Marketing,Energy,AE
2010Q3,2010,Q3,2010-11-12,2010-09-30,2762000.0,502455000.0,4021000.0,0.66,9153000.0,0.018216556706570738,250900000.0,90042000.0,202234000.0,158174000.0,160858000.0,14611000.0,77927000.0,74862329.0,44559329.0,21.34912874538007,1.278553997496428,0.0,0.0,0.030083527416203057,21.34912874538007,0.030674574087647986,0.14899310186981918,6.776097845763939,0.8314156615801515,0.0,33.76237081650811,0.0,2.0026106018334,1.1108209946008827,0.011008369868473495,-9.434445998739761,0.018216556706570738,0.6923076923076923,-0.48025762551995715,-0.36971968251696175,0.5056628038292533,0.2204,0.6391691394658754,0.5139307228915663,-0.0369479894398022,-0.2857531604889656,0.0023924599614391527,Oil & Gas Refining & Marketing,Energy,AE
2010Q2,2010,Q2,2010-08-12,2010-06-30,1685000.0,547141000.0,2656000.0,0.39,7500000.0,0.01370761832873062,251192000.0,87280000.0,203066000.0,162470000.0,163912000.0,11550000.0,75165000.0,75916800.0,37736800.0,20.69423368740516,1.2498676678771465,0.0,0.0,0.019168558383374595,20.69423368740516,0.019305682859761687,0.13875180255181022,11.263620178041544,0.86980751604033,0.0,46.7221645021645,0.0,2.178178445173413,1.1334523296608605,0.006708016178859199,5.136802219365316,0.01370761832873062,-0.09302325581395345,-0.09200830343622929,0.02519113131707682,0.6332121498983784,-0.023818820773135494,-0.06075808249721293,0.03145631067961165,-0.8503684325904871,-0.03754636635194169,0.01048705256932553,Oil & Gas Refining & Marketing,Energy,AE
2010Q1,2010,Q1,2010-05-13,2010-03-31,1794000.0,533785000.0,2575000.0,0.43,7683000.0,0.014393435559260752,268909000.0,85595000.0,220648000.0,181906000.0,183314000.0,16498000.0,73480000.0,73011627.5,49631627.5,20.51608149674516,1.2129781315624553,0.0,0.0,0.02112323211446432,20.51608149674516,0.0209591681757112,0.136780965182611,10.174418547937568,0.8529893977451954,0.0,31.88883501030428,0.0,1.9850023613936314,1.0728673050916406,0.006671401849696366,11.121344630616909,0.014393435559260752,2.6398444054610635,-0.36764706417072407,0.016306526848287355,0.6407257379751287,1.1502938706968933,2.639853747714808,2.374799786438868,0.9545456797545526,0.09048923422825467,0.1297621230219142,Oil & Gas Refining & Marketing,Energy,AE
2009Q4,2009,Q4,2010-03-23,2009-12-31,-1094000.0,511618000.0,-1873000.0,-0.26222,3573000.0,0.006983726139424336,249401000.0,83801000.0,202563000.0,164191000.0,165600000.0,15260000.0,71686000.0,91994650.65,75188650.65,20.08608149434828,1.2337034307605168,0.0,0.0,-0.01295101803930579,20.08608149434828,-0.013054736816983091,0.1798112080693017,-21.022543567184645,1.0977750939726256,0.0,33.29259501965924,0.0,2.051387123548021,1.0653324481853452,-0.004386510078147241,-5.23321296148814,0.006983726139424336,-2.7481333333333335,-1.499722563275032,-0.08564112613598326,0.698716073001207,-0.3979780960404381,-2.712050078247261,-2.6343804537521813,-1.9670952165433564,-0.05612118812020809,0.119647522605873,Oil & Gas Refining & Marketing,Energy,AE
2009Q3,2009,Q3,2009-11-13,2009-09-30,639000.0,576299000.0,1146000.0,0.15,5935000.0,0.010298473535439069,240381000.0,87004000.0,201076000.0,151548000.0,153377000.0,13655000.0,74889000.0,84562799.8,47834799.8,20.628813191211297,1.3268139467363476,0.0,0.0,0.0069388173414282,20.628813191211297,0.007344489908509954,0.14673424697943255,33.08403748043819,0.9719415176313733,0.0,41.76960820212376,0.0,2.3974398974960582,1.1524533481141288,0.0026582799805309073,6.146445689780491,0.010298473535439069,-0.7692307692307692,-0.8529047374725367,0.04864274968763074,0.7919767379620312,-0.35914048158946116,-0.766276517922458,-0.7352125693160814,-0.6212297242315291,-0.08340531842229551,0.15292007337403662,Oil & Gas Refining & Marketing,Energy,AE
2009Q2,2009,Q2,2009-08-12,2009-06-30,2734000.0,515070000.0,4328000.0,0.65,9261000.0,0.017980080377424427,241452000.0,86365000.0,199132000.0,153598000.0,155087000.0,10252000.0,74250000.0,72331771.39999999,50353771.39999999,20.477305080903907,1.2964491725152671,0.0,0.0,0.031496241226923155,20.477305080903907,0.03165634226827997,0.14043095385093288,6.6140976042428665,0.8375125502228912,0.0,49.337592664845886,0.0,2.133219024899359,1.1172931939217958,0.011323161539353577,-200.36501772853183,0.017980080377424427,0.4772727272727273,1.4008763665198005,0.0203144256887914,0.914541562455002,0.2280864606816072,0.46203208556149733,0.5457142857142857,-0.3247535641947055,-0.13666490710495235,0.17446159557871857,Oil & Gas Refining & Marketing,Energy,AE
2009Q1,2009,Q1,2009-05-14,2009-03-31,1870000.0,340141000.0,2800000.0,0.44,7541000.0,0.02217021764503544,208987000.0,83631000.0,166119000.0,123921000.0,125356000.0,11108000.0,71516000.0,59088519.96,36777519.96,19.829068502530827,1.340523397971288,0.0,0.0,0.02215441009470012,19.829068502530827,0.022360129617008048,0.1737177228267101,7.899534754010695,0.7065384840549557,0.0,29.942383867482896,0.0,1.62757013594147,1.1064871974887227,0.008947924990549652,14.493137100809419,0.02217021764503544,1.2930734748522976,1.015365927664315,-0.25462203182408577,0.9583954207518307,2.467406110138159,1.295325331648768,1.242130750605327,-0.4844412671327369,-0.29978863773836417,0.21240847792987225,Oil & Gas Refining & Marketing,Energy,AE
2008Q4,2008,Q4,2009-03-24,2008-12-31,-6332000.0,625010000.0,-11564000.0,-1.50133,-5139000.0,-0.0082222684437049,210926000.0,81761000.0,169366000.0,127807000.0,129165000.0,14207000.0,69646000.0,71699132.0,53491132.0,19.385687960629706,1.3251699828647883,0.0,0.0,-0.07862143073530871,19.385687960629706,-0.07744523672655668,0.1147167757315883,-2.8308248578648136,0.8769356049950464,0.0,44.3548250862251,0.0,2.9631719181134617,1.1050881407121675,-0.030020007016678837,-3.7601810362911685,-0.0082222684437049,-0.007604026845637626,-10.83275145323466,0.4957134007452751,0.9571300689928822,-0.044299939036781144,-0.008922880815806247,-0.1513341298287535,-1.8362620703912957,0.2548842498230881,0.25108461523656384,Oil & Gas Refining & Marketing,Energy,AE
2008Q3,2008,Q3,2008-11-14,2008-09-30,-6276000.0,1288322000.0,-10044000.0,-1.49,-4921000.0,-0.0038196972496006435,347456000.0,90202000.0,302495000.0,253496000.0,257254000.0,16398000.0,78087000.0,95951205.18,56906205.18000001,21.415067753920212,1.1932929908164231,0.0,0.0,-0.0711135756500814,21.415067753920212,-0.0695771712378883,0.07447765789918981,-3.8221480712237095,1.063737003392386,0.0,78.86589828027809,0.0,3.707870924663842,1.0958910594250009,-0.018062718732731627,5.7774087897398845,-0.0038196972496006435,-2.2956521739130435,-10.31249897615929,2.222444750955615,1.1169215468479448,-1.3883977900552487,-2.300725388601036,-2.4120624209194435,-2.1825394810891123,0.6181890509647198,0.5103132002770127,Oil & Gas Refining & Marketing,Energy,AE
2008Q2,2008,Q2,2008-08-13,2008-06-30,4825000.0,1280352000.0,7113000.0,1.15,12670000.0,0.009895716178051036,497246000.0,96478000.0,447868000.0,392336000.0,400768000.0,24472000.0,84363000.0,142976504.4,120300504.4,22.875116535580933,1.1415419436401453,0.0,0.0,0.04867694298275579,22.875116535580933,0.050011401563050645,0.11166968489915274,7.40810903626943,1.4819596633429382,0.0,51.80132396207911,0.0,2.5748864747026623,1.016702520288732,0.00970344658378348,-36.84961453608248,0.009895716178051036,1.2115384615384612,2.3647545378268284,1.9903855228147977,1.297388626125942,0.4146940598481465,1.1822704658525554,1.3702099300233255,1.6000380361724802,1.399028331360833,0.8053298721077999,Oil & Gas Refining & Marketing,Energy,AE
2008Q1,2008,Q1,2008-05-13,2008-03-31,2211000.0,965988000.0,3001000.0,0.52,8956000.0,0.009271336703975619,420845000.0,91653000.0,371054000.0,321989000.0,329192000.0,21507000.0,79538000.0,117948344.02,91991344.02,21.55565846324122,1.152380981959011,0.0,0.0,0.021597527870959386,21.55565846324122,0.02412359660894897,0.12210125179608856,13.336538220262323,1.2869010727417542,0.0,44.498628353559305,0.0,2.295353396143473,1.0288177546437922,0.005253715738573584,51.48334527280663,0.009271336703975619,0.10638297872340435,5.500000117593851,1.0880854577928314,1.3182138626161812,-0.057362382907062415,0.1038442336495257,0.7948564593301436,-0.2352941145414378,0.8046736210748914,0.7238634797415959,Oil & Gas Refining & Marketing,Energy,AE
2007Q4,2007,Q4,2008-03-31,2007-12-31,2003000.0,879813000.0,1672000.0,0.47,9501000.0,0.010798885672296272,357075000.0,89442000.0,311893000.0,261321000.0,267633000.0,14776000.0,77327000.0,109274421.1,85577421.1,21.03565845383371,1.19352443929114,0.0,0.0,0.017932681133029038,21.03565845383371,0.022394400840768318,0.1242018714204041,13.638844370943584,1.2217349913910691,0.0,58.900378992961556,0.0,2.463944549464398,1.122561906620593,0.005609465798501715,129.0134841794569,0.010798885672296272,-0.3088235294117648,17.134532814479847,0.747567210834433,1.2819230492313376,0.1321496663489037,-0.29842381786339756,-0.5615001311303436,-0.10223808882795767,0.5428717700718623,0.7790235059907322,Oil & Gas Refining & Marketing,Energy,AE
2007Q3,2007,Q3,2007-11-14,2007-09-30,2855000.0,700295000.0,3813000.0,0.68,8392000.0,0.011983521230338643,304697000.0,89421000.0,257574000.0,209239000.0,215276000.0,13531000.0,77306000.0,115963370.98,90887370.98,21.298173717509155,1.231003780365993,0.0,0.0,0.028685209121186706,21.298173717509155,0.03192762326522853,0.1655921732698363,10.154410768826619,1.2968248060299037,0.0,51.1346537580371,0.0,2.2983324417372013,1.1332590960576183,0.009369964259575907,34.7299703444145,0.011983521230338643,-0.745318352059925,12.600001333800481,0.008829764608596349,0.9861131528847813,-0.19105455947561212,-0.7470317207159313,-0.7832907075873827,-0.33980571650239944,0.28005472626074795,0.8501225208200974,Oil & Gas Refining & Marketing,Energy,AE
2007Q2,2007,Q2,2007-08-13,2007-06-30,11286000.0,569748000.0,17595000.0,2.67,10374000.0,0.01820804987468144,302946000.0,86566000.0,254858000.0,209099000.0,216380000.0,13047000.0,74451000.0,126344013.74000001,104533013.74000001,20.479464466948635,1.218838923189494,0.0,0.0,0.12730670611369915,20.479464466948635,0.13037451193309152,0.22175420315648323,2.7986889451532875,1.4595108211075942,0.0,42.8737640836974,0.0,1.8806916084054583,1.0956006484966452,0.037254164108454974,-10.661042421736562,0.01820804987468144,11.136363636363635,19.53846406810656,-0.12033011513416679,1.1670441819683632,0.7523648648648649,11.375,20.275695284159614,8.888890191492791,0.12612552679074365,0.9147434559324729,Oil & Gas Refining & Marketing,Energy,AE
2007Q1,2007,Q1,2007-05-15,2007-03-31,912000.0,486366000.0,827000.0,0.22,5920000.0,0.01217190346364672,290347000.0,75280000.0,239167000.0,204508000.0,215067000.0,9287000.0,63165000.0,151972380.29999998,133665380.29999998,18.15964713161764,1.1694750327615546,0.010332464258284053,0.039851222104144525,0.00828456703036172,18.15964713161764,0.012114771519659936,0.31246505779598077,41.659095476973675,2.018761693676939,0.0,51.73317540648218,0.0,1.6751197704815273,1.0842607624151623,0.003141069134518352,148.26573687804876,0.01217190346364672,-0.18518518518518523,0.5714283991228258,-0.057497756291941905,0.9395969015449466,-0.013333333333333334,-0.18861209964412812,-0.4033189033189033,-1.9493694792446265e-07,0.0843601440551049,0.7935169158596643,Oil & Gas Refining & Marketing,Energy,AE
