Quarters,Year,Quarter,FillingDate,Date,NetIncome,Revenue,OperatingIncome,EPSDiluted,GrossProfit,GrossProfitRatio,TotalAssets,CommonStockEquity,CurrentAssets,CurrentLiability,TotalLiability,Inventory,RetainedEarnings,MarketCap,EnterpriseValue,bookValuePerShare,currentRatio,debtToAssets,debtToEquity,roic,shareholdersEquityPerShare,roe,priceToSalesRatio,peRatio,pbRatio,payoutRatio,inventoryTurnover,dividendYield,assetTurnover,quickRatio,returnOnAssets,priceToFreeCashFlowsRatio,grossProfitMargin,epsdilutedGrowth,fiveYNetIncomeGrowthPerShare,fiveYRevenueGrowthPerShare,fiveYShareholdersEquityGrowthPerShare,grossProfitGrowth,netIncomeGrowth,operatingIncomeGrowth,threeYNetIncomeGrowthPerShare,threeYRevenueGrowthPerShare,threeYShareholdersEquityGrowthPerShare,Industry,Sector,Symbol
2022Q4,2022,Q4,2023-05-16,2022-12-31,-1302000.0,13890000.0,-496000.0,-0.4,710000.0,0.0511159107,53814000.0,16839000.0,42216000.0,23616000.0,36975000.0,31821000.0,-65610000.0,13715243.0,41943243.0,5.217971712203714,1.7876016260162602,0.5297692050395808,1.69303402814894,-0.01478410396563434,5.217971712203714,-0.0773205059682879,0.9874185025197985,-2.6334951996927805,0.8144927252212126,0.0,0.414191885861538,0.0,0.25811127215966106,0.42598238482384826,-0.02419444754153194,97.96602142857142,0.051115910727141826,-1.857142857142857,0.8932120466694586,18.400676568399117,-0.23295110937432525,-0.6833184656556646,-1.8741721854304636,-3.93491124260355,0.031825233545725355,-0.01904614732835612,0.5532351631417073,Aerospace & Defense,Industrials,AIRI
2022Q3,2022,Q3,2022-11-14,2022-09-30,-453000.0,13278000.0,169000.0,-0.14,2242000.0,0.1688507305,54778000.0,17636000.0,42533000.0,24196000.0,37142000.0,33408000.0,-64711000.0,21334282.2,49548282.2,5.455894832027674,1.7578525376095222,0.5185658476030524,1.6106826944885462,0.010899298550831929,5.455894832027674,-0.025686096620548878,1.6067391323994578,-11.77388642384106,1.2097007371286006,0.0,0.33034003831417624,0.0,0.24239658256964475,0.36576293602248305,-0.008269743327613275,-20.494027089337177,0.16885073053170657,-0.7073170731707318,0.9344873155317595,-0.6799197511843619,-0.7585790744604074,-0.07431874483897605,-0.7159090909090909,-0.324,-2.0179235235788835,-0.15160573807285338,0.4934650659191958,Aerospace & Defense,Industrials,AIRI
2022Q2,2022,Q2,2022-08-22,2022-06-30,-264000.0,14008000.0,250000.0,-0.082,2422000.0,0.1729011993,55608000.0,17669000.0,43249000.0,24347000.0,37939000.0,32988000.0,-64569000.0,22549632.0,49884632.0,5.484923212937577,1.7763584835914075,0.5082901740756726,1.5996943799875487,0.19036082028208012,5.484923212937577,-0.014941422830946856,1.6097681324957167,-21.353818181818184,1.2762257060388251,0.0,0.35121862495452894,0.0,0.25190620054668394,0.41105680371298314,-0.004747518342684506,-12.078003213711836,0.17290119931467732,0.2545454545454545,0.9682073533280445,-0.8052774547793161,-0.8265159175758934,0.16554379210779596,0.24786324786324787,-0.15254237288135594,0.6792033501921451,-0.06411403905989384,0.5329960759759352,Aerospace & Defense,Industrials,AIRI
2022Q1,2022,Q1,2022-05-11,2022-03-31,-351000.0,12062000.0,295000.0,-0.11,2078000.0,0.172276571,52446000.0,17481000.0,40201000.0,22800000.0,34965000.0,31999000.0,-64562000.0,26869770.378000002,52523770.378000006,5.431712550826176,1.7632017543859648,0.49609121763337527,1.4883587895429324,0.07824543426612743,5.431712550826176,-0.020078942852239573,2.2276380681479027,-19.13801308974359,1.537084284537498,0.0,0.312009750304697,0.0,0.2299889410059871,0.3474561403508772,-0.006692598100903787,31.426632021052633,0.1722765710495772,0.0,0.927699233809687,-0.8224961721235066,-0.8331920661356272,-0.45871320656420944,-1.2185554171855542,-0.8399348887683126,0.6620417431948243,-0.2275860887083046,0.4379352927996508,Aerospace & Defense,Industrials,AIRI
2021Q4,2021,Q4,2022-03-25,2021-12-31,1606000.0,15420000.0,1843000.0,0.0,3839000.0,0.2489623865,53425000.0,17389000.0,40880000.0,23402000.0,36036000.0,29532000.0,-64534000.0,0.0,26662000.0,0.0,1.7468592427997607,0.5107908282639214,1.5693254356202198,0.03232230283438443,0.0,0.09235723733394675,0.0,0.0,0.0,0.0,0.3921508871732358,,0.28862891904539073,0.47431843432185283,0.03006083294337857,0.0,0.24896238651102465,1.0,1.0,-1.0,-1.0,0.9061569016881827,5.045340050377834,5.9547169811320755,1.0,-1.0,-1.0,Aerospace & Defense,Industrials,AIRI
2021Q3,2021,Q3,2021-11-12,2021-09-30,-397000.0,14354000.0,265000.0,-0.12,2014000.0,0.1403093214,53521000.0,15647000.0,40944000.0,23942000.0,37874000.0,29359000.0,-66140000.0,34319233.5,62043233.5,4.878398580784154,1.7101328209840447,0.5309317837858037,1.8160669776954048,0.033105195254727965,4.878398580784154,-0.02537227583562344,2.3909177581162044,-21.61160799748111,2.193342717453825,0.0,0.4203140433938486,0.0,0.26819379309056257,0.46938434550162894,-0.007417649147063769,14.647560179257363,0.14030932144350006,-13.0,0.9539832360951783,-0.7832095400823101,-0.8849386770983229,-0.22627737226277372,-2.6610878661087867,-0.3977272727272727,0.84891242149976,0.08483266950531398,-0.24247686899971724,Aerospace & Defense,Industrials,AIRI
2021Q2,2021,Q2,2021-08-05,2021-06-30,239000.0,15453000.0,440000.0,0.01,2603000.0,0.1684462564,56250000.0,15514000.0,43171000.0,26424000.0,40736000.0,30209000.0,-66074000.0,41627976.0,71858976.0,4.844866827058803,1.6337798970632758,0.5465955555555555,1.981822869666108,0.0013853649450634854,4.844866827058803,0.01540544024751837,2.6938443020772667,43.54390794979079,2.6832522882557686,0.0,0.42536992287066766,0.0,0.27472,0.48156978504389947,0.004248888888888889,-37.63831464737794,0.1684462563903449,1.0714285714285714,1.22473411432399,-0.8108911726135464,-0.8904075640481646,0.4485253199777407,2.5723684210526314,2.0344827586206895,0.04949856525540643,-0.20632195541818596,-0.3098696524749957,Aerospace & Defense,Industrials,AIRI
2021Q1,2021,Q1,2021-05-11,2021-03-31,-152000.0,13712000.0,145000.0,-0.14,1797000.0,0.1310530922,57360000.0,15166000.0,43883000.0,26899000.0,42194000.0,32195000.0,-66313000.0,46998722.4,76328722.4,4.7435374541159865,1.6313989367634485,0.5415097629009763,2.0480680469471184,0.008451006618018914,4.7435374541159865,-0.010022418567849136,3.4275614352392063,-77.30053026315788,3.098953079256231,0.0,0.3700885230625874,0.0,0.2390516039051604,0.4246626268634522,-0.0026499302649930266,159.8596,0.13105309218203035,-1.2121212121212122,0.9747837066186418,-0.785766043884225,-0.8687006766810623,-0.12809315866084425,-1.0724154359218676,-0.9453860640301318,0.9154215351218651,-0.08506404371469688,-0.29447316207397245,Aerospace & Defense,Industrials,AIRI
2020Q4,2020,Q4,2021-03-29,2020-12-31,2099000.0,14494000.0,2655000.0,0.66,2061000.0,0.1421967711,57777000.0,15109000.0,43611000.0,27327000.0,42668000.0,32120000.0,-66161000.0,39325461.6,64794461.6,4.725709309919455,1.595894170600505,0.4841719023140696,1.8514792507776823,0.05559979895038897,4.725709309919455,0.1389238202395923,2.7132235131778666,4.683832968080038,2.602783877159309,0.0,0.38707970112079704,0.0,0.25086106928362495,0.41362022907746915,0.03632933520258927,-58.95871304347826,0.14219677107768733,3.444444444444444,1.7409977064211644,-0.8536707806416753,-0.8755652900447917,0.24456521739130435,5.40041928721174,23.5,1.1737679094722129,19.327279577535172,-0.30531434750491354,Aerospace & Defense,Industrials,AIRI
2020Q3,2020,Q3,2020-11-09,2020-09-30,-477000.0,13662000.0,-118000.0,-0.27,1656000.0,0.1212121212,58764000.0,11352000.0,44448000.0,35363000.0,47412000.0,32840000.0,-68260000.0,37357607.8,65964607.8,3.7072609344113303,1.2569069366286796,0.5116567966782384,2.6486081747709656,-0.004475130900799738,3.7072609344113303,-0.04201902748414376,2.7344172009954617,-19.57945901467505,3.290839305849189,0.0,0.3655907429963459,0.0,0.2324892791505003,0.3169414359641433,-0.00811721462119665,-11.310205207387224,0.12121212121212122,0.5573770491803278,-1.3494317167360548,-0.8399705418272446,-0.9033319339323154,1.6970684039087949,0.6988636363636364,0.9086687306501547,0.927178361762634,-0.6523394884195128,-0.8359553485620014,Aerospace & Defense,Industrials,AIRI
2020Q2,2020,Q2,2020-08-07,2020-06-30,-1584000.0,8494000.0,-1292000.0,-0.61,614000.0,0.0722863198,54728000.0,11719000.0,42456000.0,33618000.0,43009000.0,33859000.0,-67783000.0,36357058.5,61550058.5,3.8357366011884597,1.2628948777440656,0.49811796520976465,2.3262223739226897,-0.03483045882663473,3.8357366011884597,-0.13516511647751514,4.280322404049918,-5.738172111742425,3.1024028074067753,0.0,0.23272985026137807,0.0,0.15520391755591287,0.2446308525194836,-0.028943136968279493,-37.8719359375,0.07228631975512126,-3.103448275862069,0.3480518445694187,-0.889747085598314,-0.9026094041259207,-0.7184777624942686,-2.497164461247637,-54.833333333333336,0.7988696658686528,-0.8755049733980745,-0.8786784757336011,Aerospace & Defense,Industrials,AIRI
2020Q1,2020,Q1,2020-05-15,2020-03-31,1058000.0,13447000.0,24000.0,0.29,2181000.0,0.1621923106,54051000.0,13183000.0,41794000.0,19546000.0,40868000.0,29808000.0,-66199000.0,32203043.8,56341043.8,4.339335153157168,2.138238002660391,0.47421879336182493,1.9443222331790944,-0.0016366645868891511,4.339335153157168,0.08025487370097853,2.3948125083661784,7.60941488657845,2.442770522642798,0.0,0.37795222758990876,0.0,0.2487835562709293,0.5900439987721273,0.01957410593698544,-82.15062193877552,0.1621923105525396,1.8285714285714285,1.4231831282788432,-0.8094689482446612,-0.9002213514800527,0.2724620770128355,1.8357030015797788,1.05,1.2308659516590863,-0.7903705763096012,-0.8667389843497717,Aerospace & Defense,Industrials,AIRI
2019Q4,2019,Q4,2020-03-27,2019-12-31,-1266000.0,13330000.0,-480000.0,-0.35,1714000.0,0.1285821455,51090000.0,10206000.0,38245000.0,32622000.0,40884000.0,28646000.0,-67257000.0,69874529.0,95227529.0,3.359421571199428,1.1723683403837901,0.5215697788216872,2.610915147952185,-0.011625114172153958,3.359421571199428,-0.12404467960023516,5.24190015003751,-13.798287717219589,6.8464167156574565,0.0,0.4055016407177267,0.0,0.2609121158739479,0.2805468702102875,-0.024779800352319435,-45.81936327868853,0.12858214553638408,-3.4999999999999996,0.5499167911834415,-0.8440803076634957,-0.9140129717222327,-0.4215322308471144,-4.180904522613066,-1.4155844155844155,0.97319685226752,-0.7984943071058335,-0.8967450939279119,Aerospace & Defense,Industrials,AIRI
2019Q3,2019,Q3,2019-11-07,2019-09-30,398000.0,13997000.0,1155000.0,0.14,2963000.0,0.2116882189,50751000.0,10561000.0,37686000.0,32996000.0,40190000.0,30352000.0,-65994000.0,37781263.583000004,62084263.583000004,3.6531787428651286,1.1421384410231543,0.4854288585446592,2.3327336426474767,0.027166224031373327,3.6531787428651286,0.037685825205946405,2.699240093091377,23.731949486809043,3.577432400624941,0.0,0.3635345282024249,0.0,0.27579752123110873,0.20487331797793673,0.007842210005714173,26.1462031716263,0.21168821890405087,1.2372881355932204,-0.7430346910065541,-0.7733881059990331,-0.9165703231401301,0.35235052487448654,1.5414965986394558,4.273972602739726,1.0511833043871712,-0.7654573279421758,-0.9138365650141725,Aerospace & Defense,Industrials,AIRI
2019Q2,2019,Q2,2019-08-08,2019-06-30,-735000.0,13368000.0,219000.0,-0.59,2191000.0,0.163898863,53319000.0,10294000.0,39875000.0,35168000.0,43025000.0,30163000.0,-66181000.0,29058689.8,54709689.8,3.5779107976162092,1.1338432666060054,0.5065361315853636,2.6236642704488053,0.011828723968139377,3.5779107976162092,-0.07140081600932582,2.173749985038899,-9.883908095238096,2.822876413444725,0.0,0.3705533269237145,0.0,0.25071738029595453,0.26052092811646954,-0.013784954706577392,156.22951505376344,0.1638988629563136,0.10606060606060615,-1.2602963756598424,-0.7817162164355373,-0.9267700855572223,-0.036499560246262094,0.20368364030335862,7.84375,0.23078857005681885,-0.8179239923775605,-0.9190665143282841,Aerospace & Defense,Industrials,AIRI
2019Q1,2019,Q1,2019-05-10,2019-03-31,-923000.0,13878000.0,-32000.0,-0.66,2274000.0,0.1638564635,51296000.0,10804000.0,37907000.0,32204000.0,40492000.0,28687000.0,-65446000.0,34893695.8,59092695.8,3.77743878881411,1.177089802509005,0.48036883967560823,2.280729359496483,-0.0017112505679760062,3.77743878881411,-0.08543132173269159,2.5143173223807462,-9.451163542795234,3.2297015734912993,0.0,0.404503782200997,0.0,0.2705474111041797,0.2696248913178487,-0.017993605739238926,-19.848518657565414,0.1638564634673584,0.625,-1.5549087278071598,-0.8158853646487035,-0.894827925049673,3.911447084233261,0.816281847133758,0.9937597503900156,0.8288326451012601,-0.7576204560755961,-0.8954419224792585,Aerospace & Defense,Industrials,AIRI
2018Q4,2018,Q4,2019-04-01,2018-12-31,-5024000.0,11109000.0,-5128000.0,-1.76,463000.0,0.0416779188,47756000.0,11606000.0,38048000.0,29007000.0,36150000.0,29051000.0,-64523000.0,20449993.85,43503993.85,4.057844741112232,1.311683386768711,0.5248764553145154,2.159744959503705,-0.13986204471646832,4.057844741112232,-0.4328795450628985,1.8408492078494916,-1.0176151398288216,1.762019115112873,0.0,0.3664589859213108,0.0,0.23261998492336042,0.29420484710587097,-0.10520144065667142,-89.69295548245614,0.04167791880457287,-1.1463414634146343,-2.471383305896272,-0.8721753476153753,-0.8899115527219912,-0.6595588235294118,-1.2909256725946192,-1.2324771441010014,-0.9826024272979473,-0.8746283495432567,-0.8931511228708702,Aerospace & Defense,Industrials,AIRI
2018Q3,2018,Q3,2018-11-19,2018-09-30,-2193000.0,11043000.0,-2297000.0,-0.82,1360000.0,0.1231549398,63012000.0,17239000.0,51159000.0,38367000.0,45773000.0,30949000.0,-56381000.0,37476474.0,66573474.0,6.439933490007625,1.333411525529752,0.476321970418333,1.7410522652125993,-0.07838470573296934,6.439933490007625,-0.12721155519461685,3.393685954903559,-4.272283857729138,2.1739354950983234,0.0,0.3128695595980484,0.0,0.17525233288897352,0.19886881955847474,-0.034802894686726336,4684.55925,0.12315493978085665,-2.5652173913043477,-1.184637681367606,-0.8532269775112489,-0.8215389404849937,-0.41151016875811336,-12.854054054054053,-3.3607399794450155,-2.837685186914768,-0.8520342274216113,-0.8320765850860176,Aerospace & Defense,Industrials,AIRI
2018Q2,2018,Q2,2018-08-15,2018-06-30,185000.0,15817000.0,973000.0,-0.23,2311000.0,0.1461086173,63402000.0,18262000.0,49776000.0,40519000.0,45140000.0,39045000.0,-54814000.0,46824174.0,76113174.0,7.020219940238562,1.2284607221303585,0.46834484716570457,1.6259993428978206,-0.06613258099203549,7.020219940238562,0.010130325265578798,2.9603701081115257,63.275910810810814,2.564022231957069,0.0,0.345908567038033,0.0,0.24947162550077284,0.2534119795651423,0.0029178890255827893,-25.826902371759516,0.14610861731048871,0.5660377358490567,-0.8202848566726896,-0.7627894021066187,-0.786557134271204,0.15376934598102845,1.1260217983651226,2.4121915820029027,1.0894280518200243,-0.7588728605426874,-0.8217543397179334,Aerospace & Defense,Industrials,AIRI
2018Q1,2018,Q1,2018-05-15,2018-03-31,-1468000.0,12242000.0,-689000.0,-0.53,2003000.0,0.163617056,62606000.0,17559000.0,49861000.0,40424000.0,45047000.0,30887000.0,-55001000.0,40219040.4,67834040.4,6.723397607467532,1.233450425489808,0.46369357569562025,1.6532832165840878,-0.014810425448242103,6.723397607467532,-0.08360384987755567,3.28533249469041,-6.849291621253406,2.290508593883479,0.0,0.33149868876873767,0.0,0.19554036354343035,0.20195923213932318,-0.023448231798869117,-19.24356,0.16361705603659532,0.8597883597883599,-2.1506145801140812,-0.8131187350175667,-0.7969330538789372,1.6880796976983854,0.8512212425255904,0.9321850393700788,-4.911170046789005,-0.7982224664866723,-0.8454022325868821,Aerospace & Defense,Industrials,AIRI
2017Q4,2017,Q4,2018-04-18,2017-12-31,-9867000.0,-646000.0,-10160000.0,-3.78,-2911000.0,4.5061919505,60755000.0,17766000.0,47580000.0,38049000.0,42989000.0,31141000.0,-53531000.0,44136479.4,70347479.4,6.802658573624248,1.2504927856185446,0.44179079911118424,1.51080715974333,-0.22714538313534863,6.802658573624248,-0.5553866936845661,-68.32272352941176,-1.1182851778656127,2.484322830124958,0.0,0.07273369512860858,0.0,-0.010632869722656571,0.16016189650187915,-0.16240638630565385,16.975569,4.506191950464396,-0.7663551401869156,-3.72094624223364,-1.008128132348258,-0.7953939574824115,-2.3495595734816876,-2.426041666666667,-10.532349602724176,-3.08060265217514,-1.0087898894220377,-0.8258806217865116,Aerospace & Defense,Industrials,AIRI
2017Q3,2017,Q3,2017-11-14,2017-09-30,-2880000.0,17278000.0,-881000.0,-2.14,2157000.0,0.1248408381,76265000.0,30426000.0,50260000.0,37186000.0,45839000.0,39242000.0,-36986000.0,19117985.4,49432985.4,22.59909666004871,1.3515839294358092,0.40284534189995413,1.009761388286334,-0.014553981537664561,22.59909666004871,-0.0946558864129363,1.1064929621483968,-1.65954734375,0.6283436994675606,0.0,0.3853269456194893,0.0,0.22655215367468695,0.280939063088259,-0.03776306300399921,-3.8952700488997554,0.12484083805996064,0.1705426356589147,-2.9881123267560437,-0.5292866626325186,-0.30444975415816533,-0.26104830421377184,-0.460446247464503,0.2646076794657763,-4.992677675953737,-0.3993499090735831,-0.48389184751630526,Aerospace & Defense,Industrials,AIRI
2017Q2,2017,Q2,2017-08-18,2017-06-30,-1972000.0,17084000.0,-1198000.0,-2.58,2919000.0,0.1708616249,75866000.0,24187000.0,50401000.0,47728000.0,51679000.0,39589000.0,-34107000.0,13693804.299999999,47549804.3,31.616290879810514,1.0560048608783104,0.4518756755331769,1.4173729689502625,-0.018611365541203892,31.616290879810514,-0.08153140116591558,0.8015572641067665,-1.7360299568965518,0.5661638194071195,0.0,0.357801409482432,0.0,0.22518651306250495,0.21647670130740865,-0.02599319853425777,-2.887160931899641,0.17086162491219856,0.5791190864600326,-3.9922648183575715,-0.45738924876000814,0.0,0.08031088082901554,-0.708838821490468,-1.5033824950628178,-3.6264628462801833,0.049127250813940274,-0.3529021803257253,Aerospace & Defense,Industrials,AIRI
2017Q1,2017,Q1,2017-05-30,2017-03-31,-1154000.0,16153000.0,2379900.0,-6.13,2702000.0,0.1672754287,73627000.0,24911000.0,47551000.0,44455000.0,48716000.0,38132000.0,-32135000.0,27923120.5,57866120.5,32.56267507780873,1.0696434596783264,0.420851046491097,1.243868170687648,0.1729588301942707,32.56267507780873,-0.046324916703464336,1.7286646752925152,-6.049202881282496,1.1209152783910723,0.0,0.35274834784433023,0.0,0.21938962608825566,0.19185693397818018,-0.015673598000733428,49.3341351590106,0.16727542871293258,0.6057877813504824,-1.658409239239925,-0.5287981964637032,1.1151614518645372,2.1992898357745228,0.9029762905666723,1.3466210311680746,-3.5938312443611697,-0.19881893636293727,-0.09338461975671343,Aerospace & Defense,Industrials,AIRI
2016Q4,2016,Q4,2017-04-19,2016-12-31,-11894000.0,16658000.0,-6866000.0,-15.55,-2253000.0,-0.1352503302,82800000.0,24890000.0,56221000.0,53318000.0,57910000.0,39851000.0,-30980000.0,24098035.5,59764035.5,32.5352247074248,1.054446903484752,0.4464975845410628,1.4853354760948172,-0.17189395240597047,32.5352247074248,-0.4778625954198473,1.4466343798775363,-0.5065166365394317,0.9681814182402572,0.0,0.47454267145115553,0.0,0.20118357487922706,0.1754379384072921,-0.14364734299516907,-135.38222191011235,-0.13525033017168928,-4.780669144981413,0.0,0.0,0.0,-2.128192288432649,-4.810454323400098,-1.9787418655097613,-14.023274112115903,-0.2833970936281907,-0.11732641379971423,Aerospace & Defense,Industrials,AIRI
2016Q3,2016,Q3,2016-11-14,2016-09-30,-2047000.0,15710000.0,-2305000.0,-2.69,1997000.0,0.1271164863,91940000.0,32266000.0,55586000.0,49623000.0,59674000.0,43026000.0,-19386000.0,34424830.17,75726830.17,42.39824867086628,1.1201660520323238,0.46333478355449204,1.320244219921899,-0.01871831825748876,42.39824867086628,-0.06344139341721937,2.191268629535328,-4.20430265876893,1.0669072760800844,0.0,0.31871426579277645,0.0,0.17087230802697412,0.22634665376942142,-0.02226452033935175,-21.555936236693803,0.12711648631444938,-7.1515151515151505,-3.499901185083042,-0.24282583238992558,0.3049243839209598,-0.5193742478941035,-7.123015873015873,-84.37037037037037,-1.6062238586665902,-0.2655388532397183,0.17492461546750313,Aerospace & Defense,Industrials,AIRI
2016Q2,2016,Q2,2016-08-18,2016-06-30,-252000.0,19363000.0,-27000.0,-0.33,4155000.0,0.2145845169,90051000.0,33544000.0,56423000.0,49682000.0,56507000.0,40532000.0,-17039000.0,36041860.0,76115860.0,44.20804031756408,1.1356829435207922,0.4534430489389346,1.217296684951109,-0.00024201029888271916,44.20804031756408,-0.007512520868113523,1.8613778856582142,-35.755813492063496,1.0744651800620082,0.0,0.3752097108457515,0.0,0.2150225983054047,0.24338794734511493,-0.0027984142319352366,-19.53488346883469,0.2145845168620565,0.8253968253968254,-1.3855237669854894,-0.37994676515834713,0.0,0.4728819567529245,0.8237762237762237,0.983029541169076,-1.839261923558118,-0.0044418016226986335,0.3441018791377609,Aerospace & Defense,Industrials,AIRI
2016Q1,2016,Q1,2016-05-16,2016-03-31,-1430000.0,15184000.0,-1591000.0,-1.89,2821000.0,0.1857876712,88120000.0,27402000.0,56312000.0,55231000.0,60718000.0,40657000.0,-16787000.0,46039553.9,90452553.9,36.12766108926177,1.0195723416197426,0.5081933726736269,1.6342602729727758,-0.015109530464864003,36.12766108926177,-0.05218597182687395,3.0321097141728135,-8.04887305944056,1.6801530508721991,0.0,0.3040804781464446,0.0,0.17231048570131638,0.18431677862070214,-0.01622787108488425,138.2569186186186,0.1857876712328767,-1.1235955056179774,-1.7583795990465991,-0.4312043572864929,0.0,-0.41678726483357453,-1.1279761904761905,-26.661290322580644,-4.859298961218185,-0.20188007546241948,0.09116465159591744,Aerospace & Defense,Industrials,AIRI
2015Q4,2015,Q4,2016-04-04,2015-12-31,-672000.0,23498000.0,62000.0,-0.89,4837000.0,0.2058473062,88250000.0,28805000.0,56122000.0,53956000.0,59445000.0,36923000.0,-15357000.0,61815875.5,106091875.5,37.977420541427094,1.0401438208910965,0.5077053824362606,1.5554591216802638,0.0012893167493893663,37.977420541427094,-0.023329283110571083,2.6306866754617415,-22.996977492559523,2.146011994445409,-1.6875,0.5054031362565339,0.01834480205655261,0.26626628895184135,0.26301060123063236,-0.007614730878186969,-265.304186695279,0.20584730615371521,-3.022727272727273,0.0,0.0,0.0,0.15773097175682144,-2.99406528189911,1.3846153846153846,-1.6380763883639846,0.01802329461589449,0.14226072614250504,Aerospace & Defense,Industrials,AIRI
2015Q3,2015,Q3,2015-11-16,2015-09-30,337000.0,21076000.0,26000.0,0.44,4178000.0,0.1982349592,89168000.0,28991000.0,56057000.0,54805000.0,60177000.0,38932000.0,-14685000.0,66901575.0,109296575.0,38.35042000132284,1.022844630964328,0.48432172976852683,1.489634714221655,-0.00031207201177425403,38.35042000132284,0.011624297195681418,3.1743013380148035,49.63024851632048,2.307667034596944,3.364985163204748,0.4340388369464708,0.016950273592213634,0.2363628207428674,0.26926375330718,0.0037793827382020455,-34.55659865702479,0.19823495919529321,1.5499999999999998,-0.5856770015423785,0.022614470769968385,0.1803411641321871,0.07210674878111367,1.5607321131447587,-0.6388888888888888,-0.5856770015423785,0.022614470769968385,0.1803411641321871,Aerospace & Defense,Industrials,AIRI
2015Q2,2015,Q2,2015-08-12,2015-06-30,-601000.0,19057000.0,72000.0,-0.8,3897000.0,0.2044917878,78579000.0,29765000.0,48365000.0,44458000.0,48814000.0,33283000.0,-15022000.0,76707914.5,112937914.5,39.38508196569469,1.0878806963876018,0.4765140813703407,1.2579875692927935,0.001540292685510549,39.38508196569469,-0.020191500083991266,4.0251831085690295,-31.908450291181364,2.5771179069376786,-1.8868552412645592,0.4554877865577021,0.01478335068019611,0.24252026622889067,0.29157856853659636,-0.007648353885898268,-46.74461578305911,0.20449178779451122,-6.714285714285714,-1.9231335616376564,-0.3872965601253934,0.0,-0.10803387502861067,-6.778846153846154,-0.8454935622317596,-1.9231335616376564,-0.3872965601253934,0.0,Aerospace & Defense,Industrials,AIRI
2015Q1,2015,Q1,2015-05-15,2015-03-31,104000.0,16811000.0,466000.0,0.14,4369000.0,0.2598893582,77813000.0,31471000.0,48420000.0,34156000.0,46342000.0,31498000.0,-14421000.0,73377501.60000001,105348501.60000001,43.48961644123354,1.4176133036655345,0.44245820107180034,1.0939912935718599,0.0057454476479514415,43.48961644123354,0.00330462965905119,4.364850490750104,176.388225,2.3315910393695782,10.25,0.39500920693377356,0.014527613733853266,0.21604359168776424,0.43746340320880667,0.0013365375965455643,105.42744482758621,0.2598893581583487,1.1573033707865168,-0.9421902097368755,-0.33994357306096223,0.0,0.3900731784918867,1.155223880597015,4.065217391304348,-0.9372708262019689,-0.4815660670155165,1.8249386769688452,Aerospace & Defense,Industrials,AIRI
2014Q4,2014,Q4,2015-03-31,2014-12-31,-670000.0,20364000.0,92000.0,-0.89,3143000.0,0.1543409939,65920000.0,28272000.0,44021000.0,27845000.0,37648000.0,28391000.0,-14525000.0,76127348.8,102430348.8,39.06893444843045,1.5809301490393248,0.4205248786407767,0.980510752688172,0.0013490832012264837,39.06893444843045,-0.023698358800226374,3.7383298369671967,-28.405727164179105,2.6926764572722126,-1.5895522388059702,0.6065654608854919,0.013989716137336442,0.30891990291262134,0.47886514634584304,-0.010163834951456311,-203.54906096256684,0.154340993910823,-2.745098039215686,0.0,0.0,0.0,-0.11639021647455722,-2.763157894736842,-0.8357142857142857,0.0,0.0,0.0,Aerospace & Defense,Industrials,AIRI
2014Q3,2014,Q3,2014-11-14,2014-09-30,380000.0,15154000.0,560000.0,0.51,3557000.0,0.2347235053,59116000.0,31057000.0,42579000.0,23249000.0,28059000.0,30686000.0,-13855000.0,75324049.2,93262049.2,43.787521183871775,1.831433610047744,0.3299614317612829,0.6280709662877935,0.014075622206331292,43.787521183871775,0.012235566860933123,4.970572073379966,49.55529552631579,2.4253485269021477,2.8026315789473686,0.3779247865476113,0.014138910630948926,0.25634346031531224,0.4462127403329175,0.006428039786183098,-29.926122050059597,0.2347235053451234,-0.4516129032258065,-0.5020603995334683,-0.216326869040387,0.34768312125007356,0.06084103787652848,-0.38311688311688313,1.178988326848249,-0.5020603995334683,-0.216326869040387,0.34768312125007356,Aerospace & Defense,Industrials,AIRI
2014Q2,2014,Q2,2014-08-13,2014-06-30,616000.0,13360000.0,257000.0,0.93,3353000.0,0.2509730539,58407000.0,30666000.0,41596000.0,22730000.0,27741000.0,29268000.0,-14235000.0,68099808.0,82158808.0,48.858595900887124,1.8300043994720634,0.2607221737120551,0.49657601252201133,-0.03164691832755416,48.858595900887124,0.020087393204200093,5.097291017964072,27.63790909090909,2.2206941890041088,1.4366883116883118,0.34190925242585757,0.012995631353321876,0.22873970585717465,0.4682358117025957,0.01054668104850446,38.58346062322946,0.2509730538922156,0.6607142857142857,1.0313535612317732,-0.9656810334554229,-0.840612640286858,-0.1710754017305315,0.8064516129032258,-0.790886899918633,0.13927551748750888,-0.48279796295538,0.0,Aerospace & Defense,Industrials,AIRI
2014Q1,2014,Q1,2014-05-08,2014-03-31,341000.0,15453000.0,1229000.0,0.56,4045000.0,0.2617614703,54554000.0,21060000.0,41948000.0,28647000.0,33494000.0,26816000.0,-14851000.0,55000192.8,75267192.8,35.91674682274932,1.4643069082277376,0.3840964915496572,0.9949667616334283,0.010783767058342199,35.91674682274932,0.016191832858499525,3.559191923898272,40.322721994134895,2.6115950997150996,2.1495601173020527,0.425417661097852,0.013327226009287737,0.28326062250247463,0.474604670646141,0.0062506873923085385,-21.32617014346646,0.2617614702646735,-0.5087719298245613,1.0256129012496216,-0.9578609336117311,-0.8952491681719816,-0.04033214709371293,-0.5128571428571429,-0.07315233785822021,-0.766069943626685,-0.2512033157818312,0.0,Aerospace & Defense,Industrials,AIRI
2013Q4,2013,Q4,2014-03-25,2013-12-31,700000.0,17817000.0,1326000.0,1.14,4215000.0,0.2365718134,50172000.0,21613000.0,36928000.0,24397000.0,28559000.0,26222000.0,-15192000.0,52654768.8,69589768.8,36.85985988034573,1.5136287248432185,0.34872040181774694,0.809512793226299,0.01688027556349695,36.85985988034573,0.03238791468097904,2.9553105910085873,18.805274571428573,2.4362545134872526,1.0242857142857142,0.518724734955381,0.013617000251646723,0.3551183927290122,0.3748411689961881,0.01395200510244758,10.29016392417432,0.2365718134366055,-0.7367205542725174,1.004126539354262,-0.9521378033053742,-0.882347169846401,0.12610205717339032,-0.7237569060773481,0.28612997090203685,0.0,0.0,0.0,Aerospace & Defense,Industrials,AIRI
2013Q3,2013,Q3,2013-11-13,2013-09-30,2534000.0,16052000.0,1031000.0,4.33,3743000.0,0.2331796661,53787000.0,20609000.0,39648000.0,28876000.0,33178000.0,28135000.0,-15892000.0,44889167.4,66405167.4,36.08593105694359,1.3730433578057903,0.414356628925205,1.0814207385123005,0.08241457830601653,36.08593105694359,0.122955990101412,2.7964843882382255,4.428686602209944,2.178134184094328,0.14127861089187055,0.4374977785676204,0.007975198042991549,0.29843642515849556,0.39198642471256406,0.04711175562868351,-29.98608376753507,0.23317966608522303,10.102564102564102,1.0304450986780045,-0.9437295253255389,-0.9427742486417929,0.03112947658402204,10.212389380530974,-0.04359925788497217,3.123726160467619,0.030924741152040778,0.11064519948092984,Aerospace & Defense,Industrials,AIRI
2013Q2,2013,Q2,2013-08-09,2013-06-30,226000.0,14639000.0,1078000.0,0.39,3630000.0,0.2479677574,50847000.0,18784000.0,38584000.0,27032000.0,32063000.0,28247000.0,-18425000.0,34837649.0,54010649.0,32.890393952818116,1.4273453684522048,0.39585422935473086,1.071550255536627,0.009544206063462771,32.890393952818116,0.012031516183986372,2.3797833868433638,38.53722234513275,1.854644857325383,0.0,0.389740503416292,0.0,0.2879029244596535,0.3686001775673276,0.004444706669026688,24.955335959885385,0.24796775736047544,-0.18749999999999994,1.3429914429644778,-0.9651196435060267,-0.9698538053628667,-0.004661365505895256,-0.18996415770609318,-0.08488964346349745,-0.5406395117378485,-0.37718032370955157,0.0,Aerospace & Defense,Industrials,AIRI
2013Q1,2013,Q1,2013-05-10,2013-03-31,279000.0,14325000.0,1178000.0,0.48,3647000.0,0.2545898778,51422000.0,18909000.0,38362000.0,27385000.0,32513000.0,27464000.0,-18652000.0,34266540.0,54441540.0,33.10926635721027,1.4008398758444405,0.4111858737505348,1.1181976836427099,0.010684475881956408,33.10926635721027,0.014754878629224179,2.3920795811518323,30.704784946236558,1.8121815008726005,0.0,0.3887998834838334,0.0,0.27857726265022753,0.38261822165419024,0.00542569328303061,10.691588143525742,0.25458987783595116,-0.6470588235294118,1.6506001750709853,-0.9673195268206002,-0.9691485076188169,-0.1553960166743863,-0.648171500630517,-0.27906976744186046,-0.8034929124000237,-0.2873306063082446,0.0,Aerospace & Defense,Industrials,AIRI
2012Q4,2012,Q4,2013-03-29,2012-12-31,793000.0,17380000.0,1634000.0,1.36,4318000.0,0.2484464902,53156000.0,18988000.0,39539000.0,27859000.0,34168000.0,26739000.0,-18931000.0,41519622.586673,64880622.586673,33.24759371678611,1.4192541010086508,0.4486981714199714,1.256109121550453,0.025122301774417835,33.24759371678611,0.041763218875079,2.3889311039512657,13.089414434638398,2.186624319921687,0.4527112232030265,0.4884999439021654,0.008646514048883289,0.32696214914591015,0.43508381492515885,0.014918353525472196,-21.303038782284762,0.24844649021864212,0.28301886792452835,-0.9594088855072218,-0.9642683010386159,-0.9686410985942312,0.12623891497130935,0.2915309446254072,0.12302405498281786,0.0,0.0,0.0,Aerospace & Defense,Industrials,AIRI
2012Q3,2012,Q3,2012-09-30,2012-09-30,614000.0,15558000.0,1455000.0,1.06,3834000.0,0.2464327034,50191000.0,18541000.0,37148000.0,24822000.0,31650000.0,27420000.0,-19724000.0,34752647.041302,55063647.041302,32.49096207664579,1.4965756184030297,0.4269889023928593,1.1558707728817217,0.022327567359089424,32.49096207664579,0.03311579742192978,2.2337477208704204,14.150100586849348,1.874367458136131,0.0,0.4275711159737418,0.0,0.30997589209220777,0.38143582306018853,0.012233268912753283,13.747091392920096,0.24643270343231777,0.26190476190476203,-0.9568182429371271,-0.9640045865452476,-0.9691003463989332,0.11583236321303841,0.9247648902821317,0.12268518518518519,0.0,0.0,0.0,Aerospace & Defense,Industrials,AIRI
2012Q2,2012,Q2,2012-06-30,2012-06-30,319000.0,15240000.0,1296000.0,0.84,3436000.0,0.2254593176,,,,,,,,23217873.070301,,,0.0,0.0,0.0,0.0,,0.0,1.5234824849278872,18.195825290204546,0.0,0.0,0.0,0.0,0.0,0.0,0.0,-28.4184492904541,0.22545931758530183,-0.6331877729257642,1.0448341253761926,-0.9385184901476555,0.0,0.05044328951391012,-0.6109756097560975,-0.18847839699436444,1.0275206135394874,-0.9336449509350708,0.0,Aerospace & Defense,Industrials,AIRI
2012Q1,2012,Q1,2012-03-31,2012-03-31,820000.0,16038000.0,1597000.0,2.29,3271000.0,0.2039531114,37960000.0,5510000.0,30760000.0,22070000.0,32450000.0,21660000.0,-20660000.0,11345779.057911,33305779.057911,15.394888673441162,1.3937471681014952,0.22866174920969443,1.5753176043557169,0.08344133542838283,15.394888673441162,0.14882032667876588,0.7074310423937523,3.459078981070427,2.0591250558822143,0.0,0.589427516158818,0.0,0.42249736564805057,0.3964657906660625,0.02160168598524763,22.96716408484008,0.20395311136051877,0.0,1.4713737084210317,-0.9119852603452956,-0.97080941349408,0.0,0.0,0.0,1.1009031155101952,-0.9283512461619315,-0.9551009616098839,Aerospace & Defense,Industrials,AIRI
2011Q1,2011,Q1,2011-03-31,2011-03-31,890000.0,12600000.0,-150000.0,2.49,2460000.0,0.1952380952,,,,,,,,10740000.0,,,0.0,0.0,0.0,0.0,,0.0,0.8523809523809524,3.0168539325842696,0.0,0.0,0.0,0.0,0.0,0.0,0.0,-51.14285714285713,0.19523809523809524,0.0,-0.9328926822463618,-0.9854404598327235,0.0,0.0,0.0,0.0,4.310822948001719,-0.9541435713829255,0.0,Aerospace & Defense,Industrials,AIRI
2009Q2,2009,Q2,2009-10-21,2009-06-30,-560000.0,11096000.0,634000.0,-31.3,2059000.0,0.1855623648,37533000.0,5484000.0,27528000.0,27568000.0,32049000.0,21746000.0,-18573000.0,2146800.0,26893800.0,306.53996646171043,0.9985490423679628,0.6078650787307169,4.160284463894967,0.018350368826701068,306.53996646171043,-0.10211524434719182,0.19347512617159338,-0.9583928571428572,0.3914660831509847,0.0,0.41557067966522576,0.0,0.2956331761383316,0.1037071967498549,-0.014920203554205633,42.09411764705882,0.18556236481614996,-0.37824746807573756,-26.862957400668613,341.24716999087286,232.9580805396002,-0.1764,-0.3793103448275862,-0.24970414201183433,-1.825577120604107,-0.7523814182168364,-0.8489277061811412,Aerospace & Defense,Industrials,AIRI
2009Q1,2009,Q1,2009-10-21,2009-03-31,-406000.0,11183000.0,845000.0,-22.71,2500000.0,0.2235536082,37942000.0,6131000.0,27580000.0,24654000.0,31811000.0,21156000.0,-17798000.0,2145720.0,24253720.0,342.87791510541916,1.1186825667234526,0.5872911285646513,3.6344805088892516,0.023042752981311906,342.87791510541916,-0.06622084488664166,0.19187337923634087,-1.321256157635468,0.34997879628119394,0.0,0.4104273019474381,0.0,0.29473933899109167,0.20455098564127525,-0.01070054293395182,6.581963190184049,0.22355360815523562,0.9215001728309714,-204.2911353782007,321.11716013036977,1817.4603945978015,0.25817815802717664,0.9215155615696887,1.5920245398773005,-1.6129105981464094,-0.7412819899580655,-0.8264369819096831,Aerospace & Defense,Industrials,AIRI
2008Q4,2008,Q4,2009-10-16,2008-12-31,-5173000.0,11352000.0,326000.0,-289.3,1987000.0,0.1750352361,39349000.0,5602000.0,28398000.0,25353000.0,33747000.0,21099000.0,-17428000.0,7867640.0,30580640.0,313.29343996420783,1.1201041296887941,0.5813870746397621,4.083720099964299,0.011276993356884117,313.29343996420783,-0.9234202070689039,0.6930620155038759,-0.3802261743669051,1.4044341306676187,0.0,0.4438598985733921,0.0,0.28849526036239803,0.21677907939888771,-0.13146458613941905,110.81183098591549,0.1750352360817477,-0.9850418553588582,-996.7069967588629,222.16887915413366,4446.6500822535345,0.3694004135079256,-0.9988408037094282,1.133935907970419,0.45350412854568556,0.0,-0.837792917286436,Aerospace & Defense,Industrials,AIRI
2008Q3,2008,Q3,2008-11-19,2008-09-30,-2588000.0,8870000.0,-2434000.0,-145.74,1451000.0,0.1635851184,45173000.0,11198000.0,29879000.0,25243000.0,33975000.0,21555000.0,-9353000.0,7103200.0,29413200.0,630.5890302962046,1.183654874618706,0.5027339339871162,2.0280407215574208,-0.05451898875109952,630.5890302962046,-0.23111269869619575,0.8008117249154453,-0.6861669242658424,0.6343275584925879,0.0,0.3441892832289492,0.0,0.19635623049166537,0.1602424434496692,-0.057290859584264935,-7.805714285714286,0.16358511837655018,-125.73043478260871,-352.770450224673,200.92190688016746,1720.3597751731036,-0.5842406876790831,-128.4,-5.8389662027833005,-1042.9448995185032,0.0,75223.38197260526,Aerospace & Defense,Industrials,AIRI
2008Q2,2008,Q2,2008-08-19,2008-06-30,-20000.0,12739000.0,503000.0,-1.15,3490000.0,0.2739618494,54518000.0,18913000.0,33759000.0,27460000.0,35605000.0,24981000.0,-490000.0,11787800.0,35797800.0,1091.0297086818575,1.229388201019665,0.45379507685535053,1.3080949611378416,0.01772721585792852,1091.0297086818575,-0.0010574736953418284,0.9253316586859252,-147.3475,0.6232644212975202,0.0,0.3702413834514231,0.0,0.23366594519241352,0.31329206117989805,-0.00036685131516196485,-8.013460231135282,0.2739618494387315,-0.5333333333333332,-13.26613359904614,370.95053875812914,1293.47524525734,-0.026227678571428572,-0.5384615384615384,0.3856749311294766,-6.258221626302158,0.0,8869.381985211734,Aerospace & Defense,Industrials,AIRI
2008Q1,2008,Q1,2008-05-19,2008-03-31,-13000.0,13288000.0,363000.0,-0.75,3584000.0,0.2697170379,53524000.0,18580000.0,33286000.0,28251000.0,34944000.0,24334000.0,-471000.0,13850400.0,35728400.0,1073.1820019638421,1.1782237796892145,0.42425827666093713,1.2221743810548977,0.004233137419535404,1073.1820019638421,-0.0006996770721205597,1.0423239012642986,-266.3538461538461,0.7454467168998924,0.0,0.3987835949700008,0.0,0.24826246169942456,0.3127676896393048,-0.0002428816979299006,-35.242748091603055,0.26971703792895846,-1.0219234142063724,-6.913248685427279,522.2989830887083,1143.929825521291,-0.3504515213733891,-1.021950671774982,-0.9865043139350878,-1.1930186270806138,0.0,3340.158145286756,Aerospace & Defense,Industrials,AIRI
2007Q4,2007,Q4,2008-04-14,2007-12-31,592237.0,14745158.0,26897484.0,34.21,5517679.0,0.3742027722,50290040.0,18355732.0,30630433.0,24931073.0,31934308.0,21820514.0,-458373.0,16620480.0,25095703.0,1060.22826777566,1.2286046813949805,0.18662190366124187,0.5112965802725818,0.5429046338884229,1060.22826777566,0.032264417458263174,1.1271822248361123,7.015975023512547,0.9054653881414263,0.0,0.4228809183871654,0.0,0.29320235179769194,0.34433523980295594,0.01177642730051517,-1.9172967588584453,0.3742027721913865,0.43138075313807545,506.35526485467926,2315.0925839437023,995.6254303735411,0.5363232959755065,0.4014325806802747,26.60559512043426,64.39932662947047,622.2536667018484,669.2746531261126,Aerospace & Defense,Industrials,AIRI
2007Q3,2007,Q3,2007-11-14,2007-09-30,422594.0,12845821.0,974349.0,23.9,3591483.0,0.279583765,46988043.0,17833427.0,29456338.0,22658331.0,29154616.0,21457096.0,-1050610.0,16960000.0,36622413.0,1051.499233490566,1.3000224067695012,0.4346494064458058,1.1452271624517263,0.02219725136599788,1051.499233490566,0.02369673534985732,1.3202737294875897,10.033270704269345,0.9510230422901892,0.0,0.43129498977867275,0.0,0.2733848907050672,0.3319414832451693,0.008993649724888522,-11.040861603841387,0.2795837650236602,2.2441436751691826,208.72581863692403,532.6518759566908,1066.3824667075291,0.5135812052908796,2.339684190170649,22.012494095418045,101.81877087192915,244.11507770696983,975.3395671797398,Aerospace & Defense,Industrials,AIRI
2007Q2,2007,Q2,2007-08-14,2007-06-30,-315443.0,10989536.0,42340.0,-19.21,2372838.0,0.2159179423,39803399.0,16781508.0,28655779.0,18408193.0,23021891.0,20360593.0,-1473202.0,17730360.0,29781172.0,1022.2030821709204,1.556686145131138,0.3281461967607339,0.7783170618516524,0.0018380701576891799,1022.2030821709204,-0.018797059239253112,1.6133856788858056,-14.051952333702125,1.0565415217750396,0.0,0.4232046679583448,0.0,0.2760954158713933,0.39881839570021893,-0.007925026704377685,-3.386473595114715,0.21591794230438846,-2.9526748971193415,-101.66432410547046,395.53534791721177,1194.4062432505175,0.9003288361953669,-3.4125924993355436,-0.6525350009027197,-16.103170325213487,368.37654608056977,774.4986977355426,Aerospace & Defense,Industrials,AIRI
2007Q1,2007,Q1,2007-05-15,2007-03-31,-71487.0,7488130.0,121854.0,-4.86,1248646.0,0.1667500431,25335661.0,7756885.0,19771561.0,14611740.0,17578776.0,15866131.0,-1157760.0,15296320.0,21793518.0,527.3922355180854,1.353128443292859,0.28723142451266614,0.9381598412249247,0.08328104906334544,527.3922355180854,-0.009215941708559557,2.0427423135015017,-53.493362429532645,1.9719668397816907,0.0,0.393258066506573,0.0,0.29555692271064093,0.2363030686283769,-0.002821596010461302,-68.58198415509534,0.16675004306816255,0.8768373035985808,-88.30171079954691,346.33209398366944,504.10140550973705,3.8947314778518227,0.876820034944671,1.1794202787585732,-42.944994759409575,261.22077351750704,2794.9597916140533,Aerospace & Defense,Industrials,AIRI
2011Q4,2011,Q4,2011-12-31,2011-12-31,,,,,,,36980000.0,4670000.0,29470000.0,21650000.0,32320000.0,22520000.0,-21480000.0,0.0,22470000.0,0.0,1.3612009237875289,0.24310438074634938,1.9250535331905783,,0.0,,0.0,0.0,0.0,0.0,,,,0.30577367205542727,,0.0,0.0,0.0,1.0,-1.0,-1.0,0.0,0.0,0.0,1.0,-1.0,-1.0,Aerospace & Defense,Industrials,AIRI
