Quarters,Year,Quarter,FillingDate,Date,NetIncome,Revenue,OperatingIncome,EPSDiluted,GrossProfit,GrossProfitRatio,TotalAssets,CommonStockEquity,CurrentAssets,CurrentLiability,TotalLiability,Inventory,RetainedEarnings,MarketCap,EnterpriseValue,bookValuePerShare,currentRatio,debtToAssets,debtToEquity,roic,shareholdersEquityPerShare,roe,priceToSalesRatio,peRatio,pbRatio,payoutRatio,inventoryTurnover,dividendYield,assetTurnover,quickRatio,returnOnAssets,priceToFreeCashFlowsRatio,grossProfitMargin,epsdilutedGrowth,fiveYNetIncomeGrowthPerShare,fiveYRevenueGrowthPerShare,fiveYShareholdersEquityGrowthPerShare,grossProfitGrowth,netIncomeGrowth,operatingIncomeGrowth,threeYNetIncomeGrowthPerShare,threeYRevenueGrowthPerShare,threeYShareholdersEquityGrowthPerShare,Industry,Sector,Symbol
2023Q1,2023,Q1,2023-05-15,2023-03-31,1140000.0,10041000.0,4648000.0,0.2,10041000.0,1.0,1289469000.0,41124000.0,422399000.0,19725000.0,1248345000.0,0.0,101335000.0,67591465.6,71716465.6,7.349713689297484,21.414397972116603,0.015296994344183535,0.4796469215056901,0.06729506996859964,7.349713689297484,0.027721038809454333,6.731547216412707,14.822689824561403,1.643601439548682,1.1807017543859648,0.0,0.019913756685873668,0.00778692624638514,21.414397972116603,0.000884084844226577,59.76256905393456,1.0,-0.5454545454545454,-0.4387170467957258,-0.002310380705539099,-0.5625354518838239,-0.11220159151193634,-0.5371498172959805,-0.09730044668867742,-0.020040895630264385,0.04208960238660377,-0.6546616846871733,Banks—Regional,Financial Services,CIZN
2022Q4,2022,Q4,2023-03-16,2022-12-31,2463000.0,11310000.0,5149000.0,0.44,11310000.0,1.0,1324003000.0,39025000.0,234780000.0,18732000.0,1284978000.0,0.0,102525000.0,76655884.0,66061884.0,6.9745787551024785,12.533632286995516,0.013595135358454627,0.4612427930813581,0.07427971242792468,6.9745787551024785,0.06311338885329917,6.777708576480991,7.780743402354852,1.9642763356822548,0.5456760048721072,0.0,0.01753290067074303,0.008542276716895657,12.533632286995516,0.001860267688215208,31.097721703853956,1.0,-0.04347826086956525,2.9110130810341475,0.1675914051228259,-0.6149868835863022,54.170731707317074,-0.04534883720930233,0.2509718172983479,0.24110650489867924,0.10202154878879457,-0.656286142991752,Banks—Regional,Financial Services,CIZN
2022Q3,2022,Q3,2022-11-04,2022-09-30,2580000.0,205000.0,4116000.0,0.46,205000.0,1.0,1328478000.0,32637000.0,238616000.0,18503000.0,1295841000.0,0.0,101406000.0,85608396.0,67820396.0,5.832910360801527,12.896070907420418,0.013549339921323499,0.5515212795293685,0.0689168076263448,5.832910360801527,0.07905138339920949,417.6019317073171,8.295387209302326,2.623047338909826,0.5213178294573644,0.0,0.015711075815507628,0.00015431192688173986,12.896070907420418,0.0019420720553897017,36.367203058623616,1.0,0.02222222222222224,0.4005952742111375,-0.9792837864777595,-0.690236811519184,-0.046511627906976744,0.015348288075560802,0.07327249022164277,0.6951176963009781,-0.9777412297071498,-0.7112959020851529,Banks—Regional,Financial Services,CIZN
2022Q2,2022,Q2,2022-08-05,2022-06-30,2541000.0,215000.0,3835000.0,0.45,215000.0,1.0,1299081000.0,25926000.0,609181000.0,18389000.0,1273155000.0,0.0,100171000.0,100837859.46000001,77555859.46000001,4.635617837419732,33.127467507749195,0.013855948936209521,0.6942837306179125,0.07302315729575358,4.635617837419732,0.09800971997222865,469.01329981395355,9.921080230224321,3.889449180745198,0.529319165682802,0.0,0.013338244258680736,0.0001655016122936137,33.127467507749195,0.001955998124828244,28.237989207504903,1.0,0.25000000000000006,0.24292429443164315,-0.979214443692994,-0.7562686757346738,0.10256410256410256,0.2480353634577603,0.20106482931412464,0.6234434844952812,-0.976850760727565,-0.7638237412185327,Banks—Regional,Financial Services,CIZN
2022Q1,2022,Q1,2022-05-06,2022-03-31,2036000.0,195000.0,3193000.0,0.36,195000.0,1.0,1348692000.0,62950000.0,677225000.0,18345000.0,1285742000.0,0.0,98975000.0,108060638.28400001,53615638.28400001,11.267086326106527,36.91605342055056,0.01334626438059987,0.28594122319301035,0.03310312870605501,11.267086326106527,0.03234312946783161,554.1571194051282,13.268742421905698,1.7166106161080223,0.6596267190569745,0.0,0.012428207174479103,0.00014458453078983194,36.91605342055056,0.0015096107932722964,39.61167092521995,1.0,0.12499999999999993,0.23818572267797272,-0.9798563823050956,-0.3762639788764357,-0.9829515649589089,0.12486187845303867,-0.016327788046826865,0.4533280553763644,-0.9789905116493359,-0.39142049289532815,Banks—Regional,Financial Services,CIZN
2021Q4,2021,Q4,2022-03-11,2021-12-31,1810000.0,11438000.0,3246000.0,0.32,11438000.0,1.0,1361335000.0,105900000.0,4171000.0,18000000.0,1255435000.0,0.0,0.0,104757562.5,122757562.5,18.954478823426232,0.23172222222222222,0.01322231486004547,0.16997167138810199,0.0219635805743624,18.954478823426232,0.017091595845136923,9.158730765868158,14.46927658839779,0.9892121104815864,0.7419889502762431,0.0,0.012820076832161879,0.008402046520511117,0.23172222222222222,0.00132957721648235,47.31597222222222,1.0,-0.058823529411764754,-0.06062026871280014,0.18948589909690283,0.08501659099608433,-0.021975203078238564,-0.03723404255319149,0.0,-0.07623867147103273,0.21675307038199979,0.10575210162117331,Banks—Regional,Financial Services,CIZN
2021Q3,2021,Q3,2021-11-05,2021-09-30,1880000.0,11695000.0,0.0,0.34,11695000.0,1.0,1355919000.0,107382000.0,595678000.0,18558000.0,1248537000.0,0.0,97815000.0,105830279.94,47903279.94,19.219734136139337,32.09817868304774,0.026550258533142468,0.3352517181650556,0.0,19.219734136139337,0.01750758972639735,9.04919024711415,14.073175523936172,0.9855495328826059,0.7143617021276596,0.0,0.01269012990196575,0.00862514648736392,36.20056040521608,0.0013865135011752177,170.6939999032258,1.0,0.0,-0.06499361833458,0.1719381719281728,-0.03594231737299629,0.03725055432372506,-0.01415836392239119,0.0,0.10145114274486411,0.16376368683411402,0.18012481354539198,Banks—Regional,Financial Services,CIZN
2021Q2,2021,Q2,2021-08-06,2021-06-30,1907000.0,11275000.0,0.0,0.34,11275000.0,1.0,1338134000.0,109574000.0,756412000.0,18454000.0,1228560000.0,0.0,97278000.0,103088780.86,38885780.86,19.621301397937593,40.98905386366099,0.0134515676307455,0.16427254640699435,0.0,19.621301397937593,0.017403763666563234,9.143129122838138,13.514522923439959,0.9408142521036011,0.7042475091767174,0.0,0.013027605805367557,0.008425912502036418,34.04893248076298,0.001425118859546204,13.796678380620985,1.0,0.0,-0.06316162147618046,0.1683444123702604,0.030987135267572026,0.05938175326505685,0.005271481286241434,0.0,-0.010875099709329199,0.10748043766698848,0.174609218469231,Banks—Regional,Financial Services,CIZN
2021Q1,2021,Q1,2021-05-07,2021-03-31,1897000.0,10643000.0,0.0,0.34,10643000.0,1.0,1548347000.0,106480000.0,734831000.0,0.0,1441867000.0,0.0,96714000.0,111018517.99999999,59342517.999999985,19.08647348363991,0.0,0.0,0.0,0.0,19.08647348363991,0.017815552216378663,10.431130132481442,14.630801001581444,1.0426231968444777,0.7069056404849763,0.0,0.012079065944656188,0.006873782168984085,0.0,0.0012251775603272393,24.2081373746184,1.0,-0.15,0.08618481532130196,0.09505390144509085,0.05137200869717707,-0.04649704354058413,-0.14779874213836477,0.0,-0.06324307578965231,0.060632983309276765,0.13605180427783514,Banks—Regional,Financial Services,CIZN
2020Q4,2020,Q4,2021-03-12,2020-12-31,2226000.0,11162000.0,0.0,0.4,11162000.0,1.0,1450692000.0,119548000.0,732653000.0,25522000.0,1331144000.0,0.0,96158000.0,116876279.0,124568279.0,21.428904320268444,28.70672361100227,0.034466309871426876,0.4182420450363034,0.0,21.428904320268444,0.018620135845016227,10.470908349758108,13.12626673405211,0.9776514789038712,0.6024258760107817,0.0,0.01147367123143953,0.007694259015697336,28.4867957056657,0.0015344401154759246,38.257374468085104,1.0,0.08108108108108115,-0.16482574253232649,0.025630029826557023,0.2093898450935944,-0.014305898975626986,0.06865098415746519,0.0,2.732235712642181,0.15572067521439373,0.18292581148956916,Banks—Regional,Financial Services,CIZN
2020Q3,2020,Q3,2020-11-09,2020-09-30,2083000.0,11324000.0,0.0,0.37,11324000.0,1.0,1374217000.0,117499000.0,0.0,15561000.0,1256718000.0,0.0,95273000.0,125065060.02000001,98812060.02000001,21.06365742421366,0.0,0.02183061336018984,0.2553213218835905,0.0,21.06365742421366,0.017727810449450633,11.044247617449665,15.01020883581373,1.0643925481918997,0.643783005280845,0.0,0.010722419193542557,0.008240328856359658,41.437696806117856,0.0015157722543091812,38.35175100275989,1.0,0.423076923076923,-0.00822170167893801,0.10915221434776501,0.21567379693062216,0.06308674427337589,0.42476060191518467,0.0,0.13424470934358446,0.14783884987783683,0.11860894153968099,Banks—Regional,Financial Services,CIZN
2020Q2,2020,Q2,2020-08-07,2020-06-30,1462000.0,10652000.0,0.0,0.26,10652000.0,1.0,1402224000.0,119369000.0,0.0,0.0,1282855000.0,0.0,94531000.0,139508500.0,78321500.0,21.390990513122855,0.0,0.0,0.0,0.0,21.390990513122855,0.012247736011862376,13.096930153961697,23.855762653898772,1.1687163333863901,0.9179206566347469,0.0,0.009619485551059613,0.007596503839614783,0.0,0.00104262942297379,40.57838859802211,1.0,0.2380952380952382,-0.3011587807472505,0.07556769539289733,0.2712083234387682,0.10865945045795171,0.2603448275862069,0.0,-0.2832715969959602,0.03209953221272898,0.12469462064467267,Banks—Regional,Financial Services,CIZN
2020Q1,2020,Q1,2020-05-08,2020-03-31,1160000.0,9608000.0,0.0,0.21,9608000.0,1.0,1216111000.0,118744000.0,0.0,0.0,1097367000.0,0.0,94411000.0,112257145.72,30738145.72,21.2826476628859,0.0,0.0,0.0,0.0,21.2826476628859,0.009768914639897595,11.6837162489592,24.193350370689657,0.9453710984976084,1.1543103448275862,0.0,0.011927971189823692,0.007900594600328424,0.0,0.0009538602972919412,49.45248710132159,1.0,-0.39999999999999997,-0.3638182358527191,0.009249865210246802,0.2422004876659548,-0.05768252080517929,-0.41164506575627197,0.0,-0.29357818702363253,-0.0061200101075988495,0.1781887160538355,Banks—Regional,Financial Services,CIZN
2019Q4,2019,Q4,2020-03-13,2019-12-31,1971599.0,10196139.0,0.0,0.35,10196139.0,1.0,1195434000.0,112800000.0,0.0,0.0,1082634000.0,0.0,94590000.0,121628535.08,47134535.08,20.29181719879019,0.0,0.0,0.0,0.0,20.29181719879019,0.017478714539007092,11.928881616855165,15.422575163610857,1.0782671549645388,0.6792146881794929,0.0,0.011010072587976122,0.00852923624390807,0.0,0.0016492746567355453,40.64047699924452,1.0,0.2962962962962961,0.039377459191858984,0.0454050916498516,0.20725795131166747,0.26418095742424036,0.47919330056238785,0.0,0.028435723794190938,0.06571458019667008,0.16157022977259777,Banks—Regional,Financial Services,CIZN
2019Q3,2019,Q3,2019-11-08,2019-09-30,1332888.0,8065411.0,0.0,0.27,8065411.0,1.0,1049603645.0,98999065.0,0.0,0.0,950604580.0,0.0,93957055.0,99715610.5,17374116.5,20.203767119793145,0.0,0.0,0.0,0.0,20.203767119793145,0.013463642308136951,12.363363813697777,18.702923745280927,1.0072379016912938,0.8844606598603934,0.0,0.011822491925674966,0.007684244465442953,0.0,0.0012698965045991242,28.511060817124317,1.0,-0.03571428571428574,-0.30210915459991805,-0.10105459023038649,0.2362085410127233,-0.0083999550513946,-0.027615700109867504,0.0,-0.24414975620971216,-0.07845541635526271,0.01341656299080798,Banks—Regional,Financial Services,CIZN
2019Q2,2019,Q2,2019-08-09,2019-06-30,1370742.0,8133734.0,0.0,0.28,8133734.0,1.0,1034030940.0,96136323.0,0.0,12706261.0,937894617.0,0.0,93803054.0,102122674.5,91174026.5,19.6277892677987,0.0,0.01160506860655446,0.1248227477974168,0.0,19.6277892677987,0.014258315246777224,12.555448026699668,18.625436898409767,1.0622694036259324,0.8600356595187132,0.0,0.011543832021359762,0.007866045091455387,40.23649388281887,0.0013256295793238062,41.14523318849076,1.0,0.1200000000000001,-0.3486576504536244,-0.1345985206644911,0.2313003874930415,0.0007404294146104515,0.1173576812624361,0.0,-0.23222620193435528,-0.039034299107740165,0.03132803571175944,Banks—Regional,Financial Services,CIZN
2019Q1,2019,Q1,2019-05-10,2019-03-31,1226771.0,8127716.0,0.0,0.25,8127716.0,1.0,1057392476.0,90579057.0,0.0,0.0,966813419.0,0.0,93611199.0,110081925.0,70497267.0,18.513745853372384,0.0,0.0,0.0,0.0,18.513745853372384,0.013543649499464318,13.544017163001266,22.433266885180693,1.2153132152833077,0.9595001838158874,0.0,0.01069282718302755,0.007686565002567694,0.0,0.0011601851042488409,56.95564025857243,1.0,-0.28571428571428564,-0.3196736565955514,-0.07589272134742876,0.23715137274865272,-0.012649173781518159,-0.2850176535109447,0.0,-0.19904383393904418,-0.04643828397665205,0.019823498722986232,Banks—Regional,Financial Services,CIZN
2018Q4,2018,Q4,2019-03-15,2018-12-31,1715806.0,8231842.0,0.0,0.35,8231842.0,1.0,958630077.0,83866317.0,0.0,0.0,874763760.0,0.0,93561515.0,102743130.0,82071258.0,17.141707255755204,0.0,0.0,0.0,0.0,17.141707255755204,0.02045882138832924,12.481183433792825,14.970097143849596,1.2250821745278262,0.6860256928813631,0.0,0.011456600553243804,0.008587089219818001,0.0,0.0017898520411226363,31.498722032093134,1.0,0.12903225806451607,-0.1952035176736533,-0.06864840329522637,0.25979859974704755,-0.06590256514070283,0.14632073618680994,0.0,-0.2659443704966242,-0.13750896817092872,-0.032568050478008384,Banks—Regional,Financial Services,CIZN
2018Q3,2018,Q3,2018-11-07,2018-09-30,1496794.0,8812616.0,0.0,0.31,8812616.0,1.0,962967946.0,79794502.0,0.0,26745839.0,883173444.0,0.0,93022796.0,117563982.4,150102800.4,16.286187626543008,0.0,0.0482882116618241,0.5827469165732747,0.0,16.286187626543008,0.018758109424631787,13.340418145985256,19.635965670626685,1.4733343708317148,0.786406145401438,0.0,0.01001231819448811,0.009151515412954359,17.466716673199148,0.0015543549566913622,36.62384861990773,1.0,-0.11428571428571424,-0.2595979507077442,-0.043851764436410416,0.15317051439969256,-0.011411720256700886,-0.1133472342341275,0.0,-0.1886014683409939,-0.017250142962082295,-0.060054426885782226,Banks—Regional,Financial Services,CIZN
2018Q2,2018,Q2,2018-08-09,2018-06-30,1688140.0,8914344.0,0.0,0.35,8914344.0,1.0,963069559.0,81681370.0,0.0,32694431.0,881388189.0,0.0,92703089.0,116132085.0,154697675.0,16.704535507995057,0.0,0.05451319638273397,0.6427414231666291,0.0,16.704535507995057,0.020667381068657394,13.02755256023326,17.198230745080384,1.4217695540611033,0.6972685914675323,0.0,0.010135760500640283,0.009256178763718977,14.742070537945743,0.0017528744255533052,41.20498375141348,1.0,-0.027777777777777804,0.04814780599390966,0.04910241276041083,0.10732761036770438,0.015014668980668099,-0.047533072630300266,0.0,-0.07910174127518621,0.02723079960137949,-0.007294937374936203,Banks—Regional,Financial Services,CIZN
2018Q1,2018,Q1,2018-05-10,2018-03-31,1772387.0,8782478.0,0.0,0.36,8782478.0,1.0,976040882.0,82032896.0,0.0,0.0,894007986.0,0.0,92192037.0,106687104.25,73371964.25,16.800706985164986,0.0,0.0,0.0,0.0,16.800706985164986,0.02160580799195484,12.147722345561242,15.04850580742242,1.3005405081639445,0.6627948636499816,0.0,0.011010974646450768,0.008998063669222412,0.0,0.0018158942239880481,42.08298657678411,1.0,2.5652173913043477,0.2490133075293225,0.08797378207977508,-0.0698014548322375,0.03898624500616946,2.5758767456892913,0.0,0.11072696623165552,0.05416431163174142,-0.01939614183911014,Banks—Regional,Financial Services,CIZN
2017Q4,2017,Q4,2018-03-15,2017-12-31,-1124699.0,8452930.0,0.0,-0.23,8452930.0,1.0,993095828.0,88451040.0,0.0,11698183.0,904644788.0,0.0,91594379.0,112790485.5,134795075.5,18.11517181562269,0.0,0.04178851509584632,0.46918611697499546,0.0,18.11517181562269,-0.012715497748811094,13.343359698944626,-25.071260288308252,1.2751742150233623,-1.0444830127883105,0.0,0.01041514268506274,0.008511696214677886,45.220057679042974,-0.0011325180997538134,44.77893715690902,1.0,-1.696969696969697,-1.6434884332239976,0.053837299612691576,-0.009041803168128505,-0.021122754747588166,-1.6996707245987326,0.0,-1.6750231793023647,-0.013302998671466533,0.07775883251557143,Banks—Regional,Financial Services,CIZN
2017Q3,2017,Q3,2017-11-09,2017-09-30,1607469.0,8635332.0,0.0,0.33,8635332.0,1.0,1026124497.0,91942431.0,0.0,0.0,934182066.0,0.0,92305609.0,121579354.5,91147251.5,18.83022443502116,0.0,0.019490812331712612,0.21752742213222534,0.0,18.83022443502116,0.017483429386373307,14.079291276814835,18.908506867006455,1.3223421784442484,0.7307941863886644,0.0,0.009662240804214831,0.008415481771701627,0.0,0.001566543830402287,51.58115207568783,1.0,-0.08333333333333326,-0.017546106639608337,-0.013898234581383765,0.03552736824273363,-0.043025090285753805,-0.09867599538647781,0.0,-0.15535405273272934,-0.03411792119288037,0.15216554109627714,Banks—Regional,Financial Services,CIZN
2017Q2,2017,Q2,2017-08-09,2017-06-30,1783453.0,9023572.0,0.0,0.36,9023572.0,1.0,1017563669.0,92795272.0,0.0,0.0,924768397.0,0.0,91872869.0,126853636.0,115974880.0,19.01937656718015,0.0,0.019654789778073337,0.21552822217062956,0.0,19.01937656718015,0.01921922272074379,14.05802890473972,17.78202677614717,1.3670269321480084,0.6586655213229617,0.0,0.009260270631895802,0.008867820535365438,0.0,0.0017526696897037113,84.23876239970994,1.0,0.24137931034482762,0.014041496419883347,-0.021368827607682276,0.045486581609302294,0.06639561159282792,0.24081401214060844,0.0,-0.14925028154635847,-0.03618716689798333,0.19313313473695323,Banks—Regional,Financial Services,CIZN
2017Q1,2017,Q1,2017-05-10,2017-03-31,1437325.0,8461749.0,0.0,0.29,8461749.0,1.0,1048008748.0,88218142.0,0.0,0.0,959790606.0,0.0,91264115.0,119918737.845,38497106.845,18.06386988170189,0.0,0.01908381016682124,0.22671073711799553,0.0,18.06386988170189,0.016292850511406144,14.171861850901037,20.857971900057397,1.3593432725549808,0.8160290818012628,0.0,0.009780781728340246,0.008074120579764473,0.0,0.0013714818724013171,90.36537462991026,1.0,-0.14705882352941188,-0.14189754740089483,-0.06624291127864469,0.02952541937271624,0.009733200337033213,-0.1440372179222018,0.0,-0.20146279869643538,-0.036170096172627814,0.20708913249069844,Banks—Regional,Financial Services,CIZN
2016Q4,2016,Q4,2017-03-15,2016-12-31,1679191.0,8380183.0,0.0,0.34,8380183.0,1.0,1025211907.0,85059395.0,0.0,0.0,940152512.0,0.0,90999689.0,125865692.15,75573953.15,17.469298608628037,0.0,0.01950816203308103,0.2351298172294783,0.0,17.469298608628037,0.019741393646169246,15.01944434268321,18.739037451665713,1.4797388595345642,0.697972416479126,0.0,0.009311743176236129,0.008174098391543554,0.0,0.0016378965056245685,-14.414398555327097,1.0,-0.055555555555555455,-0.0638224675077355,-0.07816791646684176,-0.015889120852375333,-0.03640337941363322,-0.04171626842588841,0.0,-0.20858429988635652,-0.047298571798040416,0.28387433044766813,Banks—Regional,Financial Services,CIZN
2016Q3,2016,Q3,2016-11-09,2016-09-30,1752290.0,8696775.0,0.0,0.36,8696775.0,1.0,1025126197.0,97071374.0,0.0,0.0,928054823.0,0.0,90492527.0,113230432.145,31332867.144999996,19.93629062087512,0.0,0.019509793095259277,0.2060339642457312,0.0,19.93629062087512,0.018051562760407616,13.01981851260956,16.15463652491882,1.1664657404045808,0.6688556117994168,0.0,0.010350830406609501,0.008483614042301175,0.0,0.0017093407671445939,12.12176835028319,1.0,0.0,0.07328540514296035,-0.15931277516252115,0.12445386086874549,0.03115014809605773,-0.015015713857705693,0.0,-0.1277955966129261,-0.05052107488856982,0.41162210811249844,Banks—Regional,Financial Services,CIZN
2016Q2,2016,Q2,2016-08-09,2016-06-30,1779003.0,8434053.0,0.0,0.36,8434053.0,1.0,1014585080.0,92884860.0,0.0,0.0,921700220.0,0.0,89912266.0,107030856.24,85239277.24,19.031567637209438,0.0,0.01971249173110253,0.21532034391826613,0.0,19.031567637209438,0.01915277688958136,12.69032293726397,15.04084819418517,1.152296038773165,0.658812267320516,0.0,0.010950384227254127,0.008312810001109025,0.0,0.0017534290963553299,13.867851335957186,1.0,0.16129032258064513,-0.048284271855320894,-0.09824543113173524,0.10555040273518493,-0.006956091109852055,0.16566503076328326,0.0,0.10664669366686437,-0.005549744630277875,0.26158433457644037,Banks—Regional,Financial Services,CIZN
2016Q1,2016,Q1,2016-05-10,2016-03-31,1526170.0,8493132.0,0.0,0.31,8493132.0,1.0,1002290690.0,88501563.0,0.0,0.0,913789127.0,0.0,89305292.0,104814198.5,97347594.5,18.153872583398137,0.0,0.019954290905365987,0.225984709445188,0.0,18.153872583398137,0.017244554200698127,12.34105374789889,17.169482839395346,1.1843203096876378,0.7667808959683391,0.0,0.011164880490881206,0.008473721331283641,0.0,0.0015226820075521204,137.37944686049224,1.0,-0.35416666666666663,-0.22517687315963283,-0.08004869025525171,0.1148196378980936,-0.10741105304941606,-0.3450777086452558,0.0,0.07718488396733812,0.05377541391044549,0.00511876560604432,Banks—Regional,Financial Services,CIZN
2015Q4,2015,Q4,2016-03-15,2015-12-31,2330307.0,9515166.0,0.0,0.48,9515166.0,1.0,973504542.0,86425336.0,0.0,0.0,887079206.0,0.0,88949360.0,115697004.08,78481537.08,17.718773154251238,0.0,0.02054433147164505,0.23141362157967196,0.0,17.718773154251238,0.02696323911312303,12.159220772396404,12.412206211456258,1.3386931360035441,0.5020784815047974,0.0,0.010112595475601014,0.009774136215586347,0.0,0.0023937299719347382,31.23501762380942,1.0,0.26315789473684204,0.35233671759333507,-0.02223841553254154,0.1236725743950029,0.06586111450273938,0.268911781954531,0.0,0.334659964355902,0.18750574774069143,-0.030726085641257245,Banks—Regional,Financial Services,CIZN
2015Q3,2015,Q3,2015-11-09,2015-09-30,1836461.0,8927210.0,0.0,0.38,8927210.0,1.0,960895192.0,84513124.0,491058447.0,0.0,876382068.0,0.0,87789049.0,108527399.2614,107103347.2614,17.326734751868432,0.0,0.020813924522165784,0.23664963562345653,0.0,17.326734751868432,0.021729891324334432,12.156922404805085,14.773986387595489,1.284148474518585,0.6127551851087499,0.0,0.010368819373341755,0.00929051375667618,0.0,0.001911198032095055,72.68746404981954,1.0,0.027027027027027053,0.022537552657712425,-0.016252591571346262,0.030107931210177876,0.03127757695787087,0.004306057081232668,0.0,0.12358087750503617,0.020496467156414972,-0.04715378726594193,Banks—Regional,Financial Services,CIZN
2015Q2,2015,Q2,2015-08-10,2015-06-30,1828587.0,8656457.0,0.0,0.37,8656457.0,1.0,927000266.0,82077023.0,474496847.0,0.0,844923243.0,0.0,87077889.0,101356818.92,91430182.92,16.827289531315927,0.0,0.021574966840408653,0.2436735552652781,0.0,16.827289531315927,0.02227891477009345,11.708810997386113,13.857259583492612,1.23489882083077,0.6144629705887661,0.0,0.011085578769859048,0.009338138636521168,0.0,0.001972585194490117,30.4850141481854,1.0,0.12121212121212115,0.06838366076781788,-0.04440246143496835,0.03402209870943427,0.04044241949226542,0.14749558531727355,0.0,0.03999638585426814,-0.06091938279538659,-0.07501145751520202,Banks—Regional,Financial Services,CIZN
2015Q1,2015,Q1,2015-05-11,2015-03-31,1593546.0,8319977.0,0.0,0.33,8319977.0,1.0,946063380.0,83542566.0,500146788.0,0.0,862520814.0,0.0,86372901.0,89330408.48,51850363.480000004,17.13302150031767,0.0,0.021140232697728984,0.23939891910909225,0.0,17.13302150031767,0.019074659497530875,10.736857623524681,14.014406938990152,1.0692801616842844,0.7039966213714571,0.0,0.012558444756817258,0.008794312490987655,0.0,0.0016843966627267616,62.714764250290656,1.0,-0.029411764705882377,-0.20068633190334612,-0.10273095890543903,0.06985945409154719,-0.02631154558957701,-0.04111099143312912,0.0,-0.04715550736189992,-0.0804631064211152,-0.02352700386178467,Banks—Regional,Financial Services,CIZN
2014Q4,2014,Q4,2015-03-13,2014-12-31,1661867.0,8544804.0,0.0,0.34,8544804.0,1.0,921060681.0,81857786.0,512108495.0,0.0,839202895.0,0.0,85901207.0,94626315.02,30739362.019999996,16.80818683094482,0.0,0.021714095946736,0.24432617808646817,0.0,16.80818683094482,0.02030188062990123,11.07413523118845,14.234941036196037,1.155984294762138,0.6750546223013033,0.0,0.011855592176054707,0.009277134695102678,0.0,0.0018042969744357159,39.87323123118821,1.0,-0.12820512820512817,-0.03173611683401525,-0.16250043009730686,0.08871160789753964,-0.041772715161443416,-0.12451296477752842,0.0,-0.07367779653684166,-0.06025912848393682,-0.0531320180817665,Banks—Regional,Financial Services,CIZN
2014Q3,2014,Q3,2014-11-10,2014-09-30,1898220.0,8917304.0,0.0,0.39,8917304.0,1.0,889893439.0,79593892.0,460602474.0,0.0,810299547.0,0.0,85361191.0,93408786.52,82927283.52,16.343332414805896,0.0,0.02640765620927339,0.29524878617570305,0.0,16.343332414805896,0.023848814931678425,10.475003041277946,12.302154982035802,1.1735672697095902,0.565306444985302,0.0,0.011487955683593436,0.010020642482790571,0.0,0.002133086858279444,28.18166792627476,1.0,-0.09302325581395345,0.09090599942257208,-0.1010842676504023,0.03212990235984757,-0.04580258941751214,-0.09285411506418818,0.0,0.16242108702371752,-0.13817819172483878,-0.07819746497640492,Banks—Regional,Financial Services,CIZN
2014Q2,2014,Q2,2014-08-11,2014-06-30,2092519.0,9345345.0,0.0,0.43,9345345.0,1.0,887833952.0,77633023.0,457678527.0,0.0,810200929.0,0.0,84536046.0,92629568.28,97070862.28,15.940699334758898,0.0,0.03773228082180845,0.43151739692012253,0.0,15.940699334758898,0.026953980653310384,9.911840416806442,11.066753549191189,1.1931722442394135,0.512814459510284,0.0,0.011584573046441494,0.01052600543034876,0.0,0.002356881030834919,59.77867542796517,1.0,0.16216216216216217,0.13317966129519646,0.004475949076204432,0.0843072772191189,0.06613050666880227,0.16435217257517862,0.0,0.12184076436200594,0.0013331754074035265,-0.07399921512680722,Banks—Regional,Financial Services,CIZN
2014Q1,2014,Q1,2014-05-12,2014-03-31,1797153.0,8765667.0,0.0,0.37,8765667.0,1.0,881619578.0,72969907.0,452818118.0,0.0,808649671.0,0.0,83516602.0,90451599.35000001,113203967.35000001,14.964818583387492,0.0,0.049341009530076474,0.5961361578821801,0.0,14.964818583387492,0.02462868700106744,10.318849592392684,12.58262364834825,1.2395739979495932,0.5970971864944165,0.0,0.011863527098595188,0.00994268641343625,0.0,0.0020384676620690927,140.08626396772422,1.0,-0.15909090909090912,-0.03799323774503571,0.049156174810433946,-0.0032228153131254205,-0.003686590585105742,-0.1531679049216217,0.0,-0.08779166488856538,-0.05072671772783047,-0.08101846822481767,Banks—Regional,Financial Services,CIZN
2013Q4,2013,Q4,2014-03-14,2013-12-31,2122207.0,8798102.0,0.0,0.44,8798102.0,1.0,873068899.0,66266202.0,453119686.0,0.0,806802697.0,0.0,82792524.0,90584120.4,107359825.4,13.606704483714344,0.0,0.03837039669878333,0.5055367440554387,0.0,13.606704483714344,0.03202548110422867,10.295870677562048,10.670980776144836,1.3669731728400552,0.5048640401242669,0.0,0.01182796714555281,0.010077213848846538,0.0,0.0024307440139383547,36.02287113640666,1.0,0.07317073170731714,0.02907745461382991,0.038538278963771135,-0.07547519886139668,-0.03966273538387012,0.05610653194410646,0.0,0.23346759377480275,-0.09453035689862634,-0.13710274841579853,Banks—Regional,Financial Services,CIZN
2013Q3,2013,Q3,2013-11-12,2013-09-30,2009463.0,9161471.0,0.0,0.41,9161471.0,1.0,871588286.0,68780453.0,440810888.0,0.0,802807833.0,0.0,81741743.0,88045816.9832,123734899.9832,14.122965704704242,0.0,0.0636768539590033,0.8069153019390553,0.0,14.122965704704242,0.029215611592438916,9.61044541681134,10.953898750959834,1.2800994053237773,0.5331897128735389,0.0,0.0121689483579264,0.010511236953453044,0.0,0.0023055185943607324,41.454355189691526,1.0,0.2424242424242423,-0.04775200230561279,0.055158905153116514,0.003070962141964181,0.08279089216507925,0.2529823961929086,0.0,0.12058775308057423,0.011116884428308917,-0.16036234218588863,Banks—Regional,Financial Services,CIZN
2013Q2,2013,Q2,2013-08-08,2013-06-30,1603744.0,8460979.0,0.0,0.33,8460979.0,1.0,866662471.0,73450710.0,425994117.0,0.0,793211761.0,0.0,80803705.0,90270833.58,110660279.58,15.08545018799637,0.0,0.05019255068216748,0.5922338939950342,0.0,15.08545018799637,0.02183428859979706,10.669076661223245,14.071889525385597,1.2289987881669215,0.6680773240616956,0.0,0.011869005275668355,0.009762715339729992,0.0,0.001850482804625793,23.574510926777624,1.0,0.13793103448275876,-0.35270520159834773,-0.060885434287206795,0.07330737982192875,0.05154314121485164,0.133831903091387,0.0,-0.06132260428846187,-0.06432469156712806,-0.07301239249855655,Banks—Regional,Financial Services,CIZN
2013Q1,2013,Q1,2013-05-10,2013-03-31,1414446.0,8046250.0,0.0,0.29,8046250.0,1.0,894636869.0,87903723.0,489425876.0,0.0,806733146.0,0.0,80271385.0,96851966.69999999,77736714.69999999,18.061420405828475,0.0,0.07656737875845356,0.7792616474276067,0.0,18.061420405828475,0.016090854308866986,12.036907466210966,17.1183570634722,1.101795958061981,0.7572540768611881,0.0,0.011059093960556612,0.008993872574236597,0.0,0.0015810280673778045,40.27959614754384,1.0,-0.19444444444444448,-0.1452244786145945,0.056441440020991406,0.2294565130280254,0.0075299441593315395,-0.187190156494136,0.0,-0.28918351767709255,-0.1306141594278186,0.12783266951128866,Banks—Regional,Financial Services,CIZN
2012Q4,2012,Q4,2013-03-15,2012-12-31,1740193.0,7986115.0,0.0,0.36,7986115.0,1.0,880839898.0,88868830.0,437357134.0,0.0,791971068.0,0.0,79928035.0,94554443.95,125264408.95,18.280460138013428,0.0,0.07776668626788293,0.7707989404158916,0.0,18.280460138013428,0.019581590080571556,11.839855042157545,13.58390189335321,1.0639775942813696,0.6145933238439645,0.0,0.011311060118607996,0.00906647736794502,0.0,0.0019756064682710365,49.944271019581144,1.0,0.09090909090909081,0.2191340715122162,0.08884598777353274,0.29271262692895966,-0.08404022136408143,0.0682308988964066,0.0,0.015714550677616974,-0.21585778512429887,0.1840747220469075,Banks—Regional,Financial Services,CIZN
2012Q3,2012,Q3,2012-11-09,2012-09-30,1629042.0,8718849.0,0.0,0.33,8718849.0,1.0,847897471.0,88400812.0,427056737.0,0.0,759496659.0,0.0,79257353.0,94797514.5,141015477.5,18.18418808860226,0.0,0.08078806971698115,0.7748797601542393,0.0,18.18418808860226,0.018427907653155946,10.872709746435568,14.548046413167985,1.072360223342745,0.6565269649278533,0.0,0.011282046851555375,0.010282904830128925,0.0,0.0019212723893122685,33.099968191074225,1.0,-0.08333333333333326,-0.06917621709789097,0.17657061324970813,0.33027643184046046,-0.05055193409699217,-0.06996810912092843,0.0,-0.062114428484614,-0.11951623383853392,0.14838539656571367,Banks—Regional,Financial Services,CIZN
2012Q2,2012,Q2,2012-08-09,2012-06-30,1751598.0,9183071.0,0.0,0.36,9183071.0,1.0,844689027.0,88396666.0,521873261.0,0.0,756292361.0,0.0,78697821.0,92323375.0,58502628.0,18.19188969207419,0.0,0.09293360928198728,0.8880425422379618,0.0,18.19188969207419,0.01981520434266152,10.05364926395538,13.177021068761212,1.044421460420238,0.61046598591686,0.0,0.011582018096717111,0.010871540539143288,0.0,0.0020736601802689215,26.197100150588092,1.0,0.058823529411764594,-0.05137898816723982,0.2691855971502394,0.3850089847022648,0.020568015114469883,0.0531708801165969,0.0,-0.04929701475934777,-0.010733729342246085,0.23743619807642963,Banks—Regional,Financial Services,CIZN
2012Q1,2012,Q1,2012-05-10,2012-03-31,1663166.0,8998000.0,0.0,0.34,8998000.0,1.0,845569776.0,85082569.0,438468343.0,0.0,760487207.0,0.0,78015514.0,94267748.16000001,146540650.16000003,17.54582212521581,0.0,0.0928368092475434,0.9226331659073435,0.0,17.54582212521581,0.019547670216680926,10.47652235607913,14.169924733911108,1.1079560627747382,0.6421307313882078,0.0,0.01132911330593515,0.010641345345342617,0.0,0.0019669175119617806,37.556662297501134,1.0,-0.07703792858098515,-0.09742126532199603,0.29094416020660435,0.2824950499172506,-0.006142191473035781,-0.06894858791567744,0.0,-0.1047710151166815,0.08294556184000361,0.1686927631988942,Banks—Regional,Financial Services,CIZN
2011Q4,2011,Q4,2012-03-14,2011-12-31,1786331.0,9053609.0,0.0,0.36837916803803705,9053609.0,1.0,853945454.0,86079217.0,455932594.0,0.0,767866237.0,0.0,77420318.0,84957353.28,114059117.28,17.751351985620616,0.0,0.08021589631882975,0.7957786140178297,0.0,17.751351985620616,0.020752175289884434,9.383810730063558,11.889923155339073,0.9869670780114088,0.5965641306118519,0.0,0.012543481627632929,0.010602092859200348,0.0,0.002091856091782649,35.447933508019425,1.0,0.11630050920617284,-0.17981880233066463,0.2492170663934145,0.2673054968725588,-0.11927157675971137,0.10107078708891626,0.0,-0.13004956223823938,0.07331575813568506,0.20613813462988057,Banks—Regional,Financial Services,CIZN
2011Q3,2011,Q3,2011-11-08,2011-09-30,1622358.0,10279683.0,0.0,0.33,10279683.0,1.0,826607265.0,85783838.0,486411740.0,0.0,740823427.0,0.0,76699648.0,89462219.38999999,103560183.38999999,17.729754251964128,0.0,0.08286885792130075,0.798518713979666,0.0,17.729754251964128,0.01891216385072442,8.70281888945408,13.785832009642753,1.042879655139701,0.6568587204550413,0.0,0.01191184398583251,0.012435994014642491,0.0,0.0019626708700654838,20.810950808422337,1.0,-0.13157894736842102,-0.2016475399382104,0.4481704766742942,0.31841753105144577,0.10796933675750967,-0.12507010837676458,0.0,-0.22615653513434317,0.19170496884880325,0.25923988119113456,Banks—Regional,Financial Services,CIZN
2011Q2,2011,Q2,2011-08-08,2011-06-30,1854272.0,9277949.0,0.0,0.38,9277949.0,1.0,845252681.0,83343242.0,472810881.0,0.0,761909439.0,0.0,76142950.0,94408041.0,154886794.0,17.214563524308275,0.0,0.1116825798036126,1.132665321562605,0.0,17.214563524308275,0.0222486185502599,10.175529203706551,12.728450976987194,1.1327618020906842,0.5747053290995064,0.0,0.011287809689854702,0.010976538978880802,0.0,0.002193748735355978,32.08266052707594,1.0,-0.050000000000000044,-0.0880945562153316,0.2770274017852176,0.33821429383714213,0.012576513901885402,-0.05146796283773069,0.0,-0.24733129095660739,0.03565066586421097,0.22479063208570305,Banks—Regional,Financial Services,CIZN
2011Q1,2011,Q1,2011-05-10,2011-03-31,1954886.0,9162714.0,0.0,0.4,9162714.0,1.0,832142576.0,78789334.0,466339993.0,0.0,753353242.0,0.0,75354338.0,98703584.39999999,159495943.39999998,16.284134191989892,0.0,0.10142492697068778,1.0712109839638955,0.0,16.284134191989892,0.024811556345938904,10.772308772269875,12.622677792976162,1.2527531251882391,0.5446205047250837,0.0,0.010786548497422147,0.011010990501223915,0.0,0.002349220021161374,68.46413837161151,1.0,0.13224163278869222,0.06324917857569573,0.3519835339826073,0.27370929870241373,-0.05082693962157237,0.14366230801587296,0.0,0.1883373623298632,0.21012058348952473,0.10847510281658776,Banks—Regional,Financial Services,CIZN
2010Q4,2010,Q4,2011-03-15,2010-12-31,1709321.0,9653365.0,0.0,0.35328148022150246,9653365.0,1.0,818232732.0,76295096.0,469339650.0,0.0,741937636.0,0.0,74464123.0,102235624.42999999,168516643.43,15.768626518086206,0.0,0.10314913679107132,1.1062309955019913,0.0,15.768626518086206,0.022404074306427244,10.59067220912086,14.952666063015664,1.3400025662199835,0.6227326523221793,0.0,0.010411732758856687,0.01179782306728839,0.0,0.002089040114322877,22.82984371249154,1.0,-0.045185188590533866,-0.14279339199879634,0.4628567094968053,0.2523533629687191,0.07238628086215575,-0.04054224722418524,0.0,0.20319844552121283,0.32241938057906416,0.11508695379437396,Banks—Regional,Financial Services,CIZN
2010Q3,2010,Q3,2010-11-08,2010-09-30,1781549.0,9001761.0,0.0,0.37,9001761.0,1.0,842833866.0,81383573.0,501487298.0,0.0,761450293.0,0.0,73819252.0,90913742.69,131798123.69,16.82031001500286,0.0,0.10013835870235428,1.0370643225506946,0.0,16.82031001500286,0.021890769037628762,10.099550820111753,12.757682035408513,1.1171018835705333,0.5703278439156038,0.0,0.011176165120213027,0.010680350378801698,0.0,0.002113760578291713,33.24004226953124,1.0,0.0571428571428572,-0.05587303110512964,0.24320598690448195,0.3061317014127694,0.002762850983278413,0.05037721743477994,0.0,0.02280429709147528,0.2205228129639983,0.23050101990714117,Banks—Regional,Financial Services,CIZN
2010Q2,2010,Q2,2010-08-09,2010-06-30,1696104.0,8976959.0,0.0,0.35,8976959.0,1.0,825723729.0,78660348.0,503242913.0,0.0,747063381.0,0.0,73053770.0,83621435.7,131075134.7,16.273626600744908,0.0,0.10463548153646436,1.0983933099304366,0.0,16.273626600744908,0.021562376001692748,9.315118371377212,12.325517141047955,1.0630697400423401,0.5990587841311618,0.0,0.012150783964595336,0.010871625320579833,0.0,0.0020540816987954093,40.95081221960659,1.0,-0.14634146341463414,-0.12275494738800317,0.2765362645529364,0.3169231475968786,-0.02301566632061579,-0.14145529589882752,0.0,-0.07658413351017151,0.2472484972165319,0.23896524425064405,Banks—Regional,Financial Services,CIZN
2010Q1,2010,Q1,2010-05-10,2010-03-31,1975557.0,9188437.0,0.0,0.41,9188437.0,1.0,849143713.0,77379030.0,537137133.0,0.0,771764683.0,0.0,72373733.0,119250773.72,158004432.72,16.014273122319494,0.0,0.10174956097213664,1.116581585476065,0.0,16.014273122319494,0.025530909343267807,12.978352435784236,15.09077866647229,1.5411252082120959,0.5133782523106142,0.0,0.008504833707673489,0.010820826745024726,0.0,0.002326528442423974,26.310090305351714,1.0,0.16337694422683696,0.07594457433235932,0.3270438839594482,0.3330921180732541,-0.09228981922232853,0.1601392244350981,0.0,0.07594453946733562,0.3229819914572096,0.1705479435974282,Banks—Regional,Financial Services,CIZN
2009Q4,2009,Q4,2010-03-15,2009-12-31,1702862.0,10122655.0,0.0,0.352422318522463,10122655.0,1.0,840003828.0,74597464.0,499879726.0,0.0,765406364.0,0.0,71412383.0,108185770.81,161987435.81,15.438603491519551,0.0,0.08857102494061492,0.9973529395047531,0.0,15.438603491519551,0.022827344371921274,10.68748967637443,15.882932793438343,1.4502607060475945,0.5969620556451433,0.0,0.009396281899079812,0.01205072484503011,0.0,0.0020272074283928143,191.6590267153259,1.0,0.006920910064179989,-0.16519114153592573,0.451613870044785,0.29579648564223293,0.021960223463867633,-0.019890976337916946,0.0,-0.2153460771665792,0.401720522461503,0.10219362923384488,Banks—Regional,Financial Services,CIZN
2009Q3,2009,Q3,2009-11-06,2009-09-30,1737421.0,9905136.0,0.0,0.35,9905136.0,1.0,819337672.0,77000090.0,499722038.0,0.0,742337582.0,0.0,70726065.0,128669264.64,177709681.64,15.834569250865348,0.0,0.09080505210799095,0.966232636870944,0.0,15.834569250865348,0.02256388271753968,12.990156282558866,18.514405063597138,1.6710274577601143,0.5605993020689861,0.0,0.007569772025394859,0.012089198798612057,0.0,0.0021205188768617976,51.83590666824588,1.0,-0.054054054054054106,-0.08387341284864591,0.45496621244179597,0.32537396424906784,0.06843072710647582,-0.05577357534889055,0.0,-0.14931099934889341,0.38841145391452214,0.17748804638261112,Banks—Regional,Financial Services,CIZN
2009Q2,2009,Q2,2009-08-10,2009-06-30,1840047.0,9270733.0,0.0,0.37,9270733.0,1.0,815893512.0,71343170.0,491285632.0,0.0,744550342.0,0.0,69962641.0,151409107.2,221419555.2,14.701274878133619,0.0,0.10957312282194002,1.2530982293049215,0.0,14.701274878133619,0.02579149482704511,16.331945618539546,20.57136410102568,2.1222649231874615,0.5273289214895054,0.0,0.006408531282852714,0.01136267523107844,0.0,0.002255253869453493,65.22276594232396,1.0,-0.026315789473684233,0.053243994823705086,0.348640497263315,0.3150370314583104,0.11526984448930033,-0.010005681561396373,0.0,-0.09721932450500541,0.2730318774559802,0.14283793206646686,Banks—Regional,Financial Services,CIZN
2009Q1,2009,Q1,2009-05-11,2009-03-31,1858644.0,8312547.0,0.0,0.38,8312547.0,1.0,787310435.0,72834139.0,491626265.0,0.0,714476296.0,0.0,69092904.0,116432136.0,177615569.0,15.013203365091575,0.0,0.10084967310257993,1.090148124082307,0.0,15.013203365091575,0.025518857303990373,14.006794307448727,15.660897944953417,1.5985928796384894,0.5222511680558515,0.0,0.008336865004348971,0.010558156770778733,0.0,0.0023607511311595913,54.563121573758444,1.0,-0.10260624098229457,0.1268229514982583,0.2640778288654231,0.27453187644893423,-0.014979806163341672,-0.09523865156462664,0.0,0.008209922270877251,0.22327054607812558,0.1742998739738817,Banks—Regional,Financial Services,CIZN
2008Q4,2008,Q4,2009-03-13,2008-12-31,2054292.0,8438961.0,0.0,0.4234484541278191,8438961.0,1.0,766047332.0,71399638.0,487061359.0,0.0,694647694.0,0.0,68204939.0,101878119.0,151432287.0,14.717511598344291,0.0,0.10364894789555902,1.1120504560541329,0.0,14.717511598344291,0.02877174251219593,12.072353338284179,12.39820324958672,1.4268716460439197,0.47211350674587643,0.0,0.009519796885924052,0.011016239659718572,0.0,0.0026816776381645307,93.56393423954022,1.0,-0.015236153191118314,0.1794356642537283,0.2683542604329886,0.2817325088558223,-0.02534034420116403,-0.023789259691696214,0.0,0.02746063223771609,0.27541985643336037,0.16887321312208894,Banks—Regional,Financial Services,CIZN
2008Q3,2008,Q3,2008-11-07,2008-09-30,2104353.0,8658367.0,0.0,0.43,8658367.0,1.0,695191104.0,68378886.0,468038803.0,0.0,626812218.0,0.0,67120505.0,79161748.7,141442552.7,14.079727394905312,0.0,0.11421319913783017,1.1611771505022763,0.0,14.079727394905312,0.03077489446084278,9.14280356792453,9.40452346873362,1.157692868819185,0.4384749136670511,0.0,0.011655957771938405,0.012454657359942282,0.0,0.0030270137058600794,95.3238044147096,1.0,-0.15686274509803924,0.14026883243751478,0.25389964041891033,0.28629190271281607,-0.038187065019708664,-0.14995419247884129,0.0,0.11103107725958306,0.19131493658679855,0.09331981879838896,Banks—Regional,Financial Services,CIZN
2008Q2,2008,Q2,2008-08-08,2008-06-30,2475576.0,9002132.0,0.0,0.51,9002132.0,1.0,693009429.0,68377815.0,463163105.0,0.0,624631614.0,0.0,65938859.0,94721160.6,153457417.6,14.055107112465006,0.0,0.13621748283600915,1.3805647343367142,0.0,14.055107112465006,0.03620437418188926,10.522080835961969,9.56556783148649,1.3852615881335195,0.37287322223191693,0.0,0.009745193092577036,0.012989912724549668,0.0,0.003572211136538519,36.65759033477506,1.0,0.5454545454545454,0.4134897850005376,0.36247832468757146,0.24243017690374186,0.19291080545078831,0.5099155497924426,0.0,0.2721407671125795,0.27186129005968607,0.13739219612618114,Banks—Regional,Financial Services,CIZN
2008Q1,2008,Q1,2008-05-12,2008-03-31,1639546.0,7546358.0,0.0,0.33,7546358.0,1.0,709470503.0,70840792.0,448067958.0,0.0,638629711.0,0.0,64386359.0,96395658.05999999,154407864.06,14.690572797361533,0.0,0.11896195774611365,1.1914039583295455,0.0,14.690572797361533,0.023144094718760343,12.773798706607874,14.698529053164716,1.36073659453158,0.5640439487516666,0.0,0.009593544134782372,0.010636605705367853,0.0,0.002310943151360304,65.23454911015796,1.0,0.12390688233374733,0.09677422030638533,0.22343520767860064,0.3229112021943984,0.03725601208141125,0.15796469489775306,0.0,-0.10526317335132346,0.09207488349693391,0.22290201100975734,Banks—Regional,Financial Services,CIZN
2007Q4,2007,Q4,2008-03-12,2007-12-31,1415886.0,7275309.0,0.0,0.2936186308555815,7275309.0,1.0,680903631.0,68191432.0,417679397.0,0.0,612712199.0,0.0,63671589.0,87860374.67999999,118025378.67999999,14.141163130309565,0.0,0.07255064850726284,0.7244311866042057,0.0,14.141163130309565,0.0207634003051879,12.076514506806515,15.513320754637025,1.2884371555652328,0.652297571979665,0.0,0.010511894621025763,0.010684785142524817,0.0,0.0020794220144201288,57.709290315376705,1.0,-0.18439269206782918,0.020393972016744713,0.1309288991344967,0.288867038633555,-0.017214164321026494,-0.1901360234879463,0.0,-0.3044837935463811,0.045392762596975375,0.18689941724418865,Banks—Regional,Financial Services,CIZN
2007Q3,2007,Q3,2007-11-09,2007-09-30,1748301.0,7402741.0,0.0,0.36,7402741.0,1.0,641543835.0,66384357.0,399994065.0,0.0,575159478.0,0.0,63316611.0,102275615.52,144049530.51999998,13.669480758554911,0.0,0.09149803458091059,0.8842444613871909,0.0,13.669480758554911,0.026336038774918014,13.815911635973755,14.62500100383172,1.540658374080508,0.4837805389346571,0.0,0.008269752234682029,0.011538948075153743,0.0,0.002725146598906994,1312.7236913914594,1.0,-0.027027027027027053,0.05882335587338689,0.15187758890143885,0.2374991854763639,0.015629692546899575,-0.06010325256881489,0.0,-0.07692312599489232,0.08882043792517276,0.1441532519870843,Banks—Regional,Financial Services,CIZN
2007Q2,2007,Q2,2007-08-08,2007-06-30,1860099.0,7288819.0,0.0,0.37,7288819.0,1.0,632389187.0,64295067.0,407838351.0,0.0,568094120.0,0.0,62554773.0,106906734.48,137293270.48000002,13.134853198071418,0.0,0.07811645267742379,0.7683326622865172,0.0,13.134853198071418,0.028930664307418794,14.667223109806953,14.368419971195081,1.6627517392586277,0.4858026373865047,0.0,0.008452610627341277,0.011525843815542659,0.0,0.0029413833098952086,36.44346913153082,1.0,0.0,0.1515151411844432,0.20227963797874315,0.2644107597734782,0.01957523963900349,-0.01579355622482735,0.0,0.055555588138519345,0.05119736481516906,0.1749197604572224,Banks—Regional,Financial Services,CIZN
2007Q1,2007,Q1,2007-05-10,2007-03-31,1889948.0,7148878.0,0.0,0.37,7148878.0,1.0,643605844.0,68043125.0,445005250.0,0.0,575562719.0,0.0,63846148.0,108622266.48,140272290.48000002,13.681005728909367,0.0,0.09229251187470572,0.8729757782288806,0.0,13.681005728909367,0.027775737813335293,15.194309719651113,14.368419988274809,1.5963738655448292,0.4781300861187715,0.0,0.008319113836262866,0.011107540533768055,0.0,0.002936499128494551,57.484629707639975,1.0,-0.17621008605372726,0.22580659000899564,0.2861907528312814,0.38677799656385226,-0.038266584836989526,-0.15394543111247597,0.0,0.11764716833583341,0.06040796866928209,0.16143620247757273,Banks—Regional,Financial Services,CIZN
