Quarters,Year,Quarter,FillingDate,Date,NetIncome,Revenue,OperatingIncome,EPSDiluted,GrossProfit,GrossProfitRatio,TotalAssets,CommonStockEquity,CurrentAssets,CurrentLiability,TotalLiability,Inventory,RetainedEarnings,MarketCap,EnterpriseValue,bookValuePerShare,currentRatio,debtToAssets,debtToEquity,roic,shareholdersEquityPerShare,roe,priceToSalesRatio,peRatio,pbRatio,payoutRatio,inventoryTurnover,dividendYield,assetTurnover,quickRatio,returnOnAssets,priceToFreeCashFlowsRatio,grossProfitMargin,epsdilutedGrowth,fiveYNetIncomeGrowthPerShare,fiveYRevenueGrowthPerShare,fiveYShareholdersEquityGrowthPerShare,grossProfitGrowth,netIncomeGrowth,operatingIncomeGrowth,threeYNetIncomeGrowthPerShare,threeYRevenueGrowthPerShare,threeYShareholdersEquityGrowthPerShare,Industry,Sector,Symbol
2023Q1,2023,Q1,2023-04-20,2023-03-31,112400000.0,1302000000.0,205400000.0,0.91,721600000.0,0.5542242704,11583900000.0,4064000000.0,1383600000.0,1792100000.0,7501700000.0,163700000.0,5320300000.0,24868184000.0,30438684000.0,33.1484502446982,0.772055130852073,0.5009539101684234,1.4279035433070866,0.01552374571285615,33.1484502446982,0.02765748031496063,19.09998771121352,55.31179715302491,6.119139763779528,0.4261565836298932,3.545510079413561,0.001926155926785808,0.11239737912102142,0.6428212711344233,0.009703122437175735,-3360.5654054054053,0.5542242703533026,0.03409090909090912,0.21231764285727106,0.4745434156292912,0.21673549314829582,0.09532483302975106,0.038817005545286505,0.16638273708120385,-0.012360953757979123,0.34481065585454324,0.684855233472404,Consulting Services,Industrials,EFX
2022Q4,2022,Q4,2023-02-23,2022-12-31,108200000.0,1198000000.0,176100000.0,0.88,658800000.0,0.5499165275,11547900000.0,3956500000.0,1370500000.0,2015200000.0,7574600000.0,134300000.0,5256000000.0,23809100000.0,29311200000.0,32.29795918367347,0.6800813815005955,0.5011560543475437,1.462732212814356,0.013954477623290443,32.29795918367347,0.027347403007708833,19.87404006677796,55.01178373382625,6.017717679767472,0.4417744916820702,4.014892032762472,0.002007635735916099,0.10374180586946545,0.5671397379912664,0.00936966894413703,140.63260484347313,0.5499165275459098,-0.3432835820895523,-0.3838160777950182,0.40208365789063716,0.2229758990289664,-0.06127101738387005,-0.34701267350633674,-0.2750102923013586,10.626459627329192,0.30747247894521024,0.5168241903136808,Consulting Services,Industrials,EFX
2022Q3,2022,Q3,2022-10-20,2022-09-30,165700000.0,1244300000.0,242900000.0,1.34,701800000.0,0.5640118942,11308000000.0,3759000000.0,1294900000.0,2018700000.0,7532400000.0,141200000.0,5195800000.0,20983032000.0,26623432000.0,30.71078431372549,0.6414524198741764,0.5201715599575522,1.564804469273743,0.019139350997797996,30.71078431372549,0.044080872572492685,16.863322349915617,31.65816535908268,5.582078212290503,0.2872661436330718,3.842067988668555,0.0022684996143550653,0.11003714184648036,0.5383167384950711,0.014653342766183233,103.92784546805349,0.564011894237724,-0.17791411042944774,0.6883318401780928,0.46252820526070204,0.18964172238370258,-0.09398399173767105,-0.17397806580259223,-0.2025607353906763,1.0197871585954565,0.4046680489408661,0.4770668979890232,Consulting Services,Industrials,EFX
2022Q2,2022,Q2,2022-07-21,2022-06-30,200600000.0,1316700000.0,304600000.0,1.63,774600000.0,0.5882889041,11221200000.0,3805000000.0,1353300000.0,2633200000.0,7400200000.0,153900000.0,5078100000.0,22372272000.0,27833872000.0,31.086601307189543,0.5139374145526355,0.5066481303247424,1.4941392904073587,0.024411587313381188,31.086601307189543,0.05272010512483574,16.99116883116883,27.88169491525424,5.8797035479632065,0.2382851445663011,3.5224171539961016,0.0021365733440036846,0.1173403914019891,0.42400881057268724,0.017876875913449542,192.2016494845361,0.5882889040783778,-0.09444444444444453,0.19200927045546154,0.5105749490177769,0.23790736089205622,-0.04346752284514695,-0.09964093357271095,-0.08363417569193743,1.963739188290086,0.47669117647058834,0.4764730038171334,Consulting Services,Industrials,EFX
2022Q1,2022,Q1,2022-04-21,2022-03-31,222800000.0,1363200000.0,332400000.0,1.8,809800000.0,0.5940434272,11391700000.0,3834100000.0,1264200000.0,2343400000.0,7540600000.0,147700000.0,4925500000.0,28973620000.0,34586720000.0,31.375613747954173,0.5394725612358112,0.5103715863303985,1.5163923736991731,0.025266590162321644,31.375613747954173,0.05811011710701338,21.25412265258216,32.51079443447038,7.5568242873164495,0.21499102333931777,3.746784021665538,0.001653228005337269,0.11966607266694172,0.45135273534181103,0.019558099317924453,-81.6158309859155,0.594043427230047,0.8181818181818182,0.4271941989808501,0.608577190347121,0.3036507218429074,0.11312714776632303,0.8113821138211382,0.8907849829351536,1.3958718098870355,0.5913801864760833,0.47832946066208726,Consulting Services,Industrials,EFX
2021Q4,2021,Q4,2022-02-24,2021-12-31,123000000.0,1253200000.0,175800000.0,0.99,727500000.0,0.5805138845,11040900000.0,3584400000.0,1120900000.0,2291300000.0,7439700000.0,0.0,4751600000.0,35720380000.0,40790580000.0,29.380327868852458,0.48919827172347574,0.47957141175085366,1.477206784957036,0.0176212701608155,29.380327868852458,0.03431536658855038,28.50333546121928,72.60239837398375,9.965511661644907,0.3853658536585366,0.0,0.001326973565230829,0.11350523960908984,0.41561558940339544,0.011140396163356249,143.34020866773676,0.5805138844557932,-0.40361445783132527,-0.0180327868852459,0.536139447603807,0.32187752232265165,-0.008720534132715629,-0.4011684518013632,-0.35651537335285505,3.7534900102459012,0.4843124979147573,0.14106621203761233,Consulting Services,Industrials,EFX
2021Q3,2021,Q3,2021-10-21,2021-09-30,205400000.0,1222900000.0,273200000.0,1.66,733900000.0,0.6001308365361027,11083300000.0,3539200000.0,2890300000.0,1886900000.0,7528200000.0,0.0,4677400000.0,30891898000.0,34336398000.0,29.03363412633306,1.5317716890137263,0.4935353189032147,1.5455470162748643,0.023606079505899706,29.03363412633306,0.05803571428571429,25.261180799738327,37.59968111002921,8.728497400542496,0.2317429406037001,0.0,0.0015408570881594909,0.11033717394638781,1.4415708304626635,0.018532386563568613,102.63089036544851,0.6001308365361027,-0.045977011494252915,0.5162351621415934,0.49088821757320644,0.26343515461811323,-0.023809523809523808,-0.04509530450953045,-0.10718954248366012,4.28752649029259,0.4491191670916553,0.09861922192593305,Consulting Services,Industrials,EFX
2021Q2,2021,Q2,2021-07-22,2021-06-30,215100000.0,1234800000.0,306000000.0,1.74,751800000.0,0.608843537414966,9340300000.0,3460500000.0,1329500000.0,1875200000.0,5841700000.0,0.0,4505700000.0,29172318000.0,32595818000.0,28.411330049261085,0.7089910409556314,0.41557551684635397,1.12168761739633,0.03247261381813247,28.411330049261085,0.062158647594278284,23.62513605442177,33.905529986053,8.430087559601214,0.22082752208275222,0.0,0.0016282559377009398,0.13220132115670802,0.6143877986348123,0.023029238889543162,102.28723001402524,0.608843537414966,0.06097560975609762,0.6081617600018062,0.4895123620243372,0.33253218251895394,0.03028641907633274,0.06696428571428571,-0.0019569471624266144,0.46720293661377665,0.39080066535326236,0.06059796590520342,Consulting Services,Industrials,EFX
2021Q1,2021,Q1,2021-04-22,2021-03-31,201600000.0,1213000000.0,306600000.0,1.64,729700000.0,0.6015663643858202,9669400000.0,3318000000.0,1665000000.0,2341700000.0,6312400000.0,0.0,4342000000.0,22061634000.0,25675434000.0,27.24137931034483,0.7110219071614639,0.45294433987631083,1.3199819168173599,0.030098782317841005,27.24137931034483,0.060759493670886074,18.187661995053585,27.358177083333334,6.649075949367088,0.23561507936507936,0.0,0.002153059016390173,0.12544728731875815,0.6297561600546612,0.020849277100957662,725.7116447368421,0.6015663643858202,1.688524590163934,0.9259009085075484,0.6244997291080043,0.3011200346033713,0.14462745098039215,1.3066361556064072,0.8099173553719008,1.1886878343006715,0.3827719550017231,-8.739942484848889e-05,Consulting Services,Industrials,EFX
2020Q4,2020,Q4,2021-02-25,2020-12-31,87400000.0,1118400000.0,169400000.0,0.61,637500000.0,0.5700107296137339,9611800000.0,3168400000.0,2478300000.0,2483100000.0,6401500000.0,0.0,4185400000.0,23468628000.0,26162428000.0,26.034511092851275,0.9980669324634529,0.4555234191306519,1.3818962252240878,0.018222777324691058,26.034511092851275,0.02758490089635147,20.984109442060085,67.12994279176202,7.407091276353995,0.5423340961098398,0.0,0.0020197175565610397,0.11635697788135417,0.9323829084611976,0.009092989866622277,126.58375404530744,0.5700107296137339,-0.6648351648351648,-0.23884087726525405,0.6357670506782017,0.3361430679008877,0.003778932451582428,-0.6101694915254238,-0.17123287671232876,-0.4989973250874748,0.31752777133107946,-0.014192214793118977,Consulting Services,Industrials,EFX
2020Q3,2020,Q3,2020-10-22,2020-09-30,224200000.0,1068300000.0,204400000.0,1.82,635100000.0,0.5944959281100815,9249800000.0,2929000000.0,2311600000.0,2391000000.0,6283000000.0,0.0,4423100000.0,19063350000.0,21905150000.0,24.106995884773664,0.9667921371810958,0.4732426647062639,1.494503243427791,0.020953666945477855,24.106995884773664,0.07654489586889723,17.84456613310868,21.257080731489744,6.508484124274497,0.211864406779661,0.0,0.002491692173726024,0.11549438906787174,0.8956503554997909,0.024238361910527795,76.16200559328806,0.5944959281100815,1.3333333333333333,0.8530930515851824,0.5598486109723748,0.28114740911046365,0.1074106364428945,1.337851929092805,0.22541966426858512,1.301314906691623,0.26496211112885765,-0.06616881506859855,Consulting Services,Industrials,EFX
2020Q2,2020,Q2,2020-07-23,2020-06-30,95900000.0,982800000.0,166800000.0,0.78,573500000.0,0.5835368335368335,8832800000.0,2694100000.0,2104900000.0,1656400000.0,6098500000.0,0.0,4248000000.0,20866232000.0,23894632000.0,22.19192751235585,1.2707679304515818,0.4954034960601395,1.6242158791433132,0.018478282408797293,22.19192751235585,0.035596303032552616,21.23141229141229,54.395808133472364,7.745158680078689,0.4932221063607925,0.0,0.002266820382328731,0.11126709537179603,1.1711543105530065,0.010857259306222262,142.52890710382513,0.5835368335368335,-0.15217391304347827,-0.15596271724772545,0.4159157273193073,0.2142289181423711,0.0546156675248253,-0.1483126110124334,0.22737306843267108,-0.4254470715493765,0.1367980540632429,-0.11628967900151983,Consulting Services,Industrials,EFX
2020Q1,2020,Q1,2020-04-21,2020-03-31,112600000.0,957900000.0,135900000.0,0.92,543800000.0,0.5677001774715523,7622800000.0,2386500000.0,1149000000.0,1143800000.0,5193000000.0,0.0,4196900000.0,14489285000.0,17627585000.0,19.674361088211047,1.004546249344291,0.46022458938972555,1.4700188560653678,0.017539884778527613,19.674361088211047,0.04718206578671695,15.126093537947593,32.16981571936057,6.071353446469725,0.4200710479573712,0.0,0.0032644813046330446,0.12566248622553391,0.8527714635425774,0.014771475048538594,-253.30917832167833,0.5677001774715523,12.142857142857142,0.2552239377300834,0.4466029388588946,0.09398719970772552,0.03977055449330784,11.23913043478261,1.8853503184713376,-0.27336438420696857,0.13870940323852815,-0.18253407756472223,Consulting Services,Industrials,EFX
2019Q4,2019,Q4,2020-02-20,2019-12-31,9200000.0,905800000.0,47100000.0,0.07,523000000.0,0.5773901523515125,7909000000.0,2578600000.0,1209400000.0,1359100000.0,5286100000.0,0.0,4131800000.0,16968532000.0,19949832000.0,21.293146160198184,0.8898535795747186,0.42768997344797066,1.311797099201117,0.0035703687191116214,21.293146160198184,0.0035678275032963625,18.733199381761978,461.10141304347826,6.580521213061351,5.141304347826087,0.0,0.002787512791324553,0.11452775319256543,0.6867780148627768,0.0011632317612846124,124.03897660818714,0.5773901523515125,-0.893939393939394,-0.9074403006454439,0.4298501329868456,0.1555845877585852,0.04349561053471668,-0.8865598027127004,-0.6126644736842105,-0.926006189871973,0.11855735935343238,-0.041980354530460624,Consulting Services,Industrials,EFX
2019Q3,2019,Q3,2019-10-24,2019-09-30,81100000.0,875700000.0,121600000.0,0.66,501200000.0,0.5723421262989609,7430700000.0,2515800000.0,853000000.0,1491800000.0,4871600000.0,0.0,4170400000.0,17021069999.999998,20060270000.0,20.791735537190082,0.5717924654779462,0.4315474988897412,1.2746243739565943,0.01816663158109182,20.791735537190082,0.03223626679386279,19.43710174717369,52.469389642416765,6.765668972096351,0.5819975339087546,0.0,0.0027730336576960203,0.11784892405829868,0.4585735353264513,0.010914180359858425,-64.94112933994658,0.5723421262989609,0.19999999999999996,-0.12441181452655423,0.42879641181653816,0.07878285070853429,-0.003776585171934009,0.21407185628742514,0.06854130052724078,-0.39687780045803056,0.07554311015549445,-0.09522144252058741,Consulting Services,Industrials,EFX
2019Q2,2019,Q2,2019-07-25,2019-06-30,66800000.0,880000000.0,113800000.0,0.55,503100000.0,0.5717045454545454,7473500000.0,2543400000.0,813800000.0,1497900000.0,4885600000.0,0.0,4135500000.0,16408264000.000002,19138064000.0,21.054635761589402,0.5432939448561319,0.38343480297049576,1.1266808209483368,0.016145666502562314,21.054635761589402,0.026264055988047496,18.645754545454547,61.408173652694614,6.4513108437524584,0.7050898203592815,0.0,0.0028705047651598,0.1177493811467184,0.42619667534548367,0.008938248477955442,133.07594484995946,0.5717045454545454,1.1195652173913042,-0.2730218086321077,0.44769786912250303,0.0688521816386098,0.09703445268207589,1.1201654973916173,1.184172196148244,-0.49644589925072974,0.07031230230608546,-0.012507344961063599,Consulting Services,Industrials,EFX
2019Q1,2019,Q1,2019-05-10,2019-03-31,-555900000.0,846100000.0,-617900000.0,-4.6,458600000.0,0.5420163101288263,7335700000.0,2561700000.0,864700000.0,1523000000.0,4724800000.0,0.0,4115400000.0,14426064000.0,17019464000.0,21.223695111847555,0.5677609980302035,0.3716891366877053,1.06437131592302,-0.10082127854228676,21.223695111847555,-0.2170043330600773,17.0500697317102,-6.487706422018349,5.631441620798689,-0.08472746896923908,0.0,0.0032649238212169307,0.11534004934771051,0.42495075508864083,-0.07578008915304606,-172.14873508353222,0.5420163101288263,-22.68828125,-7.697107555943527,0.46315299333868654,0.09939317410215755,-0.009717123731375513,-22.71484375,-14.403470715835141,-6.358954904746796,0.1434588908287177,0.013699585609893967,Consulting Services,Industrials,EFX
2018Q4,2018,Q4,2019-02-21,2018-12-31,25600000.0,835300000.0,46100000.0,0.212096106048053,463100000.0,0.5544115886507841,7153200000.0,3107800000.0,902300000.0,826800000.0,3997500000.0,0.0,4717800000.0,11240791000.0,13652691000.0,25.748135874067938,1.091315916787615,0.36843650394229155,0.8480275435999742,0.008572562812320442,25.748135874067938,0.008237338310058562,13.45719023105471,109.773349609375,3.616960872643027,1.83984375,0.0,0.004190096586619216,0.11677291282223341,0.8378084179970973,0.003578817871721747,220.40766666666667,0.5544115886507841,-0.33719966859983436,-0.6631902774882287,0.45706570502377736,0.3631168555054873,0.012240437158469945,-0.3333333333333333,-0.28081123244929795,-0.7752046632949142,0.2318280439494414,0.3214457201369413,Consulting Services,Industrials,EFX
2018Q3,2018,Q3,2018-10-25,2018-09-30,38400000.0,834200000.0,64100000.0,0.32,457500000.0,0.5484296331814913,7134000000.0,3184500000.0,887500000.0,744200000.0,3892500000.0,0.0,4740100000.0,15760194999.999998,18139295000.0,26.42738589211618,1.192555764579414,0.3690075693860387,0.8266603862458785,0.01127569153763428,26.42738589211618,0.012058407913330193,18.892585710860704,102.60543619791667,4.949032815198619,1.2213541666666667,0.0,0.002975851504375422,0.11693299691617606,0.9692287019618382,0.005382674516400336,249.37017405063287,0.5484296331814913,-0.7310924369747899,-0.5359216836037469,0.4717047268084614,0.47818312993621337,-0.13401476433844406,-0.7348066298342542,-0.668904958677686,-0.6799763496035391,0.22814215566196686,0.4044627180872373,Consulting Services,Industrials,EFX
2018Q2,2018,Q2,2018-07-26,2018-06-30,144800000.0,876900000.0,193600000.0,1.19,528300000.0,0.6024632227163873,7116900000.0,3222600000.0,948800000.0,677600000.0,3837200000.0,0.0,4748300000.0,15050733000.0,17355733000.0,26.788029925187033,1.4002361275088548,0.3698801444449128,0.8168559548190901,0.02851775039648652,26.788029925187033,0.044932663067088686,17.1635682517961,25.98538156077348,4.670369577359896,0.324585635359116,0.0,0.0031227714955809793,0.1232137587994773,1.181965761511216,0.02034593713555059,87.14958309206718,0.6024632227163873,0.5866666666666666,0.6093100581878638,0.502815630883602,0.5462250731992705,0.010327022375215147,0.592959295929593,0.34257975034674065,0.2860701100102596,0.2748978460793893,0.4657041654951014,Consulting Services,Industrials,EFX
2018Q1,2018,Q1,2018-04-26,2018-03-31,90900000.0,865700000.0,144200000.0,0.75,522900000.0,0.6040198683146587,7196100000.0,3274700000.0,917400000.0,1538900000.0,3859200000.0,0.0,4653100000.0,14160762000.0,16539562000.0,27.24376039933444,0.5961401000714797,0.36521171189950113,0.802546798179986,0.018599416609682923,27.24376039933444,0.027758267932940422,16.35758576874206,38.945990099009904,4.324292912327847,0.5159515951595159,0.0,0.003311968663833203,0.12030127430135767,0.4787835466891936,0.012631842247884271,223.35586750788644,0.6040198683146587,-0.4767846778874057,-0.09864617329179362,0.5319693714359562,0.6263924340449839,0.006351039260969977,-0.4724318049912943,-0.24423480083857443,0.022593525701784297,0.3193284282766934,0.5148814751923496,Consulting Services,Industrials,EFX
2017Q4,2017,Q4,2018-03-01,2017-12-31,172300000.0,838400000.0,190800000.0,1.4334442595673877,519600000.0,0.6197519083969466,7233400000.0,3174400000.0,998400000.0,1673500000.0,3994400000.0,0.0,4600600000.0,14173984000.0,16541884000.0,26.409317803660567,0.5965939647445474,0.37386291370586444,0.8519090221774194,0.032870569326976316,26.409317803660567,0.05427797379032258,16.905992366412214,20.565850261172372,4.465090725806451,0.2710388856645386,0.0,0.003294768782016404,0.11590676583625957,0.4668060950104571,0.023820056958000387,96.68474761255116,0.6197519083969466,0.8144864045156807,2.730670265180782,0.5059890924192819,0.6461425591460265,-0.03330232558139535,0.7892004153686397,0.24787442773054283,0.7464616795137357,0.33336530054775815,0.43324055531888184,Consulting Services,Industrials,EFX
2017Q3,2017,Q3,2017-11-09,2017-09-30,96300000.0,834800000.0,152900000.0,0.79,537500000.0,0.6438667944417824,7115700000.0,3100400000.0,899300000.0,1336300000.0,3950000000.0,0.0,4424700000.0,12729399000.0,15120499000.0,25.815154038301415,0.6729776247848537,0.38035611394521973,0.8729518771771384,0.019457645721671885,25.815154038301415,0.0310605083215069,15.248441542884523,33.04620716510903,4.10572797058444,0.48598130841121495,0.0,0.003676528640511622,0.11731804320024734,0.5789867544713013,0.013533454192841183,57.33963513513513,0.6438667944417824,-0.41911764705882354,0.23208302024735486,0.5297290867648902,0.6624025922017858,-0.0452930728241563,-0.41777509068923824,-0.42105263157894735,0.04748470126027663,0.37227074383997477,0.3394238020729655,Consulting Services,Industrials,EFX
2017Q2,2017,Q2,2017-07-27,2017-06-30,165400000.0,856700000.0,264100000.0,1.36,563000000.0,0.6571728726508697,7058300000.0,3021000000.0,1000700000.0,1343400000.0,3976900000.0,0.0,4376300000.0,16531625999.999998,18960026000.0,25.112219451371573,0.7449009974691082,0.4012722610260261,0.9375372393247269,0.03117100719066473,25.112219451371573,0.05475008275405495,19.296867047974786,24.987342805320434,5.472236345580932,0.2841596130592503,0.0,0.002843035524757214,0.12137483530028477,0.6448563346732172,0.023433404644177775,94.03655290102388,0.6571728726508697,0.07936507936507943,1.1649214659685863,0.5989175065322881,0.6734060820916193,0.05946556266465939,0.07893020221787345,0.21817343173431733,0.807514260326196,0.4152244950960818,0.2748380380606407,Consulting Services,Industrials,EFX
2017Q1,2017,Q1,2017-04-27,2017-03-31,153300000.0,832200000.0,216800000.0,1.26,531400000.0,0.6385484258591685,6789000000.0,2888100000.0,705200000.0,1201300000.0,3836800000.0,0.0,4255900000.0,16408800000.000002,18954800000.0,24.0675,0.5870307167235495,0.3931654146413316,0.9242062255462068,0.03097816044065689,24.0675,0.05307987950555729,19.71737563085797,26.759295499021526,5.681520722966657,0.3059360730593607,0.0,0.0028582224172395295,0.12258064516129032,0.4852243402980105,0.02258064516129032,307.28089887640454,0.6385484258591685,0.24752475247524752,1.1440559440559441,0.5921178496269371,0.6022746185852981,0.03224553224553225,0.24634146341463414,0.06326630701324179,0.8576281287246723,0.44751069289991424,0.24670304008152158,Consulting Services,Industrials,EFX
2016Q4,2016,Q4,2017-02-22,2016-12-31,123000000.0,801100000.0,203900000.0,1.01,514800000.0,0.6426164024466359,6664000000.0,2662700000.0,672900000.0,1259600000.0,3942700000.0,0.0,4153200000.0,14163954000.0,16706854000.0,22.226210350584306,0.5342172118132741,0.4009903961584634,1.0035678071130807,0.026121899528815162,22.226210350584306,0.046193713148308106,17.680631631506678,28.788524390243907,5.319395350583994,0.32113821138211385,0.0,0.002788769294223915,0.12021308523409363,0.44664973007303904,0.01845738295318127,61.90539335664336,0.6426164024466359,-0.0733944954128441,0.6559857827562064,0.5743327362358888,0.5666971581708862,-0.0025188916876574307,-0.07379518072289157,-0.03866100895803866,0.6304227166964497,0.4079065801111909,0.17666467627294666,Consulting Services,Industrials,EFX
2016Q3,2016,Q3,2016-10-27,2016-09-30,132800000.0,804100000.0,212100000.0,1.09,516100000.0,0.6418355925879866,6806600000.0,2746100000.0,661800000.0,1297700000.0,4019200000.0,0.0,4081900000.0,16082310000.000002,18813810000.0,22.97991631799163,0.5099791939585421,0.4176828372462022,1.0352864061760314,0.02691536201575769,22.97991631799163,0.04835949164269327,20.000385524188538,30.27543298192771,5.856418193073814,0.29743975903614456,0.0,0.0024561148243007376,0.1181353392295713,0.42220852277105647,0.01951047512708254,81.7190548780488,0.6418355925879866,0.009259259259259267,1.0293250864107695,0.6712406233149268,0.5848218150339055,-0.017887725975261656,0.014514896867838044,-0.06025697828976517,0.6183679502918851,0.4304731252011587,0.28535318503577856,Consulting Services,Industrials,EFX
2016Q2,2016,Q2,2016-07-28,2016-06-30,130900000.0,811300000.0,225700000.0,1.08,525500000.0,0.6477258720571921,6640800000.0,2541500000.0,627200000.0,961900000.0,4057400000.0,0.0,3988300000.0,15305280000.0,18154680000.0,21.321308724832214,0.6520428318952074,0.443651367305144,1.1592366712571316,0.02717371797314214,21.321308724832214,0.05150501672240803,18.86513003821028,29.230863254392666,6.022144402911667,0.3009931245225363,0.0,0.0025742750214305127,0.12216901578123118,0.5351907682711301,0.01971148054451271,104.40163710777627,0.6477258720571921,0.27058823529411774,2.908792918976753,0.7158742537328857,0.4673859280442728,0.10631578947368421,0.2820763956904995,0.28093076049943244,0.46825058400385644,0.4032223112909257,0.23068184692300608,Consulting Services,Industrials,EFX
2016Q1,2016,Q1,2016-04-29,2016-03-31,102100000.0,728300000.0,176200000.0,0.85,475000000.0,0.6522037621859124,6732900000.0,2487300000.0,630100000.0,1729400000.0,4200100000.0,0.0,3896200000.0,13577652000.0,16550052000.0,20.93686868686869,0.3643460159592922,0.4558511191314292,1.2339484581674909,0.02108549598516304,20.93686868686869,0.04104852651469465,18.642938349581218,33.24596474045054,5.458791460619949,0.38393731635651324,0.0,0.002887097121063347,0.10817032779337284,0.3015496704059211,0.015164342259650373,271.01101796407187,0.6522037621859124,-0.08602150537634416,0.8418448592968664,0.5929367023315394,0.4686664427896007,0.0763652843870383,-0.08757819481680071,-0.00395703787450537,0.02434250184002902,0.3040102406827914,0.2498849030308035,Consulting Services,Industrials,EFX
2015Q4,2015,Q4,2016-02-24,2015-12-31,111900000.0,666300000.0,176900000.0,0.93,441300000.0,0.6623142728500675,4509000000.0,2310900000.0,561600000.0,603800000.0,2158600000.0,0.0,3834400000.0,13208482000.0,14310382000.0,19.484822934232714,0.9301093077177873,0.2650698602794411,0.5172010904842269,0.03399765128658891,19.484822934232714,0.048422692457484096,19.82362599429686,29.509566577301165,5.715730667705223,0.30741733690795353,0.0,0.0026043870900531946,0.147771124417831,0.7338522689632329,0.02481703260146374,86.49955468238376,0.6623142728500675,-0.05102040816326524,0.8627448853993265,0.4313190542497884,0.41464837195446214,0.0009072352007257881,-0.05089058524173028,0.01491681009753299,1.4555651062248915,0.21299817829282855,0.21452574155547383,Consulting Services,Industrials,EFX
2015Q3,2015,Q3,2015-10-22,2015-09-30,117900000.0,667400000.0,174300000.0,0.98,440900000.0,0.6606233143542104,4541400000.0,2227900000.0,582100000.0,690700000.0,2273900000.0,0.0,3758500000.0,11506112000.0,12730312000.0,18.816722972972972,0.842768206167656,0.29345576254018585,0.5981866331522959,0.033890139518404416,18.816722972972972,0.0529197899367117,17.24020377584657,24.39803223070399,5.164554962071907,0.2917726887192536,0.0,0.0029897153790959096,0.1469590875060554,0.6749674243521065,0.025961157352358304,55.105900383141766,0.6606233143542104,0.06521739130434775,0.617974960254372,0.47880384869884657,0.3665899302018933,-0.03586267220642904,0.062162162162162166,-0.0753315649867374,0.5300964073829926,0.24053662736095163,0.21172893257201678,Consulting Services,Industrials,EFX
2015Q2,2015,Q2,2015-07-23,2015-06-30,111000000.0,678100000.0,188500000.0,0.92,457300000.0,0.674384309098953,4585500000.0,2167600000.0,591200000.0,784500000.0,2378900000.0,0.0,3676100000.0,11514874000.0,12911574000.0,18.27655986509275,0.7536010197578075,0.32295278595573,0.6831980070123639,0.036693940224500725,18.27655986509275,0.051208710094113305,16.981085385636337,25.9344009009009,5.31226886879498,0.309009009009009,0.0,0.0029787559985458806,0.1478791843855632,0.5766730401529637,0.024206738632646385,75.21145656433704,0.674384309098953,0.2602739726027398,0.6500003547701207,0.5600054686193128,0.38087610449128967,0.04717197160522098,0.2570781426953567,0.22243839169909208,0.47370500516497005,0.2837249244168152,0.21789738645690906,Consulting Services,Industrials,EFX
2015Q1,2015,Q1,2015-04-23,2015-03-31,88300000.0,651800000.0,154200000.0,0.73,436700000.0,0.6699907947223075,4595000000.0,2147300000.0,585000000.0,790800000.0,2405300000.0,0.0,3600100000.0,11104200000.0,12532500000.0,17.984087102177554,0.7397572078907435,0.331512513601741,0.7094025054719881,0.027355010713665723,17.984087102177554,0.04112140828016579,17.03620742559067,31.43884484711212,5.171238299259535,0.3929784824462061,0.0,0.0031249437149907244,0.14184983677910773,0.578780981284775,0.019216539717083786,136.5830258302583,0.6699907947223075,-0.11059183673469394,0.6473150585378391,0.49461702616703734,0.3783543910461953,0.0651219512195122,-0.09897959183673469,-0.06658595641646489,0.24117088941209547,0.25325306463444075,0.1972762564556485,Consulting Services,Industrials,EFX
2014Q4,2014,Q4,2015-02-25,2014-12-31,98000000.0,624600000.0,165200000.0,0.8207705192629816,410000000.0,0.6564201088696766,4674200000.0,2200100000.0,605100000.0,823100000.0,2439600000.0,0.0,3554800000.0,9655878000.0,11053678000.0,18.426298157453935,0.7351476126837565,0.3264943733687048,0.6936502886232444,0.028931766468961582,18.426298157453935,0.044543429844097995,15.459298751200768,24.632341836734692,4.388835962001727,0.3051020408163265,0.0,0.0030965594221468,0.13362714475204313,0.5655448912647308,0.020966154636087458,53.55450915141431,0.6564201088696766,0.09436069235064215,0.7219820030384482,0.42299154614338125,0.4534358339285737,0.018886679920477135,0.05717367853290183,0.07482108002602472,0.3238234181660994,0.23158464482506727,0.29884620470774914,Consulting Services,Industrials,EFX
2014Q3,2014,Q3,2014-10-23,2014-09-30,92700000.0,613400000.0,153700000.0,0.75,402400000.0,0.6560156504727747,4707100000.0,2334000000.0,550400000.0,766100000.0,2336100000.0,0.0,3486900000.0,9051014000.0,10490614000.0,19.273327828241122,0.7184440673541314,0.3302670434025196,0.6660668380462725,0.02668980609252371,19.273327828241122,0.0397172236503856,14.755484186501468,24.40942286947141,3.877898029134533,0.32470334412081986,0.0,0.0033255942372865627,0.13031378130908627,0.5730322412217727,0.019693654266958426,53.429834710743805,0.6560156504727747,0.0,0.6207212777346683,0.4167863405980693,0.5709993148189061,0.00199203187250996,-0.0010775862068965517,-0.08183990442054959,0.39783865292787124,0.25804580901281476,0.32919502263731876,Consulting Services,Industrials,EFX
2014Q2,2014,Q2,2014-07-24,2014-06-30,92800000.0,613900000.0,167400000.0,0.75,401600000.0,0.654178204919368,4766300000.0,2403200000.0,554200000.0,759800000.0,2325100000.0,0.0,3424400000.0,8849880000.0,10313580000.0,19.698360655737705,0.7294024743353514,0.3263327948303716,0.6472203728362184,0.026552727708527447,19.698360655737705,0.03861517976031957,14.415833197589183,23.84127155172414,3.6825399467376836,0.3286637931034483,0.0,0.003446374414116349,0.1288001174915553,0.5751513556198999,0.019470029163082474,66.24161676646706,0.654178204919368,0.1194029850746268,0.6119265045659589,0.39555875936845286,0.6857995330123811,0.0632777336510458,0.10607866507747318,0.10204081632653061,1.707493466381563,0.2685805250882608,0.35569057250719627,Consulting Services,Industrials,EFX
2014Q1,2014,Q1,2014-04-24,2014-03-31,83900000.0,584500000.0,151900000.0,0.67,377700000.0,0.6461933276304533,4750100000.0,2355200000.0,524500000.0,794600000.0,2354600000.0,0.0,3362300000.0,8299660000.0,9832260000.0,19.304918032786887,0.660080543669771,0.34399275804719903,0.6937839673913043,0.024800868003988126,19.304918032786887,0.035623301630434784,14.199589392643285,24.730810488676997,3.5239724864130433,0.36591179976162097,0.0,0.00369894670384088,0.12305004105176733,0.5519758368990687,0.017662786046609546,178.487311827957,0.6461933276304533,0.08064516129032265,0.5953742767598842,0.33500139356931113,0.7866534582998717,-0.00944138473642801,0.0938722294654498,-0.01427644386761843,0.4738248505135468,0.24488528752696978,0.3541893833121385,Consulting Services,Industrials,EFX
2013Q4,2013,Q4,2014-02-28,2013-12-31,76700000.0,578500000.0,154100000.0,0.62,381300000.0,0.6591184096802074,4539900000.0,2300700000.0,648400000.0,662500000.0,2198900000.0,0.0,3309200000.0,8415162000.0,9621262000.0,18.889162561576356,0.9787169811320755,0.3176281415890218,0.6267657669404963,0.026649613763850236,18.889162561576356,0.03333767983657148,14.546520311149525,27.42882007822686,3.657652888251402,0.3494132985658409,0.0,0.003184727756875031,0.12742571422278023,0.8235471698113207,0.016894645256503447,49.47185185185185,0.6591184096802074,-0.12676056338028166,0.24173080870279132,0.3421365735787343,0.816376345070814,0.016257995735607676,-0.081437125748503,0.027333333333333334,0.24324310054435336,0.21006138898541238,0.3714018934383212,Consulting Services,Industrials,EFX
2013Q3,2013,Q3,2013-11-06,2013-09-30,83500000.0,572000000.0,150000000.0,0.71,375200000.0,0.6559440559440559,4390400000.0,2174000000.0,526500000.0,332400000.0,2197000000.0,0.0,3259400000.0,7277760000.0,8590060000.0,17.87828947368421,1.5839350180505416,0.3289449708454811,0.6643054277828887,0.026817839405350385,17.87828947368421,0.03840846366145354,12.723356643356643,21.789700598802398,3.3476356945722174,0.3197604790419162,0.0,0.0036687112518137446,0.13028425655976678,1.3179903730445246,0.019018768221574344,51.14378074490513,0.6559440559440559,-0.02739726027397263,0.21094603079274954,0.23890371715282824,0.5856162408839292,-0.034731155132492926,-0.07734806629834254,-0.051233396584440226,0.11573894908840733,0.23406639488125108,0.2984349293479095,Consulting Services,Industrials,EFX
2013Q2,2013,Q2,2013-07-25,2013-06-30,90500000.0,586900000.0,158100000.0,0.73,388700000.0,0.662293406031692,4373600000.0,2096300000.0,512600000.0,375800000.0,2253600000.0,0.0,3202800000.0,7188610000.0,8589310000.0,17.324793388429754,1.3640234167110166,0.34424730199378084,0.7182178123360206,0.028134514654302823,17.324793388429754,0.043171301817487955,12.248440960981428,19.85803867403315,3.429189524400133,0.2950276243093923,0.0,0.003714209005635304,0.13419151271263946,1.126663118680149,0.020692335833180902,58.4439837398374,0.662293406031692,-0.10975609756097558,0.36276089088107566,0.24666926835051595,0.5080285742965169,0.04658050619278406,-0.10484668644906034,0.0610738255033557,0.31858750709955597,0.32341424386533607,0.30896587661574804,Consulting Services,Industrials,EFX
2013Q1,2013,Q1,2013-04-25,2013-03-31,101100000.0,566500000.0,149000000.0,0.82,371400000.0,0.6556045895851721,4387200000.0,2018500000.0,484800000.0,449700000.0,2342700000.0,0.0,3139100000.0,6837170000.0,8351870000.0,16.75103734439834,1.0780520346897933,0.36978026987600293,0.8037156304186277,0.026224436932756345,16.75103734439834,0.05008669804310131,12.069143865842895,16.90694856577646,3.3872529105771614,0.26211671612265086,0.0,0.003875872619811998,0.12912563822027717,0.9295085612630642,0.023044310722100655,143.63802521008404,0.6556045895851721,1.1341252699784015,0.6550218837037459,0.21105412005730445,0.5044590712640505,0.08501314636283962,1.183585313174946,0.5651260504201681,0.8688928406770731,0.28716067616954805,0.2838497582362465,Consulting Services,Industrials,EFX
2012Q4,2012,Q4,2013-02-22,2012-12-31,46300000.0,558100000.0,95200000.0,0.38423236514522824,342300000.0,0.6133309442752195,4511100000.0,1933200000.0,529700000.0,646500000.0,2551900000.0,0.0,3064600000.0,6521460000.0,8105360000.0,16.043153526970954,0.8193348801237432,0.3836536543193456,0.8952513966480447,0.015273076336756983,16.043153526970954,0.023949927581212498,11.685110195305501,35.21306695464362,3.373401613904407,0.46436285097192226,0.0,0.0032968077700392248,0.12371705349027953,0.7174013921113689,0.010263572077763738,51.14870588235294,0.6133309442752195,-0.397263221813262,-0.24206218382311137,0.22299708833406046,0.485986776083073,0.020572450805008944,-0.4056482670089859,-0.279333838001514,-0.19387794488634008,0.2598813365589391,0.2654573385313712,Consulting Services,Industrials,EFX
2012Q3,2012,Q3,2012-10-25,2012-09-30,77900000.0,543900000.0,132100000.0,0.6374795417348609,335400000.0,0.616657473800331,3605900000.0,1858800000.0,605700000.0,325500000.0,1722700000.0,0.0,3039900000.0,5637870000.0,6338970000.0,15.528822055137844,1.8608294930875575,0.2685321279014948,0.5209274800946847,0.031086202817979892,15.528822055137844,0.041908758338713145,10.365637065637065,18.09329268292683,3.0330697224015495,0.25673940949935814,0.0,0.0035474390150890315,0.15083612967636373,1.733026113671275,0.021603483180343327,41.18239590942294,0.616657473800331,0.028192809249775616,0.31692264534679854,0.26766764627304307,0.5489365882946932,0.00963275135460566,0.01963350785340314,-0.00452147701582517,0.3778947648294382,0.27095344025032714,0.26577875009313434,Consulting Services,Industrials,EFX
2012Q2,2012,Q2,2012-07-26,2012-06-30,76400000.0,535800000.0,132700000.0,0.62,332200000.0,0.6200074654721911,3521100000.0,1805300000.0,517000000.0,293800000.0,1693200000.0,0.0,2983600000.0,5605980000.0,6391680000.0,15.006650041562759,1.7597004765146358,0.2751412910738122,0.5366421093447072,0.03110086070789408,15.006650041562759,0.04231983603833158,10.462821948488243,18.344175392670156,3.105289979504792,0.30497382198952877,0.0,0.004156275976724854,0.15216835647950924,1.6235534377127296,0.021697764903013263,40.68200290275762,0.6200074654721911,0.06896551724137938,0.22214198218196793,0.32195034964843106,0.1720687185078834,0.03328149300155521,0.06853146853146853,0.02868217054263566,0.3458133190513649,0.2352287923143393,0.28427964510731557,Consulting Services,Industrials,EFX
2012Q1,2012,Q1,2012-04-26,2012-03-31,71500000.0,522700000.0,129000000.0,0.58,321500000.0,0.6150755691601301,3518400000.0,1802500000.0,475100000.0,272900000.0,1693800000.0,0.0,2929100000.0,5311200000.0,6160800000.0,15.020833333333334,1.7409307438622206,0.2791894042746703,0.5449653259361997,0.029279566162401825,15.020833333333334,0.039667128987517335,10.161086665391238,18.57062937062937,2.9465742024965325,0.2965034965034965,0.0,0.0039915649947281215,0.1485618462937699,1.5775009160864786,0.020321737153251477,189.01067615658363,0.6150755691601301,-0.06451612903225812,0.07854468599033809,0.3429858882580432,1.0225335094149777,0.01901743264659271,-0.038978494623655914,0.026252983293556086,0.38224571078431363,0.21374733200853743,0.39016512662559893,Consulting Services,Industrials,EFX
2011Q4,2011,Q4,2012-02-23,2011-12-31,74400000.0,509700000.0,125700000.0,0.62,315500000.0,0.6189915636649009,3508600000.0,1702400000.0,452300000.0,362800000.0,1786500000.0,0.0,2879200000.0,4648800000.0,5534300000.0,14.186666666666667,1.2466923925027564,0.28877615003135154,0.5951597744360902,0.03057149315381891,14.186666666666667,0.043703007518796994,9.120659211300765,15.620967741935484,2.730733082706767,0.260752688172043,0.0,0.004173119944932025,0.14527161830929716,1.1358875413450937,0.021205039046913298,34.71844660194175,0.6189915636649009,0.14814814814814806,0.2272266244057052,0.36028910256410246,1.1142043511116415,0.047129107202124126,0.11544227886056972,0.033717105263157895,0.22256249999999994,0.20025638154948497,0.3641857157370722,Consulting Services,Industrials,EFX
2011Q3,2011,Q3,2011-10-27,2011-09-30,66700000.0,490400000.0,121600000.0,0.54,301300000.0,0.6143964110929854,3512500000.0,1766100000.0,430200000.0,344200000.0,1728400000.0,0.0,2824500000.0,3744132000.0,4677632000.0,14.5,1.2498547356188263,0.29480427046263347,0.5863201404223997,0.027722407472227848,14.5,0.03776683087027915,7.634853181076672,14.033478260869563,2.12,0.32233883058470764,0.0,0.005742318913969914,0.13961565836298934,1.0976176641487507,0.01898932384341637,38.71904860392968,0.6143964110929854,0.9285714285714285,-0.12269901623513782,0.28971326370700684,0.9962966997059143,0.017218095881161376,0.9333333333333333,0.06108202443280977,-0.034281762497529976,0.06042089174670786,0.2859974958263773,Consulting Services,Industrials,EFX
2011Q2,2011,Q2,2011-07-28,2011-06-30,34500000.0,487100000.0,114600000.0,0.28,296200000.0,0.6080886881543831,3489300000.0,1784300000.0,436500000.0,298700000.0,1686700000.0,0.0,2777600000.0,4263616000.0,5136416000.0,14.530130293159608,1.4613324405758286,0.28128851058951654,0.5500756599226587,0.01683708783160172,14.530130293159608,0.01933531356834613,8.753060973106138,30.895768115942026,2.3895174578265985,0.672463768115942,0.0,0.005441390594274907,0.13959820021207692,1.2778707733511885,0.009887369959590749,40.14704331450094,0.6080886881543831,-0.3913043478260869,-0.4829165730652589,0.3106088357044257,1.085033819372405,0.0643190801293568,-0.39790575916230364,0.05041246562786435,-0.48810936896151935,0.019511848461189425,0.2647684263276581,Consulting Services,Industrials,EFX
2011Q1,2011,Q1,2011-04-28,2011-03-31,57300000.0,472600000.0,109100000.0,0.46,278300000.0,0.5888700804062632,3468800000.0,1750600000.0,427200000.0,303500000.0,1699000000.0,0.0,2763100000.0,4770780000.0,5699380000.0,14.2557003257329,1.4075782537067545,0.292752536900369,0.580086827373472,0.024465476293299374,14.2557003257329,0.03273163486804524,10.09475243334744,20.814921465968588,2.725225636924483,0.34205933682373474,0.0,0.004108342870557854,0.1362430811808118,1.2204283360790775,0.016518680811808118,-1538.9612903225807,0.5888700804062632,-0.0918327974276527,-0.04303661776357698,0.3274355937222388,1.144839447188645,-0.03602355386214063,-0.07877813504823152,-0.0054694621695533276,-0.07955914506269242,-0.008606574094037176,0.2803456425606263,Consulting Services,Industrials,EFX
2010Q4,2010,Q4,2011-02-23,2010-12-31,62200000.0,482000000.0,109700000.0,0.506514657980456,288700000.0,0.5989626556016597,3433600000.0,1691400000.0,429200000.0,319500000.0,1725200000.0,0.0,2725700000.0,4371680000.0,5251880000.0,13.773615635179153,1.3433489827856024,0.29112301957129544,0.5909897126640653,0.027120508725859898,13.773615635179153,0.03677426983563912,9.0698755186722,17.57106109324759,2.5846517677663474,0.3536977491961415,0.0,0.005032390293891593,0.14037744641192917,1.1956181533646322,0.018115097856477167,34.207198748043815,0.5989626556016597,-0.16964810167138353,0.04045208406813416,0.40142680566286604,1.1660324478094732,0.010854341736694677,-0.1869281045751634,-0.004537205081669692,-0.0008477979563606614,0.036451820998223944,0.27577228867868664,Consulting Services,Industrials,EFX
2010Q3,2010,Q3,2010-10-28,2010-09-30,76500000.0,473800000.0,110200000.0,0.61,285600000.0,0.6027859856479527,3400000000.0,1711500000.0,437100000.0,305300000.0,1671600000.0,0.0,2683500000.0,3878160000.0,4769960000.0,13.769106999195495,1.4317065181788404,0.2962941176470588,0.5886064855390009,0.02660245384703589,13.769106999195495,0.044697633654688866,8.185225833685099,12.673725490196079,2.2659421560035056,0.07973856209150326,0.0,0.0015729108649462631,0.1393529411764706,1.2505732066819522,0.0225,73.17283018867924,0.6027859856479527,0.08928571428571416,0.2791440064360417,0.31933327031054176,1.5635760343922815,0.048458149779735685,0.0729312762973352,0.04158790170132325,0.24539542202164216,0.06341902471097027,0.37341219723372854,Consulting Services,Industrials,EFX
2010Q2,2010,Q2,2010-07-29,2010-06-30,71300000.0,460700000.0,105800000.0,0.56,272400000.0,0.591274148035598,3432100000.0,1663700000.0,473000000.0,369700000.0,1753200000.0,0.0,2612100000.0,3527142000.0,4523942000.0,13.235481304693716,1.2794157424939139,0.3108592406981149,0.6412814810362445,0.025048806222174713,13.235481304693716,0.042856284185850815,7.656049489906664,12.367258064516129,2.1200589048506338,0.0967741935483871,0.0,0.001956258069564537,0.13423268552781095,0.8942385718149851,0.020774452958829872,41.84035587188612,0.591274148035598,0.2727272727272728,0.1761280598615802,0.30909964189531464,1.7620023687286885,0.04367816091954023,0.25749559082892415,-0.017641597028783658,0.09156143570328568,0.08782991266509302,0.033734615564602985,Consulting Services,Industrials,EFX
2010Q1,2010,Q1,2010-04-29,2010-03-31,56700000.0,461300000.0,107700000.0,0.44,261000000.0,0.5657923260351182,3505600000.0,1647900000.0,446800000.0,429400000.0,1842400000.0,0.0,2545800000.0,4521540000.0,5592240000.0,13.04750593824228,1.04052165812762,0.3274189867640347,0.6965228472601492,0.024025375374855627,13.04750593824228,0.03440742763517204,9.801734229351831,19.936243386243383,2.7438194065173858,0.09347442680776014,0.0,0.001172167005046953,0.13158945686900958,0.7815556590591523,0.016174121405750797,-367.6048780487805,0.5657923260351182,-0.07687707641196012,-0.00560991625659698,0.38055751921426584,1.993753351217691,-0.026845637583892617,-0.05813953488372093,0.17833698030634573,-0.18736961685428075,0.12610866245551325,0.7568278263114064,Consulting Services,Industrials,EFX
2009Q4,2009,Q4,2010-02-23,2009-12-31,60200000.0,464300000.0,91400000.0,0.4766429136975455,268200000.0,0.5776437648072367,3550500000.0,1601200000.0,416800000.0,492200000.0,1935500000.0,0.0,2494200000.0,3901407000.0,4972407000.0,12.677751385589865,0.8468102397399431,0.33068581889874665,0.7332625530851861,0.02599864126189126,12.677751385589865,0.03759680239820135,8.402771914710316,16.20185631229236,2.4365519610292283,0.09634551495016612,0.0,0.0014866431520730854,0.13077031404027603,0.7350670459162942,0.016955358400225322,29.987755572636434,0.5776437648072367,0.014133858930947978,0.0759695686598506,0.5038341868581876,2.1428039149151346,0.02522935779816514,0.008375209380234505,-0.14016933207902163,-0.056534074154937636,0.17731632052297136,0.8893343849900657,Consulting Services,Industrials,EFX
2009Q3,2009,Q3,2009-10-28,2009-09-30,59700000.0,451900000.0,106300000.0,0.47,261600000.0,0.5788891347643284,3326500000.0,1550700000.0,385600000.0,578700000.0,1763000000.0,0.0,2439200000.0,3683296000.0,4674696000.0,12.268196202531646,0.6663210644548125,0.3213888471366301,0.6894305797381828,0.026667389039029026,12.268196202531646,0.038498742503385565,8.150688205355166,15.424187604690117,2.375247307667505,0.09715242881072027,0.0,0.0015746765940071066,0.1358484894032767,0.5692068429237948,0.017946790921388848,34.748075471698115,0.5788891347643284,0.0,0.16035589368992106,0.4466661931261513,2.475944599329907,-0.00532319391634981,0.0016778523489932886,-0.008395522388059701,-0.2433460076045627,0.14521033958438928,0.6890316958936935,Consulting Services,Industrials,EFX
2009Q2,2009,Q2,2009-07-29,2009-06-30,59600000.0,455400000.0,107200000.0,0.47,263000000.0,0.5775142731664471,3315800000.0,1475800000.0,370800000.0,615300000.0,1828300000.0,0.0,2384700000.0,3296430000.0,4386830000.0,11.684877276326208,0.6026328620185275,0.3480306411725677,0.781948773546551,0.0257148986168906,11.684877276326208,0.04038487599945792,7.2385375494071145,13.827307046979866,2.23365632199485,0.12080536912751678,0.0,0.0021841810686105876,0.137342421135171,0.5168210628961483,0.017974546112552024,40.15140073081608,0.5775142731664471,0.09302325581395345,-0.1496912979331889,0.4913512825039161,2.623877998465617,-0.0034103827207275484,0.09558823529411764,0.043816942551119765,-0.1314740491986787,0.19135997235661678,0.6767478202054299,Consulting Services,Industrials,EFX
2009Q1,2009,Q1,2009-04-28,2009-03-31,54400000.0,452900000.0,102700000.0,0.43,263900000.0,0.5826893353941267,3281900000.0,1363600000.0,369400000.0,584100000.0,1906500000.0,0.0,2330300000.0,3085590000.0,4255590000.0,10.805071315372425,0.6324259544598527,0.37478290014930377,0.9020240539747727,0.02419443025064074,10.805071315372425,0.0398943971839249,6.812960918525061,14.180101102941176,2.2628263420357877,0.09926470588235294,0.0,0.0017500704889502493,0.13799932965660136,0.554357130628317,0.01657576403912368,104.59627118644067,0.5826893353941267,-0.15209375000000006,0.1277187815865332,0.5208692976001812,2.611654873775139,-0.005277044854881266,-0.15,-0.11541774332472007,-0.11594637426650102,0.2378301990728579,0.6256755303044587,Consulting Services,Industrials,EFX
2008Q4,2008,Q4,2009-02-26,2008-12-31,64000000.0,446600000.0,116100000.0,0.5071315372424723,265300000.0,0.5940438871473355,3260300000.0,1312400000.0,353800000.0,318000000.0,1947900000.0,0.0,2281000000.0,3346824000.0,4507924000.0,10.399366085578446,1.1125786163522013,0.37398398920344755,0.9290612618104237,0.029058860383016617,10.399366085578446,0.0487656202377324,7.494008060904613,13.073531249999998,2.5501554404145077,0.0796875,0.0,0.0015238327441180058,0.13698125939330735,0.979874213836478,0.019630095389994787,33.90905775075988,0.5940438871473355,-0.094407969209871,1.4360425628254472,0.6026002230439632,2.765046402450339,-0.08643250688705234,-0.11479944674965421,0.0830223880597015,0.04171924051399557,0.26351706704482797,0.6353995185171518,Consulting Services,Industrials,EFX
2008Q3,2008,Q3,2008-10-28,2008-09-30,72300000.0,484100000.0,107200000.0,0.56,290400000.0,0.5998760586655649,3450600000.0,1437600000.0,395000000.0,362800000.0,2013000000.0,0.0,2222100000.0,4392375000.0,5631475000.0,11.275294117647059,1.0887541345093716,0.37909349098707473,0.9099193099610462,0.03126023572709342,11.275294117647059,0.050292153589315526,9.073280313984714,15.188018672199172,3.055352671118531,0.07053941908713693,0.0,0.0011611030478955006,0.14029444154639772,0.9445975744211687,0.020952877760389496,41.01190476190476,0.5998760586655649,0.03703703703703707,0.4896369485294117,0.648412005215256,3.3741766911552626,-0.03489531405782652,0.0211864406779661,-0.16053249804228661,0.1785750588235293,0.31418190937446133,1.0992700385299599,Consulting Services,Industrials,EFX
2008Q2,2008,Q2,2008-07-29,2008-06-30,70800000.0,501900000.0,127700000.0,0.54,300900000.0,0.5995218170950388,3546600000.0,1482000000.0,433300000.0,434300000.0,2064600000.0,0.0,2155100000.0,4336980000.0,5604880000.0,11.488372093023257,0.997697444163021,0.37796763097050695,0.9045209176788124,0.029253382190567483,11.488372093023257,0.04777327935222672,8.641123729826658,15.314194915254236,2.9264372469635624,0.07203389830508475,0.0,0.0011759334836683592,0.14151581796650314,0.8715173842965692,0.019962781255286752,52.064585834333734,0.5995218170950388,0.08000000000000007,0.7670200366320699,0.6556943731200939,3.756848972832527,0.001998001998001998,0.0776255707762557,0.011885895404120444,0.13800430938405525,0.38968783197450435,1.3974126972257537,Consulting Services,Industrials,EFX
2008Q1,2008,Q1,2008-04-29,2008-03-31,65700000.0,503100000.0,126200000.0,0.5,300300000.0,0.5968992248062015,3549900000.0,1443000000.0,445300000.0,329200000.0,2106900000.0,0.0,2089500000.0,4468608000.0,5770708000.0,11.13425925925926,1.3526731470230862,0.3907434012225697,0.9612612612612612,0.02787534345597253,11.13425925925926,0.04553014553014553,8.882146690518784,17.003835616438355,3.0967484407484402,0.0791476407914764,0.0,0.0011636733407808428,0.1417223020366771,1.1849939246658565,0.01850756359334066,99.08221729490022,0.5968992248062015,-0.013698630136986254,0.5671296296296297,0.74275622605364,4.91439271755082,0.027369141293191925,0.0,0.04991680532445923,0.12289059537353042,0.46731621691580927,1.5547584441432771,Consulting Services,Industrials,EFX
2007Q4,2007,Q4,2008-02-27,2007-12-31,65700000.0,490800000.0,120200000.0,0.5069444444444444,292300000.0,0.595558272208639,3523900000.0,1399200000.0,425000000.0,546900000.0,2124700000.0,0.0,2030000000.0,4712256000.0,6017956000.0,10.796296296296296,0.7771073322362406,0.39368313516274583,0.9914951400800457,0.02886019771644125,10.796296296296296,0.04695540308747856,9.60117359413203,17.93095890410959,3.3678216123499145,0.0806697108066971,0.0,0.001124726670197884,0.13927750503703284,0.6900713110257817,0.018644115894321633,32.520745341614905,0.595558272208639,0.056134259259259245,0.3755566688933421,0.7524429761271868,5.61456343221049,-0.019785378940308518,-0.03240058910162003,-0.0696594427244582,0.14437198067632848,0.5491881733608807,1.6763927793339557,Consulting Services,Industrials,EFX
2007Q3,2007,Q3,2007-10-30,2007-09-30,67900000.0,492500000.0,129200000.0,0.48,298200000.0,0.605482233502538,3480700000.0,1377500000.0,444400000.0,471300000.0,2103200000.0,0.0,1969700000.0,5250054000.0,6572154000.0,10.0254730713246,0.9429238277105877,0.40483236130663375,1.022940108892922,0.02893535132419436,10.0254730713246,0.04929219600725953,10.660008121827412,19.330095729013255,3.8112914700544467,0.07952871870397643,0.0,0.0010285608490884094,0.14149452696296722,0.8268618714194781,0.019507570316315684,80.52230061349694,0.605482233502538,-0.058823529411764754,0.7264455944589757,0.6814751896631511,4.153032490139989,0.12698412698412698,-0.03138373751783167,0.07846410684474124,0.21407913889527314,0.4504159512575429,1.840514481730165,Consulting Services,Industrials,EFX
2007Q2,2007,Q2,2007-08-01,2007-06-30,70100000.0,454500000.0,119800000.0,0.51,264600000.0,0.5821782178217821,3613700000.0,1727200000.0,625800000.0,716600000.0,1886500000.0,0.0,1907400000.0,5992258000.0,6933858000.0,12.80355819125278,0.8732905386547586,0.3336746271134848,0.6981241315423807,0.026220449626518497,12.80355819125278,0.04058591940713293,13.18428602860286,21.370392296718975,3.469348077813803,0.07132667617689016,0.0,0.000834410000370478,0.12577137006392342,0.7820262349986046,0.019398400531311397,84.398,0.5821782178217821,-0.0555555555555556,0.5019251641315804,0.7076405509404344,5.191625387227782,0.12213740458015267,0.015942028985507246,-0.5841721624435959,-0.06364661943475647,0.3935168170980631,2.970819011112724,Consulting Services,Industrials,EFX
2007Q1,2007,Q1,2007-05-04,2007-03-31,69000000.0,405100000.0,288100000.0,0.54,235800000.0,0.5820784991360158,1831900000.0,927600000.0,372600000.0,566400000.0,904300000.0,0.0,1842500000.0,4552605000.0,4938905000.0,7.426741393114492,0.6578389830508474,0.24886729624979528,0.49148339801638635,0.13255127310940618,7.426741393114492,0.07438551099611902,11.23822512959763,16.494945652173914,4.907939844760673,0.07246376811594203,0.0,0.0010982723078325485,0.2211365249194825,0.5681497175141242,0.03766581145259021,90.50904572564612,0.5820784991360158,0.06887480190174333,0.8070283564981482,0.6924217262103484,2.6650055210593946,0.024771838331160364,0.09350237717908082,1.6214740673339398,0.44526644937997656,0.37451262030032184,1.4824294042880182,Consulting Services,Industrials,EFX
