Quarters,Year,Quarter,FillingDate,Date,NetIncome,Revenue,OperatingIncome,EPSDiluted,GrossProfit,GrossProfitRatio,TotalAssets,CommonStockEquity,CurrentAssets,CurrentLiability,TotalLiability,Inventory,RetainedEarnings,MarketCap,EnterpriseValue,bookValuePerShare,currentRatio,debtToAssets,debtToEquity,roic,shareholdersEquityPerShare,roe,priceToSalesRatio,peRatio,pbRatio,payoutRatio,inventoryTurnover,dividendYield,assetTurnover,quickRatio,returnOnAssets,priceToFreeCashFlowsRatio,grossProfitMargin,epsdilutedGrowth,fiveYNetIncomeGrowthPerShare,fiveYRevenueGrowthPerShare,fiveYShareholdersEquityGrowthPerShare,grossProfitGrowth,netIncomeGrowth,operatingIncomeGrowth,threeYNetIncomeGrowthPerShare,threeYRevenueGrowthPerShare,threeYShareholdersEquityGrowthPerShare,Industry,Sector,Symbol
2023Q1,2023,Q1,2023-05-05,2023-03-31,14572000.0,172344000.0,19638000.0,1.09,53664000.0,0.3113772455,574526000.0,278063000.0,382601000.0,129857000.0,296463000.0,165814000.0,250885000.0,80496360.0,122967360.0,129.81465919701213,2.9463255735154825,0.20940914771481187,0.43267532897221134,0.03647977395616896,129.81465919701213,0.0524053901453987,0.46706795710903776,1.3810108427120504,0.2894896480294034,0.0568899258852594,0.715741734714801,0.01029860232189381,0.29997598019932953,1.4385439367920096,0.02536351705579904,6.156980266177145,0.31137724550898205,-0.02678571428571431,63.81408055675583,7.1860351788853825,8.513020647475274,0.022035157217132954,0.037891737891737894,0.07889242940336227,22.939814692087836,8.493120851410444,8.84086113394721,Electronic Components,Technology,BELFB
2022Q4,2022,Q4,2023-03-10,2022-12-31,14040000.0,169203000.0,18202000.0,1.12,52507000.0,0.310319557,560466000.0,262346000.0,381408000.0,136304000.0,298120000.0,172465000.0,237188000.0,416240480.0,462586480.0,20.748655488769376,2.7982157530226552,0.20806257649884202,0.4444969620272465,0.03655633033264522,20.748655488769376,0.053517110990828905,2.4600065010667658,7.411689458689459,1.5866088295609615,0.06716524216524217,0.6766358391557707,0.0022655172798186278,0.3018969928595133,1.3025296396290644,0.025050582907794584,32.097507711289325,0.3103195569818502,-0.11811023622047237,1.6429437569629388,0.3428939161133872,0.580975040914334,0.018880738929638687,-0.15155910079767948,-0.17492407415801642,3.145821695777489,0.42680332368900553,0.5155503158246252,Electronic Components,Technology,BELFB
2022Q3,2022,Q3,2022-11-04,2022-09-30,16548000.0,177739000.0,22061000.0,1.27,51534000.0,0.2899419936,553816000.0,236033000.0,377365000.0,137082000.0,317783000.0,164381000.0,224022000.0,315170500.0,375171500.0,18.909870213106874,2.7528413650223955,0.23635286810059658,0.5545665224777891,0.04550052399731204,18.909870213106874,0.07010884071295116,1.7732208462970986,4.761459088711627,1.335281507246868,0.049794537104181774,0.7677590475784914,0.002614457888666611,0.3209351120227657,1.2701594665966356,0.029879960131162696,29.02924380583955,0.2899419935973534,-0.07299270072992707,2.1768895617332267,0.3564069287609518,0.2782836547662408,0.13381149344363286,-0.02875924404272802,0.9898078831063407,3.515042011806709,0.4084163894294242,0.36438304069252136,Electronic Components,Technology,BELFB
2022Q2,2022,Q2,2022-08-05,2022-06-30,17038000.0,170572000.0,11087000.0,1.37,45452000.0,0.266468119,542360000.0,225995000.0,361102000.0,128750000.0,316365000.0,160593000.0,208326000.0,194593360.0,265579360.0,18.07092595554134,2.8046757281553396,0.25226049118666566,0.6053939246443505,0.03414178254016447,18.07092595554134,0.07539104847452377,1.1408282719320872,2.8552846578236886,0.8610516161861987,0.048303791524826854,0.7791124146133394,0.004229332388319931,0.3144995943653662,1.2785009708737864,0.031414558595766646,11.191244536461928,0.26646811903477713,2.4250000000000003,4.254792878905304,0.24705996474724037,0.28205209758691047,0.3319657718907514,2.3645339652448656,2.677280265339967,4.64194049680555,0.3152587768733066,0.23165295000852276,Electronic Components,Technology,BELFB
2022Q1,2022,Q1,2022-05-06,2022-03-31,5064000.0,136718000.0,3015000.0,0.4,34124000.0,0.2495940549,520281000.0,215356000.0,334090000.0,109440000.0,304925000.0,155341000.0,192143000.0,223338960.0,309956960.0,17.202332454668902,3.0527229532163744,0.264958743448252,0.6401168298073887,0.006085012803126855,17.202332454668902,0.02351455264770891,1.6335739258912505,11.025817535545023,1.0370686676944223,0.16251974723538704,0.6604437978383041,0.003684981787324522,0.2627772299968671,1.3241776315789473,0.009733201865914766,-22.817629750715163,0.2495940549159584,-0.375,5.5176299317262965,0.1548412981575111,0.28567187371054914,-0.13095298731727195,-0.3676323676323676,-0.7114556416881999,3.386252154020319,0.068141429612718,0.18420349488394477,Electronic Components,Technology,BELFB
2021Q4,2021,Q4,2022-03-14,2021-12-31,8008000.0,147143000.0,10449000.0,0.64,39266000.0,0.2668560516,511846000.0,208743000.0,329016000.0,112012000.0,303103000.0,139383000.0,0.0,161198310.0,233490310.0,16.743643218095773,2.9373281434132057,0.26189127198415146,0.6421676415496568,0.023149290346171914,16.743643218095773,0.03836296306942029,1.0955214315325907,5.032414772727273,0.7722333683045659,0.11638361638361638,0.7739609565011515,0.0057816983317008725,0.28747513900665433,1.3292415098382315,0.015645330822161352,146.14533998186764,0.2668560515960664,0.36170212765957455,1.2788939347107633,0.19291487994295037,0.2661776474494456,0.09151053538666815,0.396581792814789,0.17761749126563733,0.9562116334950356,0.01361462897894994,0.16305082205144208,Electronic Components,Technology,BELFB
2021Q3,2021,Q3,2021-11-05,2021-09-30,5734000.0,146966000.0,8873000.0,0.47,35974000.0,0.24477770368656696,487583000.0,200202000.0,315545000.0,106236000.0,287381000.0,128179000.0,180769000.0,154306020.0,216412020.0,16.127114548090866,2.970226665160586,0.2544530879870709,0.6197090938152466,0.021096771295451584,16.127114548090866,0.028641072516758074,1.0499436604384687,6.727677886292292,0.7707516408427488,0.14248343215905127,0.8659140732881361,0.005294673532503787,0.30141739970425546,1.657488986784141,0.011760049058314175,-104.26082432432432,0.24477770368656696,-0.26562500000000006,-0.4322604607236406,0.09693614659671301,0.1881596590746962,0.05174833352824231,-0.27233502538071064,0.3373021853805577,-0.5057546448104183,-0.01832179231420857,0.13031521608934082,Electronic Components,Technology,BELFB
2021Q2,2021,Q2,2021-08-06,2021-06-30,7880000.0,138741000.0,6635000.0,0.64,34204000.0,0.24653130653519867,473879000.0,196598000.0,299427000.0,105093000.0,277281000.0,116170000.0,175883000.0,178300800.0,236135800.0,15.877725730899693,2.849162170648854,0.2622188364540315,0.6320511907547381,0.026114439322159125,15.877725730899693,0.04008179126949409,1.2851341708651371,5.656751269035533,0.9069308945157123,0.1034263959390863,0.8998622708100198,0.004570927331789874,0.29277727014702065,1.6330202772782203,0.016628717457410014,-36.01308826499697,0.24653130653519867,1.4615384615384615,-0.6673780679285799,0.013394290946393569,0.2390746499320174,0.4099509460406447,1.4632697718036887,0.4900067370312149,0.15299728806834306,-0.04289983106074608,0.16863375052624,Electronic Components,Technology,BELFB
2021Q1,2021,Q1,2021-05-10,2021-03-31,3199000.0,110643000.0,4453000.0,0.26,24259000.0,0.2192547201359327,456424000.0,186323000.0,279360000.0,90973000.0,270101000.0,106737000.0,168846000.0,245601720.0,298753720.0,15.089326206673146,3.0708012267376033,0.27867070969098906,0.6826425079029428,0.010394410064934235,15.089326206673146,0.017169109557059515,2.219767359887205,19.193632385120353,1.3181503088722273,0.25476711472335106,0.8093163570270853,0.0033183806693210453,0.2424127565596901,1.76951403163576,0.00700883389129406,436.23751332149203,0.2192547201359327,-0.03703703703703707,1.0305545286889417,-0.12186882594843755,0.3390884827753845,-0.17247143100801637,-0.09912700647704872,-0.18098215927901415,3.392075760977197,-0.08835820675591964,0.10576935338805926,Electronic Components,Technology,BELFB
2020Q4,2020,Q4,2021-03-12,2020-12-31,3551000.0,116129000.0,5437000.0,0.27,29315000.0,0.25243479234299787,453866000.0,185799000.0,280216000.0,87536000.0,268067000.0,100133000.0,166491000.0,185740740.0,222972740.0,15.034714355073637,3.2011515262292085,0.2691785681236312,0.6575439049725779,0.013836488164958244,15.034714355073637,0.01911205119510869,1.5994345942873873,13.076650239369192,0.9996864353414172,0.26499577583779216,0.8669869074131406,0.005066201416016756,0.25586626889874986,1.9471531712666788,0.0078238951584829,17.92172327286762,0.25243479234299787,-0.5573770491803278,0.179649802761093,-0.1742145013691845,-0.23350185692448508,-0.12581260809924255,-0.5249498327759198,-0.3834901916317043,1.1663768296431674,-0.05700230759496928,0.1455926942116124,Electronic Components,Technology,BELFB
2020Q3,2020,Q3,2020-11-06,2020-09-30,7475000.0,124492000.0,8819000.0,0.61,33534000.0,0.26936670629438036,457952000.0,178771000.0,284709000.0,89734000.0,279181000.0,103647000.0,163786000.0,132090240.0,183047240.0,14.454317593790426,3.1728107517774755,0.2884276081336035,0.7388558546967908,0.03157236552594093,14.454317593790426,0.04181326949001796,1.061033962021656,4.417733779264214,0.7388795721901203,0.10822742474916389,0.877574845388675,0.006124600878914294,0.2718450842009643,1.897251877772082,0.01632267137167214,8.051828101188661,0.26936670629438036,0.326086956521739,0.4610818700764627,-0.16953350534227785,-0.25946495692317517,0.05555730429034594,0.3412883545666607,0.16838897721250662,0.4482799026509751,-0.04118810576580432,-0.022906148338566842,Electronic Components,Technology,BELFB
2020Q2,2020,Q2,2020-08-07,2020-06-30,5573000.0,121172000.0,7548000.0,0.46,31769000.0,0.26218103192156605,461143000.0,167918000.0,285372000.0,88179000.0,293215000.0,104726000.0,157157000.0,132225790.0,198646790.0,13.626389677838189,3.2362807471166604,0.3072994710968181,0.8439178646720423,0.02148287162764375,13.626389677838189,0.03318881835181458,1.0912239626316311,5.931535528440696,0.787442620803011,0.1448053113224475,0.8536848538089873,0.006103196660802707,0.2627644786974973,1.916193197926944,0.01208518832553026,17.31383920387587,0.26218103192156605,2.4838709677419355,-0.11461084067519131,-0.19882198589540706,-0.2930731821867984,0.2650923861102262,2.465036803364879,3.406120497290405,0.7443274198548887,-0.10094999594525933,-0.033268051012511436,Electronic Components,Technology,BELFB
2020Q1,2020,Q1,2020-05-08,2020-03-31,-3804000.0,103978000.0,-3137000.0,-0.31,25112000.0,0.24151262767123816,445648000.0,161832000.0,264905000.0,76956000.0,283816000.0,104313000.0,152420000.0,119490320.0,192537320.0,13.191392239973917,3.442291699152763,0.3174658026065415,0.8742275940481486,-0.00812282616182106,13.191392239973917,-0.02350585792673884,1.1491884821789224,-7.852939011566772,0.7383602748529339,-0.21188222923238695,0.7560514988544094,0.006745316273318207,0.2333186730334255,1.9634336503976297,-0.008535884823896887,19.192149052361067,0.24151262767123816,0.40384615384615385,-1.6596333115028727,-0.2930828153057809,-0.28971824987730566,-0.4394017189418462,0.40113350125944586,-0.17843726521412473,-5.996114479921608,-0.10374015062990292,-0.014098697213877714,Electronic Components,Technology,BELFB
2019Q4,2019,Q4,2020-03-25,2019-12-31,-6352000.0,115128000.0,-2662000.0,-0.52,44795000.0,0.3890886665276909,468917000.0,168051000.0,283181000.0,90218000.0,300866000.0,107276000.0,157063000.0,251637500.0,330429500.0,13.69050916496945,3.1388525571393737,0.32219134729600335,0.8990187502603376,-0.008387289551701026,13.69050916496945,-0.03779804940166973,2.1857193732193734,-9.903868860201511,1.497387697782221,-0.14940176322418136,0.6556266080017897,0.003771297998112364,0.24551892978928042,1.8255669600301492,-0.013546107306836818,65.8909400366588,0.3890886665276909,0.018867924528301903,-4.042852775705269,-0.2505582782722712,-0.27646209422201845,0.9946121649300917,0.021263482280431432,0.42418343067272335,-2.8359083460838175,-0.05203725830417103,0.03529539306903183,Electronic Components,Technology,BELFB
2019Q3,2019,Q3,2019-11-12,2019-09-30,-6490000.0,124479000.0,-4623000.0,-0.53,22458000.0,0.18041597377870966,434345000.0,170640000.0,278061000.0,86526000.0,263705000.0,110209000.0,164252000.0,185049360.0,238603360.0,13.859649122807017,3.2136120934747936,0.2725252967111398,0.6936826066572902,-0.016631563111177975,13.859649122807017,-0.03803328645100797,1.4865909912515365,-7.128249614791988,1.0844430379746834,-0.12372881355932204,0.9257047972488636,0.0043393827463115795,0.28659015298898344,1.8352171601599518,-0.014942039162416973,22.257560740918933,0.18041597377870966,-3.2083333333333335,-5.115586004752351,-0.2391072562146824,-0.2888023987694898,0.12945081472540737,-3.1873946747556454,-1.933373712901272,-1.6479168632379286,-0.06320686678798504,0.021104917903539286,Electronic Components,Technology,BELFB
2019Q2,2019,Q2,2019-08-06,2019-06-30,2967000.0,127416000.0,4953000.0,0.24,19884000.0,0.15605575437935582,449675000.0,180276000.0,281412000.0,87151000.0,269399000.0,118209000.0,171583000.0,210476310.0,271276310.0,14.67209245544071,3.229016305033792,0.2650692166564741,0.661180634138765,0.013647326593140965,14.67209245544071,0.016458097583704985,1.6518828875494442,17.734775025278058,1.1675226319643213,0.2696326255476913,0.9096769281526788,0.003800902818944327,0.28335130927892366,1.7683445973081204,0.006598098626786012,18.927725719424462,0.15605575437935582,1.6666666666666667,-0.0934258691429861,0.2000061551456516,-0.28029291049365584,-0.15602716468590833,1.623342175066313,0.7588778409090909,-0.8737919222583379,-0.06213022198021809,0.14498878057929862,Electronic Components,Technology,BELFB
2019Q1,2019,Q1,2019-05-09,2019-03-31,1131000.0,125389000.0,2816000.0,0.09,23560000.0,0.18789526992000893,454240000.0,178153000.0,283262000.0,90685000.0,276087000.0,124785000.0,169451000.0,316901760.0,393538760.0,14.52650032615786,3.1235816287147817,0.2637988728425502,0.6726128664687094,0.008579917714151234,14.52650032615786,0.006348475748373589,2.5273489700053435,70.04901856763925,1.7788179822961163,0.7073386383731212,0.8160355811996635,0.0025244416439971808,0.27604129975343433,1.6281634228372939,0.0024898731947868968,-36.45062801932367,0.18789526992000893,-0.7272727272727273,-0.5759227869804767,0.4239042349281216,-0.27680401583904146,-0.22538221272398487,-0.7190062111801242,-0.6483516483516484,1.0108764816835685,0.00198073169323479,0.28914101367814765,Electronic Components,Technology,BELFB
2018Q4,2018,Q4,2019-03-08,2018-12-31,4025000.0,142733000.0,8008000.0,0.33,30415000.0,0.21309017536238992,443524000.0,176470000.0,290509000.0,106030000.0,267054000.0,120068000.0,168695000.0,225792360.00000003,286094360.0,14.396312612171643,2.7398755069320004,0.25751255850867144,0.6472091573638579,0.017301352074078256,14.396312612171643,0.022808409361364537,1.5819212095310826,14.024370186335405,1.2794943049810168,0.22832298136645962,0.9354532431622081,0.004070111141050122,0.321815730377612,1.5245590870508348,0.00907504441698758,72.74238402061857,0.21309017536238992,-0.6489361702127658,-0.394395450906229,0.46740653826472894,-0.2779874873782969,0.04135994795768138,-0.6454369274136716,-0.23726069149442805,0.3480217071590622,0.023244770241758177,-0.26604878391717646,Electronic Components,Technology,BELFB
2018Q3,2018,Q3,2018-11-07,2018-09-30,11352000.0,146489000.0,10499000.0,0.94,29207000.0,0.19938015823713726,447903000.0,173311000.0,292486000.0,101291000.0,274592000.0,114434000.0,165518000.0,311023935.0,371565935.0,14.26780274965012,2.887581325093049,0.25639033451439264,0.6626122981230274,0.045199605683217126,14.26780274965012,0.06550074721165997,2.1231896934240795,6.849540499471459,1.7946000830876285,0.06932699083861875,1.0248877081986123,0.0025303518843332747,0.3270551882885357,1.6627933380063382,0.02534477331029263,11519.405,0.19938015823713726,0.6785714285714283,0.36008525476138337,0.3594623943234725,-0.26488981907098114,0.00665196112221686,0.7111848055471812,-0.015749507827880378,1.25925983932598,-0.005015922727517962,-0.26902063309008367,Electronic Components,Technology,BELFB
2018Q2,2018,Q2,2018-08-07,2018-06-30,6634000.0,140710000.0,10667000.0,0.56,29014000.0,0.20619714306019474,436748000.0,163297000.0,279120000.0,96205000.0,273451000.0,106448000.0,154985000.0,251197099.99999997,310931100.0,13.586571262168233,2.9013045060028064,0.2643721322135419,0.7070797381458325,0.028103068259363317,13.586571262168233,0.0406253636012909,1.7852114277592208,9.466276002411817,1.5382836181926183,0.12028941814892975,1.0493010671877347,0.003176788267062001,0.32217663274931996,1.6661192245725274,0.015189537215968933,-91.74474068663257,0.20619714306019474,6.090909090909091,1.5899108447060182,0.4186132913222676,-0.27028743723378407,0.37292386315241566,6.091327705295472,23.409610983981693,0.0806093914482538,-0.04610664579902803,-0.29513893155588516,Electronic Components,Technology,BELFB
2018Q1,2018,Q1,2018-05-10,2018-03-31,-1303000.0,118251000.0,437000.0,-0.11,21133000.0,0.1787130764221867,435394000.0,164175000.0,269979000.0,85884000.0,271219000.0,102693000.0,149171000.0,227385899.99999997,282565900.0,13.645997838916132,3.1435308089981837,0.2802794710078687,0.743304400791838,0.0020342613437156253,13.645997838916132,-0.00793665296177859,1.922908897176345,-43.62737912509593,1.3850214709913202,-0.6070606293169608,0.9457119764735669,0.003478667762600935,0.2715953825730258,1.8313306320152765,-0.0029926916769638535,-120.30999999999999,0.1787130764221867,0.9367816091954022,-1.2318756713932046,0.7771415033597678,-0.25877125180034205,-0.04236904114555012,0.9373165921008323,-0.3827683615819209,-1.2303979058648302,-0.18020749733025035,-0.26524031346557697,Electronic Components,Technology,BELFB
2017Q4,2017,Q4,2018-03-09,2017-12-31,-20787000.0,119940000.0,708000.0,-1.74,22068000.0,0.183991995997999,431265000.0,157960000.0,266099000.0,87300000.0,273305000.0,107719000.0,147807000.0,303006300.0,356346300.0,13.123961448986375,3.048098510882016,0.284497930506765,0.7767409470752089,0.033273433961480615,13.123961448986375,-0.1315966067358825,2.5263156578289143,-3.6441802568913264,1.9182470245631806,-0.04493192860922692,0.9085862289846731,0.003082444160401946,0.27811206566728114,1.6971592210767468,-0.04820006260651803,41.76516884906961,0.183991995997999,-5.142857142857143,-6.9430187954072355,0.6204822370884894,-0.28905858561048037,-0.20092696527501178,-5.1375398089171975,-0.8916105327617881,-11.155506500301076,-0.20373014827029165,-0.3064039132592951,Electronic Components,Technology,BELFB
2017Q3,2017,Q3,2017-11-06,2017-09-30,5024000.0,126386000.0,6532000.0,0.42,27617000.0,0.21851312645387938,428488000.0,178095000.0,259502000.0,97611000.0,250393000.0,104522000.0,169402000.0,375616800.0,434540800.0,14.793172190381261,2.6585323375439245,0.2824583185526783,0.6795811224346556,0.02157930996615818,14.793172190381261,0.02820966338190292,2.9719810738531165,18.691122611464966,2.109081108397204,0.15625,0.9449589560092612,0.0020898958726020774,0.29495808517391386,1.4931616313735132,0.01172494912342936,28.749850746268656,0.21851312645387938,0.6153846153846153,0.9055035238040473,0.638633507963876,-0.21321867652750734,-0.049066868672956405,0.6102564102564103,-0.067390062821245,2.2581780084003693,-0.20993192513098016,-0.2408993558807904,Electronic Components,Technology,BELFB
2017Q2,2017,Q2,2017-08-04,2017-06-30,3120000.0,131617000.0,7004000.0,0.26,29042000.0,0.22065538646223512,429939000.0,169623000.0,261383000.0,97502000.0,260316000.0,102992000.0,165200000.0,297239800.0,369091800.0,14.095313279042712,2.680796291358126,0.30356631987328436,0.7694416441166587,0.013453087263524705,14.095313279042712,0.018393731982101483,2.2583693595812093,23.817291666666662,1.7523555178248233,0.2503205128205128,0.9959511418362591,0.002627508160078159,0.30612947418122105,1.5167996553916843,0.0072568434126701695,-330.26644444444446,0.22065538646223512,3.3333333333333335,1.100351124082132,0.7703210610008233,-0.24937138358616348,0.24761577455107828,3.1823056300268098,2.3463927376970855,-0.02663389022023243,0.26563170374666767,-0.3085855390736603,Electronic Components,Technology,BELFB
2017Q1,2017,Q1,2017-05-05,2017-03-31,746000.0,113668000.0,2093000.0,0.06,23278000.0,0.20478938663476087,426489000.0,160828000.0,257199000.0,89397000.0,265661000.0,101650000.0,162899000.0,307111000.0,377807000.0,13.380033277870217,2.87704285378704,0.33524194058932355,0.8890056457830726,0.007108448827336399,13.380033277870217,0.0046384957843161635,2.7018246120280116,102.91923592493298,1.9095617678513692,1.0469168900804289,0.8892277422528283,0.002543054465649228,0.26652035574188315,1.6220790406836918,0.0017491658635978887,-178.03536231884058,0.20478938663476087,-0.7931034482758621,-0.16349254286995038,0.7030513580206934,-0.2886498999837283,-0.05246875890422111,-0.7790938702990821,-0.7254361799816346,-0.714603374453152,0.317004429573391,-0.33388041735892404,Electronic Components,Technology,BELFB
2016Q4,2016,Q4,2017-03-10,2016-12-31,3377000.0,118539000.0,7623000.0,0.29,24567000.0,0.20724824741224407,426740000.0,158434000.0,255442000.0,92327000.0,268306000.0,98871000.0,161287000.0,370212900.0,438046900.0,13.223770970703614,2.766709629902412,0.3309860805174111,0.8915068735246222,0.013506522734042405,13.223770970703614,0.021314869283108422,3.1231316275656114,27.406936630145097,2.3367010868879157,0.2756884809002073,0.9504505871286828,0.002514769204422644,0.27777803814969304,1.6011242648412707,0.007913483620002812,40.32820261437909,0.20724824741224407,-0.6463414634146342,39.58482739948007,0.7018364663954527,-0.29377119662069134,-0.07555973659454375,-0.6522142121524201,-0.1811150499516597,-0.4801466421099098,0.24684900729515658,-0.3367934996896816,Electronic Components,Technology,BELFB
2016Q3,2016,Q3,2016-11-07,2016-09-30,9710000.0,128809000.0,9309000.0,0.82,26575000.0,0.20631322345488282,439623000.0,161996000.0,258878000.0,98104000.0,277627000.0,96344000.0,158724000.0,288110900.0,367815900.0,13.57318810222036,2.6388118731142463,0.33374050038328296,0.9057013753426011,0.03653539302890021,13.57318810222036,0.05993975159880491,2.2367295763494788,7.417891349124615,1.7785062594138128,0.07971163748712667,1.0611350992277673,0.0026864655242130717,0.29299877394949764,1.5412215607926283,0.022087106452574137,33.64209481550677,0.20631322345488282,-0.5751295336787564,8.501606196939616,0.6805273180091974,-0.2792862558004626,0.034368675073952984,-0.5736740428521251,-0.06573665194700923,0.1840214981053789,0.2166201385706986,-0.30067797146610437,Electronic Components,Technology,BELFB
2016Q2,2016,Q2,2016-08-04,2016-06-30,22776000.0,131622000.0,9964000.0,1.93,25692000.0,0.19519533208734102,445493000.0,152540000.0,261702000.0,101345000.0,292953000.0,99336000.0,149829000.0,211653120.0,300686120.0,12.814180107526882,2.5822882233953326,0.3512984491338809,1.0259669594860366,0.08496314102193858,12.814180107526882,0.1493116559590927,1.6080375621096776,2.323203371970495,1.3875253703946506,0.033807516684229016,1.066380768301522,0.003638028109389552,0.2954524537983762,1.4811485519759238,0.05112538244147495,39.02878849345381,0.19519533208734102,1.2257309941520467,40.1927826795549,0.6420709645435495,-0.32426580270841915,0.1134610383981971,1.2261857471994915,1.0963571131548155,7.977640655528529,0.33980922619568593,-0.3117713052410645,Electronic Components,Technology,BELFB
2016Q1,2016,Q1,2016-05-10,2016-03-31,-100696000.0,121182000.0,-103407000.0,-8.55,23074000.0,0.19040781634236106,444681000.0,133823000.0,258954000.0,99605000.0,310858000.0,99981000.0,127862000.0,173389600.0,266257600.0,11.268356348939037,2.599809246523769,0.36411045221181026,1.20990412709325,-0.33352290861884937,11.268356348939037,-0.7524566031250234,1.4308197587100395,-0.43047787399698106,1.2956636751530006,-0.007646778422181616,0.9812664406237185,0.004440866118844498,0.27251445418176173,1.464795943978716,-0.2264454743962526,24.03848606682379,0.19040781634236106,-35.2,-31.58328726889738,0.672146973850724,-0.4113188513153776,-0.11400376300733403,-35.78272884283247,-22.565589155370176,-173.73074938925862,0.8449595172625644,-0.38792092968298736,Electronic Components,Technology,BELFB
2015Q4,2015,Q4,2016-03-11,2015-12-31,2895000.0,135246000.0,4795000.0,0.25,26043000.0,0.19256022359256467,587011000.0,233122000.0,285454000.0,122026000.0,353889000.0,98510000.0,229371000.0,205491650.0,307639650.0,19.61480858224653,2.3392883483847706,0.31888329179521335,0.802961539451446,0.010340285855445544,19.61480858224653,0.012418390370707183,1.5193917010484599,17.74539291882556,0.8814768661902351,0.32573402417962005,1.1085473555984164,0.004588994248671418,0.23039772678876547,1.403864750135217,0.00493176448141517,10.548852669404518,0.19256022359256467,-0.40476190476190477,3.7888263009746868,0.5908833297849145,0.041663641945902954,-0.04994163140230556,-0.4115853658536585,-0.3437799370466676,2.120276782043924,0.8504938784847335,0.0625587259340107,Electronic Components,Technology,BELFB
2015Q3,2015,Q3,2015-11-06,2015-09-30,4920000.0,144161000.0,7307000.0,0.42,27412000.0,0.1901485145080847,605942000.0,232156000.0,297181000.0,120624000.0,373786000.0,104603000.0,227278000.0,231219360.00000003,352646360.0,19.51874894904994,2.4636971083698103,0.3263002069505002,0.851664398077155,0.008539771822821382,19.51874894904994,0.0211926463240235,1.6038967543232916,11.748951219512195,0.9959654714933064,0.15609756097560976,1.1161152165807864,0.0033215211736595065,0.23791220941938337,1.402357739753283,0.008119589003567998,12.514578913184673,0.1901485145080847,-0.19230769230769237,-0.5131745678946543,0.6695423564374635,0.025347399242895283,-0.04019607843137255,-0.1883866710656549,-0.01945786366076221,0.8888075435578381,0.891878008123635,0.03811318715306893,Electronic Components,Technology,BELFB
2015Q2,2015,Q2,2015-08-07,2015-06-30,6062000.0,145658000.0,7452000.0,0.52,28560000.0,0.19607573905998985,619828000.0,228762000.0,305547000.0,128654000.0,391066000.0,111241000.0,223170000.0,243531360.0,378373360.0,19.275530839231546,2.3749514200879878,0.3327536026123376,0.9015920476302882,0.018967208462459043,19.275530839231546,0.026499156328411187,1.6719394746598195,10.043358627515671,1.06456212133134,0.1258660508083141,1.0526514504544189,0.00313306672290583,0.23499745090573515,1.3206041009218523,0.009780132552901773,54.130108913091796,0.19607573905998985,0.08333333333333341,0.2697284973185695,0.8427441105839251,0.06242724974578692,0.05290322580645161,0.08872126436781609,-0.2037610855860669,3.137954501107074,0.9865836668643285,0.02649474744255307,Electronic Components,Technology,BELFB
2015Q1,2015,Q1,2015-05-08,2015-03-31,5568000.0,142015000.0,9359000.0,0.48,27125000.0,0.19100095060380945,622912000.0,219986000.0,303771000.0,122261000.0,402926000.0,111908000.0,218660000.0,225410350.0,367715350.0,18.57205571971296,2.4846107916670075,0.3546841287372855,1.0043230023728782,0.015587703637392583,18.57205571971296,0.025310701590101188,1.587229165933176,10.12079516882184,1.0246577054903494,0.1372126436781609,1.0266468885155664,0.0033893740904088914,0.2279856544744683,1.4105233884885613,0.008938662282954896,16.76786059659302,0.19100095060380945,1.8235294117647054,169.97391304347823,1.4852655241062793,0.03862732026916627,-0.026696329254727477,1.7564356435643564,2.3117480537862702,5.335773142820796,1.1592013699163481,-0.01261578208656744,Electronic Components,Technology,BELFB
2014Q4,2014,Q4,2015-03-13,2014-12-31,2020000.0,148650000.0,2826000.0,0.17,27869000.0,0.18748065926673393,636025000.0,224751000.0,310656000.0,121802000.0,411274000.0,113630000.0,213901000.0,324744520.0,480231520.0,18.92161980131335,2.550499991789954,0.3657482017216304,1.0350343268772997,0.01107455384089518,18.92161980131335,0.008987724192550867,2.184625092499159,40.19115346534653,1.4449080093080788,0.4405940594059406,1.0629323242101558,0.0027406159155510925,0.23371722809637985,1.4510681269601484,0.0031759757871152863,-1135.4703496503496,0.18748065926673393,0.30769230769230776,-0.3169927155666227,1.9930952180069272,0.054068945242883214,-0.00790288704567299,0.3404114134041141,-0.3951198630136986,23.486897276785534,1.152639112328839,0.010528157201495953,Electronic Components,Technology,BELFB
2014Q3,2014,Q3,2014-11-10,2014-09-30,1507000.0,156341000.0,4672000.0,0.13,28091000.0,0.17967775567509484,643487000.0,229293000.0,317877000.0,124492000.0,414194000.0,113506000.0,212691000.0,291090840.0,443426840.0,19.48776134625191,2.553392989107734,0.3659374626060822,1.0269654982925775,0.0053643146139484305,19.48776134625191,0.006572376827901419,1.8618970071830165,48.28978765759787,1.2695147257003048,0.5036496350364964,1.1298962169400737,0.0026074334733446093,0.24295906521810076,1.5514571217427626,0.0023419276535501105,73.21198189134809,0.17967775567509484,-0.5185185185185185,1.1369793895774143,2.3741852628925084,0.07594764404505029,0.5653070322077343,-0.5083197389885807,0.2579429186860528,0.49583822953388185,1.0690254500973446,0.03476775980336375,Electronic Components,Technology,BELFB
2014Q2,2014,Q2,2014-08-11,2014-06-30,3065000.0,99439000.0,3714000.0,0.27,17946000.0,0.18047245044700772,494843000.0,234584000.0,298877000.0,108938000.0,260259000.0,98706000.0,211994000.0,295384690.0,353094690.0,20.38619970452768,2.7435513778479503,0.2939902150783178,0.6201573849878934,0.008465623652436416,20.38619970452768,0.013065682228967023,2.9705114693430144,24.093367862969004,1.2591851532926372,0.2466557911908646,0.8256134378862481,0.0025593743534913743,0.2009506045351758,1.723200352494079,0.0061938837166535645,32.349653926185525,0.18047245044700772,0.22727272727272735,3.4118946192446162,1.2151167869320836,0.07615425037008604,0.27547974413646054,0.2245305633240112,0.28913571676501215,6.456195577362545,0.2833673597468035,0.07503189260413445,Electronic Components,Technology,BELFB
2014Q1,2014,Q1,2014-05-12,2014-03-31,2503000.0,82646000.0,2881000.0,0.22,14070000.0,0.17024417394671248,290904000.0,231196000.0,188105000.0,46661000.0,59708000.0,67976000.0,209712000.0,252068999.99999997,202850999.99999997,20.08653344917463,4.0313109449004525,0.016115282017435305,0.020277167425041955,0.010534361461948596,20.08653344917463,0.010826311873907852,3.0499842702611133,25.17668797443068,1.0902827038530079,0.30163803435876946,1.0088266446981287,0.0029952116285620212,0.2841005967604433,2.4332740404191937,0.00860421307372879,424.3585858585858,0.17024417394671248,-0.6615384615384616,2.074936150257236,0.8884683753753129,0.07116088122098846,-0.16065143470739127,-0.5975237176394919,-0.4870927541392202,-0.2156179261908104,0.17666554200687068,0.04936010344273015,Electronic Components,Technology,BELFB
2013Q4,2013,Q4,2014-03-13,2013-12-31,6219000.0,91016000.0,5617000.0,0.65,16763000.0,0.18417640854355277,308050000.0,228702000.0,204194000.0,66890000.0,79348000.0,70019000.0,207993000.0,244425700.0,195041700.0,19.939145597210114,3.0526835102406937,0.04135367635124168,0.05570130562915934,0.02619623732511478,19.939145597210114,0.027192591232258572,2.6855245231607627,9.825763788390415,1.0687519129697158,0.1361955298279466,1.060469301189677,0.0034652657228761135,0.29545852945950335,1.9085214531320078,0.020188281123194287,90.29394163280384,0.18417640854355277,-0.05797101449275352,1.3000055787573672,0.5768689115410985,0.05643613032408579,-0.1796515611236175,-0.2063552833078101,-0.3255283381364073,7.207678586357332,0.10934700426796916,0.05888787713576974,Electronic Components,Technology,BELFB
2013Q3,2013,Q3,2013-11-08,2013-09-30,7836000.0,101164000.0,8328000.0,0.69,20434000.0,0.2019888497884623,318397000.0,221341000.0,213537000.0,83362000.0,97056000.0,71779000.0,202556000.0,198885760.0,164497760.0,19.40906699403718,2.561562822389098,0.039359667333548995,0.05661852074401037,0.03305682639239003,19.40906699403718,0.03540238817028928,1.9659736665216876,6.345257784583972,0.8985491165215664,0.0959673302705462,1.1247022109530642,0.0037810650697164038,0.31772912433220163,1.4280127636093185,0.024610784649352853,30.37815182526348,0.2019888497884623,2.1363636363636362,3.046631929872247,0.5181920670358777,-0.06356379099556381,0.2819322459222083,2.2286773794808403,2.268445839874411,-0.19132632041431313,0.22193013056012065,0.019585651519730664,Electronic Components,Technology,BELFB
2013Q2,2013,Q2,2013-08-07,2013-06-30,2427000.0,93981000.0,2548000.0,0.22,15940000.0,0.16960875070492973,289416000.0,212034000.0,192985000.0,63236000.0,77382000.0,66604000.0,195550000.0,161140200.0,122890200.0,18.619072708113805,3.0518217471060787,0.0012058766619675485,0.00164596243998604,0.011138940026355425,18.619072708113805,0.011446277483799767,1.7146040157053022,16.598702101359702,0.7599734004923738,0.30902348578491967,1.1717164134286229,0.004654332066113856,0.3247263454681151,1.6479062559301663,0.008385852889957707,-21.348728139904612,0.16960875070492973,5.4,0.3976974847539244,0.3528185591203786,-0.10857591498797858,0.7504941796617615,5.38878842676311,2.7943661971830984,-0.4702209376834087,0.23908423199714005,0.02624464016508571,Electronic Components,Technology,BELFB
2013Q1,2013,Q1,2013-05-09,2013-03-31,-553000.0,63028000.0,-1420000.0,-0.05,9106000.0,0.1444754712191407,285364000.0,209800000.0,187948000.0,61700000.0,75564000.0,60696000.0,193897000.0,171395840.0,118205840.0,18.40996840996841,3.0461588330632092,0.0004275241446012812,0.0005815061963775023,-0.002704788680143518,18.40996840996841,-0.002635843660629171,2.7193602843180806,-77.48455696202531,0.8169487130600571,-1.3779385171790235,0.8883946223803875,0.004445848860742479,0.22086878513057007,1.7009562398703404,-0.0019378758357746597,286.13662771285476,0.1444754712191407,0.7727272727272727,-1.2651194350368324,0.07575334470857653,-0.126128021799998,-0.19036187427758514,0.7820260149783208,0.5444337504010266,-18.649742782555283,0.1464489687254118,0.02956271747503779,Electronic Components,Technology,BELFB
2012Q4,2012,Q4,2013-03-12,2012-12-31,-2537000.0,71752000.0,-3117000.0,-0.22,11247000.0,0.15674824395138812,275218000.0,215391000.0,191136000.0,46388000.0,59827000.0,54924000.0,195212000.0,228109400.0,157052400.0,18.459976002742543,4.120375959299819,0.0007448640713906794,0.0009517575014740635,-0.01137330933783558,18.459976002742543,-0.011778579420681458,3.1791364700635523,-22.47826172644856,1.059047963935355,-0.3448955459203784,1.1016131381545409,0.003835878749407083,0.2607096919532879,2.5287789945675607,-0.009218147068869042,93.449160180254,0.15674824395138812,-2.004553846153846,-1.2510334191857249,0.049993399133000084,-0.10621698230413032,-0.11126037139470565,-1.9757692307692307,-4.040975609756098,-1.8732555084506168,0.47074212287408745,0.02835209874945169,Electronic Components,Technology,BELFB
2012Q3,2012,Q3,2012-11-09,2012-09-30,2600000.0,76059000.0,1025000.0,0.21900269541778974,12655000.0,0.1663839913751167,285055000.0,223219000.0,199226000.0,49588000.0,61836000.0,56265000.0,198541000.0,228536000.0,159180000.0,18.80213948787062,4.017625231910946,0.0,0.0,0.015093486535298888,18.80213948787062,0.011647753999435531,3.004720019984486,21.974615384615387,1.0238196569288458,0.3019230769230769,1.1268817204301076,0.0034349074106486506,0.26682219220852116,2.479692667580866,0.009121046815526827,35.208134339855185,0.1663839913751167,0.7741763131180069,-0.6565137712334072,-0.10472645672724656,-0.2606492144596714,0.039766658450414924,0.7771701982228298,-0.56622936944562,1.2342180054510012,0.6268653374587716,0.03809346417676995,Electronic Components,Technology,BELFB
2012Q2,2012,Q2,2012-08-06,2012-06-30,1463000.0,73222000.0,2363000.0,0.12343908201147485,12171000.0,0.16622053481194177,280146000.0,222557000.0,209551000.0,43910000.0,57589000.0,57564000.0,196752000.0,208713720.0,150035720.0,18.778012149848127,4.7722842177180596,0.0,0.0,0.00791713018282911,18.778012149848127,0.006573596876305845,2.850423643167354,35.66536568694463,0.9377989458880197,0.5352016404647983,1.0605760544784935,0.003751550209540609,0.26137085662475995,3.0126167160100206,0.005222276955587444,-61.35029982363316,0.16622053481194177,0.7634154573067835,-0.76261714689403,0.18745784023697723,-0.040818681163513594,0.1670342314699396,0.6700913242009132,0.6478382147838215,2.1177447693460434,0.5836234990379485,-0.008739349096434692,Electronic Components,Technology,BELFB
2012Q1,2012,Q1,2012-05-07,2012-03-31,876000.0,65561000.0,1434000.0,0.07,10429000.0,0.15907322951144737,279336000.0,222082000.0,207317000.0,43789000.0,57254000.0,56855000.0,196100000.0,208629690.00000003,144718690.00000003,18.809350385364613,4.734453858274909,0.0,0.0,0.0037459584017382514,18.809350385364613,0.003944488972541673,3.182222510333888,59.540436643835626,0.9394263830477032,0.8926940639269406,0.9696948377451412,0.0037482680437285793,0.2347030099951313,2.9923953504304732,0.003136008248131283,156.27692134831463,0.15907322951144737,9.144927536231885,-0.8302488800174287,-0.17591973718208254,-0.25378401131936734,0.016669916162994736,9.682926829268293,0.32287822878228783,0.04909572960208056,0.46039119945807994,0.00305213863616602,Electronic Components,Technology,BELFB
2011Q4,2011,Q4,2012-03-12,2011-12-31,82000.0,68642000.0,1084000.0,0.0069,10258000.0,0.14944203257480843,276911000.0,221080000.0,207689000.0,42425000.0,55831000.0,53361000.0,196029000.0,221381250.0,156076250.0,18.72448547471839,4.895439010017678,0.0,0.0,0.00034660569118371865,18.72448547471839,0.0003709064592002895,3.2251573380729,674.9428353658536,1.0013626289126107,10.597560975609756,1.0941324188077435,0.003925355015386353,0.24788469941605787,3.2044784914555096,0.00029612402540888586,28.33136037880727,0.14944203257480843,-0.9197674418604651,-0.9864374243024361,-0.11961828219111668,-0.22685292447016497,-0.14786509386941352,-0.9189723320158103,-0.4406604747162023,1.0038427884876202,0.15529163689500441,-0.007920230042914365,Electronic Components,Technology,BELFB
2011Q3,2011,Q3,2011-11-04,2011-09-30,1012000.0,75903000.0,1938000.0,0.086,12038000.0,0.15859715689761933,279118000.0,222587000.0,210695000.0,44211000.0,56531000.0,54158000.0,196765000.0,184258210.0,111578210.0,18.832980793637365,4.765669177354052,0.0,0.0,0.00428143266967215,18.832980793637365,0.004546536859744729,2.4275484499953888,45.518332509881425,0.8278031062011707,0.7707509881422925,1.179234831419181,0.004233189934928816,0.27193874991938893,3.4007373730519554,0.0036257066903603494,45.67630391670798,0.15859715689761933,2.72,-0.8692310746660269,0.03696984414479415,0.009456444674319367,-0.12799710249909452,2.7630662020905925,11.1125,-0.49573797307747464,0.09909730307878042,-0.09135842830233937,Electronic Components,Technology,BELFB
2011Q2,2011,Q2,2011-08-08,2011-06-30,-574000.0,79173000.0,160000.0,-0.05,13805000.0,0.17436499816856757,284423000.0,222971000.0,213210000.0,50196000.0,61452000.0,56269000.0,196553000.0,255031020.00000003,187002020.00000003,18.9633441061405,4.247549605546259,0.0,0.0,-0.0011072369071767518,18.9633441061405,-0.002574325809185948,3.221186768216438,-111.07622822299652,1.1437856044059542,-1.3554006968641115,1.1617053795162522,0.0030506092945085657,0.27836356412807683,3.0023109411108453,-0.00201812089739578,41.698989535644216,0.17436499816856757,-1.1785714285714286,-1.0657136528353628,0.19493360667208823,0.050085032576488685,-0.03265363324223951,-1.1769420468557337,-0.96203132415757,-1.320161644705124,0.10380052142391279,-0.09209325654452027,Electronic Components,Technology,BELFB
2011Q1,2011,Q1,2011-05-06,2011-03-31,3244000.0,71403000.0,4214000.0,0.28,14271000.0,0.1998655518675686,274696000.0,223977000.0,202171000.0,39729000.0,50719000.0,57309000.0,197924000.0,257539010.00000003,189098010.00000003,19.141697290829843,5.0887512899896805,0.0,0.0,0.014253623747235489,19.141697290829843,0.014483630015581957,3.6068373877848274,19.84733430949445,1.149845787737134,0.23982737361282366,0.9969114798722714,0.0030209015713774778,0.2599346186329615,3.549170631025196,0.011809418411625942,27.470827733333337,0.1998655518675686,4.205862147927639,-0.1850781237124633,0.31255301173832695,0.07410330256132835,-0.20874916833000665,4.174168297455969,35.643478260869564,0.5147004033393667,0.18692997839572958,-0.09139480822869071,Electronic Components,Technology,BELFB
2010Q4,2010,Q4,2011-03-11,2010-12-31,-1022000.0,83697000.0,115000.0,-0.08734,18036000.0,0.21549159468081294,277172000.0,220333000.0,203564000.0,46268000.0,56839000.0,56970000.0,195477000.0,279653900.0,218369900.0,18.83027091701564,4.399671479208092,0.0,0.0,-0.0025400946143640155,18.83027091701564,-0.004638433643621246,3.341265517282579,-68.40848825831702,1.2692329337865866,-0.8385518590998043,1.1525539757767247,0.0030645022293627946,0.3019677312282626,3.095379095703294,-0.003687241135468229,34.843496137552954,0.21549159468081294,-1.1027896238938053,-1.314333565624441,0.4826847860830919,0.09759294732622,-0.10562332639095508,-1.1027755430410298,-0.9877307158860557,-1.1008405976853344,0.22133805865429876,-0.08828828587097837,Electronic Components,Technology,BELFB
2010Q3,2010,Q3,2010-11-05,2010-09-30,9944000.0,84961000.0,9373000.0,0.8496966589763308,20166000.0,0.23735596332434883,274162000.0,222781000.0,198401000.0,41792000.0,51381000.0,57345000.0,197296000.0,243656460.0,183489460.0,19.036230026488933,4.747343989280245,0.0,0.0,0.044225265337750085,19.036230026488933,0.04463576337299859,2.867862430997752,6.1257155068382945,1.093703951414169,0.07803700724054706,1.1299154241869387,0.003184811927416166,0.3098934206782851,3.2913476263399692,0.03627052618524814,120.98136047666335,0.23735596332434883,1.124241647440827,0.6323858515691031,0.4843684683642185,0.1259551191935402,0.2559790732436472,1.1179978700745474,0.6334959916347159,0.3326735565084087,0.014498566773013144,-0.2514441437427638,Electronic Components,Technology,BELFB
2010Q2,2010,Q2,2010-08-06,2010-06-30,4695000.0,77732000.0,5738000.0,0.4,16056000.0,0.20655585859105646,260461000.0,211746000.0,182860000.0,38985000.0,48715000.0,50122000.0,188149000.0,192688210.00000003,130206210.00000003,18.142918344614856,4.690521995639348,0.0,0.0,0.021733426732845056,18.142918344614856,0.022172791929953813,2.4788788401173267,10.260288072417465,0.9099969302843975,0.16485623003194888,1.2305175372092094,0.004016851887305403,0.29844007356187685,3.312966525586764,0.01802573129950357,-111.44488721804512,0.20655585859105646,144.4875,-0.30818379378943395,0.32734481465284493,0.11354926208152419,0.7651715039577837,145.71875,87.93939393939394,-0.22638623330115118,0.2801475456932867,-0.07325928823242844,Electronic Components,Technology,BELFB
2010Q1,2010,Q1,2010-05-07,2010-03-31,32000.0,56149000.0,-66000.0,0.0027493770942520835,9096000.0,0.16199754225364654,250557000.0,208121000.0,171504000.0,33176000.0,42436000.0,43611000.0,184252000.0,234525849.99999997,165786849.99999997,17.881347194776183,5.169520135037376,0.0,0.0,-0.00018121326398722718,17.881347194776183,0.00015375670883764733,4.17684820744804,1832.2332031249998,1.1268725885422421,24.1875,1.0789250418472405,0.0033002758544527187,0.22409671252449542,3.7558777429467085,0.00012771544997745025,-75.62910351499515,0.16199754225364654,-0.9890024916229917,-0.992751592256386,0.20733820070842382,0.13119876040577416,0.27573632538569426,-0.9889579020013802,0.9183168316831684,-0.9937095398484806,-0.2840381781591158,-0.2906003183249803,Electronic Components,Technology,BELFB
2009Q4,2009,Q4,2010-03-12,2009-12-31,2898000.0,48665000.0,-808000.0,0.25,7130000.0,0.14651186684475495,245946000.0,208932000.0,195830000.0,27997000.0,37014000.0,31791000.0,185014000.0,250122109.99999997,133882109.99999997,17.951026720508636,6.994678001214416,0.0,0.0,-0.0023810065056708877,17.951026720508636,0.013870541611624834,5.139671427103667,21.577131642512075,1.1971460092278825,0.2832988267770876,1.3065018401434367,0.0032823967461333187,0.19786863783106862,5.79601385862771,0.011783074333390256,-67.20099677592691,0.14651186684475495,1.2673688128183025,-0.5302276553561839,-0.0353383318752514,0.14385181694519072,0.8927528537297584,1.26953125,0.949278091650973,-0.5137600938028167,-0.36682798858747606,-0.2587895763299787,Electronic Components,Technology,BELFB
2009Q3,2009,Q3,2009-11-06,2009-09-30,-10752000.0,45283000.0,-15930000.0,-0.935038,3767000.0,0.08318795132831305,244493000.0,208272000.0,193200000.0,26585000.0,36221000.0,29795000.0,182910000.0,218825970.0,112497970.0,18.112183668145057,7.2672559714124505,0.0,0.0,-0.05414689475679876,18.112183668145057,-0.05162479834063148,4.832408851003688,-5.088029436383929,1.0506739744180686,-0.07180059523809523,1.3933881523745595,0.0035279176415852283,0.18521184655593412,6.02328380665789,-0.04397671916987399,20.246666358253147,0.08318795132831305,-7.500345454545455,-2.5367553830868546,-0.10731408741878723,0.20131043093475606,-0.20560944749051033,-7.452830188679245,-4.546657381615599,-2.428018903815232,-0.36413776027229183,-0.02917861323837996,Electronic Components,Technology,BELFB
2009Q2,2009,Q2,2009-08-10,2009-06-30,-1272000.0,44934000.0,-2872000.0,-0.11,4742000.0,0.10553255886411181,251093000.0,218192000.0,186985000.0,22493000.0,32901000.0,31619000.0,194443000.0,184748720.0,93467720.0,18.943566591422123,8.313030720668653,0.0,0.0,-0.010061886214540757,18.943566591422123,-0.005829727946029185,4.1115573952908715,-36.31067610062893,0.846725452812202,-0.6069182389937107,1.2711344444795851,0.004178648707281978,0.1789536147961114,6.71417774418708,-0.005065852094642224,39.31660353266653,0.10553255886411181,-2.571428571428571,-1.1738354979108,-0.09325273888567445,0.32536446142008124,-0.16219081272084807,-2.5588235294117645,-2.2713590084108013,-1.1486576316858061,-0.3076939342817133,0.04898986328192293,Electronic Components,Technology,BELFB
2009Q1,2009,Q1,2009-05-11,2009-03-31,816000.0,43871000.0,2259000.0,0.07,5660000.0,0.12901461101866837,248724000.0,216367000.0,185309000.0,22144000.0,32357000.0,38420000.0,196497000.0,155074362.23999998,70575362.23999998,18.752116326614274,8.368361632947977,0.0,0.0,0.0034773570189652256,18.752116326614274,0.0037713699408874735,3.534780657837751,47.51052764705882,0.7167191033752836,0.946078431372549,0.9945601249349297,0.004978256810788739,0.17638426529004037,6.338330924855492,0.003280744922082308,10.395814321914592,0.12901461101866837,1.0387320241909157,-0.8297802494102591,0.005695447172301275,0.38117663714168065,-0.09815168897386871,1.0391310602790966,1.1236859395532195,-0.7921224766695008,-0.18217539615250966,0.052242639218823494,Electronic Components,Technology,BELFB
2008Q4,2008,Q4,2009-03-13,2008-12-31,-20853000.0,58063000.0,-18264000.0,-1.80729,6276000.0,0.10808948900332398,261784000.0,217773000.0,193619000.0,29634000.0,44011000.0,46524000.0,196467000.0,244611345.2,179609345.2,18.873971672185547,6.533677532563947,0.0,0.0,-0.10514868202441852,18.873971672185547,-0.09575567219076746,4.212860947591409,-2.932567798398312,1.1232400031225174,-0.03980242650937515,1.1131244089072307,0.0033931377930217117,0.22179735965528832,4.6821218870216645,-0.07965727469975246,-55.01829626630679,0.10808948900332398,-13.909214285714286,-4.617906466342361,0.3152475956740853,0.4398916534487671,-0.4094288133998306,-11.715827338129497,-14.390029325513197,-7.5041515307230675,0.04308729386228585,0.1001402097038408,Electronic Components,Technology,BELFB
2008Q3,2008,Q3,2008-11-07,2008-09-30,1946000.0,66964000.0,1364000.0,0.14,10627000.0,0.15869721044143123,288502000.0,237534000.0,200460000.0,37620000.0,50968000.0,49136000.0,218107000.0,326277246.36,256424246.36,20.72652339519395,5.328548644338118,0.0,0.0,0.022574920268724104,20.72652339519395,0.008192511387843425,4.872427668000717,41.91639855601233,1.3736022900300588,0.40596094552929085,1.1465524259198958,0.0024212537307255213,0.23210930946752537,3.946730462519936,0.006745187208407567,142.6036915909091,0.15869721044143123,-0.06666666666666654,-0.48380771144759266,0.40571410984250433,0.6296899023394248,-0.19106340869300448,0.07454445057979017,-0.6459901375551518,-0.6737861273353625,0.19470691207659457,0.22593260784460245,Electronic Components,Technology,BELFB
2008Q2,2008,Q2,2008-08-08,2008-06-30,1811000.0,72454000.0,3853000.0,0.15,13137000.0,0.18131504126756287,302522000.0,248075000.0,215400000.0,37408000.0,54447000.0,46295000.0,216947000.0,293482399.7,217202399.7,20.886885401871,5.758126603934987,0.0,0.0,0.013368686030725562,20.886885401871,0.007300211629547516,4.05060313716289,40.513859704583105,1.1830389990930161,0.44561016013252347,1.281283075926126,0.0027497389990845163,0.23949993719465032,4.42731501283148,0.005986341489214008,-98.91553747893495,0.18131504126756287,-0.16666666666666666,-0.3941122172085249,0.4911610335562149,0.6940130409475294,0.16970884159914523,-0.16428241808952468,0.6766753698868582,-0.7377760602565712,0.2157521192856107,0.28196442185600074,Electronic Components,Technology,BELFB
2008Q1,2008,Q1,2008-05-09,2008-03-31,2167000.0,60869000.0,2298000.0,0.18,11231000.0,0.18451099903070528,298151000.0,249421000.0,205170000.0,32059000.0,48730000.0,42484000.0,215952000.0,329844235.28,250819235.27999997,21.067122953054508,6.39976293708475,0.0,0.0,0.006811771969716048,21.067122953054508,0.008688121689833656,5.418919898141911,38.0530959021689,1.3224397114918152,0.35302261190586065,1.1683928067037002,0.002319276549886047,0.20415494162353975,4.9609158114725975,0.0072681292365278,40.09289355536647,0.18451099903070528,-0.793103448275862,0.12531510512407307,1.2556728695538948,0.7447558886377514,-0.25671145348020324,-0.7886809645236589,-0.783992835104379,-0.5174532103235123,0.28668122847429844,0.3327353420425312,Electronic Components,Technology,BELFB
2007Q4,2007,Q4,2008-03-17,2007-12-31,10254637.0,69339197.0,10638536.0,0.87,15109879.0,0.2179125177927861,293860000.0,244527000.0,206231000.0,33060000.0,49333000.0,39049000.0,214580000.0,346537715.96,274775715.96,20.653755595325013,6.238082274652148,0.0,0.0,0.03890464010768037,20.653755595325013,0.041936624585424104,4.997717466500225,8.448317477254436,1.417175673688386,0.07679940304079023,1.3887504929703705,0.002272624201432969,0.2359599707343633,4.3113430127041745,0.03489633498945076,584.3737358243662,0.2179125177927861,0.74,15.825408882432857,1.3842818441704516,0.7301809540124697,0.07229938952250786,0.7338886369546597,0.8580365989269061,0.6341700201058414,0.35121663698510475,0.31607156695185473,Electronic Components,Technology,BELFB
2007Q3,2007,Q3,2007-11-09,2007-09-30,5914242.0,66378882.0,5725687.0,0.5,14091101.0,0.21228289141718296,288323862.0,235893347.0,203314981.0,35552040.0,52430515.0,42543340.0,205120117.0,332821516.56,14338609503.56,25.43060730520457,5.718799286904493,0.0,0.0,0.020900920477542474,25.43060730520457,0.025071677837527142,5.013966890252837,14.06864635231362,1.4108982758212338,0.09479845430741589,1.2290473902613195,0.0016845695728897557,0.23022333822651142,4.332074896405382,0.020512495771161668,124.69564000358177,0.21228289141718296,-0.03846153846153849,2.990576553567283,1.8541888224656824,1.1109772237241506,0.08279224845873609,-0.039581616389127286,0.21436932376970516,0.047889989607930505,0.6221631693785857,0.6867128989243855,Electronic Components,Technology,BELFB
2007Q2,2007,Q2,2007-08-09,2007-06-30,6157985.0,61612245.0,4714947.0,0.52,13013670.0,0.21121889001123073,282425748.0,231837771.0,198084109.0,35296323.0,50587977.0,43995494.0,200001875.0,402992754.37,13196201687.37,19.57712455516375,5.612032420487539,0.0,0.0,0.015228212896366566,19.57712455516375,0.02656161234400412,6.540789973973518,16.360577135621472,1.7382532304022196,0.0920187366484329,1.1046261919459297,0.0014061046851471211,0.21815378178621306,4.162515370227092,0.021803907907150165,124.47998689384416,0.21121889001123073,0.5294117647058822,3.391790642778026,1.2975227893628078,0.6407488611570051,-0.064797507788162,0.5359880532862941,0.06364263912669785,-0.1814753425778279,0.20926084424384894,0.36969060271667575,Electronic Components,Technology,BELFB
2007Q1,2007,Q1,2007-05-10,2007-03-31,4009136.0,61806676.0,4432830.0,0.34,13915350.0,0.225143154438527,276504304.0,231210813.0,192827653.0,35184822.0,45293491.0,44592305.0,194403890.0,355076610.56,11031211350.56,25.20630845584131,5.480421444223876,0.0,0.0,0.01494208774825896,25.20630845584131,0.017339742670253056,5.744955618710186,22.14171647956068,1.5357266641331346,0.13921677887704484,1.0739818450739427,0.0015718833158842689,0.22352880264749875,4.14349778435713,0.014499362006314376,87.08168377186873,0.225143154438527,-0.3333333333333333,3.6039777344014072,3.4256630496583726,1.122730625084652,0.019708419824391792,-0.1464680538875688,-0.026360226706647536,0.05199196008817622,0.782239966970307,0.8565565476139834,Electronic Components,Technology,BELFB
