Quarters,Year,Quarter,FillingDate,Date,NetIncome,Revenue,OperatingIncome,EPSDiluted,GrossProfit,GrossProfitRatio,TotalAssets,CommonStockEquity,CurrentAssets,CurrentLiability,TotalLiability,Inventory,RetainedEarnings,MarketCap,EnterpriseValue,bookValuePerShare,currentRatio,debtToAssets,debtToEquity,roic,shareholdersEquityPerShare,roe,priceToSalesRatio,peRatio,pbRatio,payoutRatio,inventoryTurnover,dividendYield,assetTurnover,quickRatio,returnOnAssets,priceToFreeCashFlowsRatio,grossProfitMargin,epsdilutedGrowth,fiveYNetIncomeGrowthPerShare,fiveYRevenueGrowthPerShare,fiveYShareholdersEquityGrowthPerShare,grossProfitGrowth,netIncomeGrowth,operatingIncomeGrowth,threeYNetIncomeGrowthPerShare,threeYRevenueGrowthPerShare,threeYShareholdersEquityGrowthPerShare,Industry,Sector,Symbol
2023Q1,2023,Q1,2023-05-11,2023-03-31,-5804000.0,0.0,-7319000.0,-0.46,0.0,0.0,22060000.0,14642000.0,18974000.0,7338000.0,7418000.0,0.0,-411961000.0,7153607.3245,-4201392.6755,1.167699123125108,2.58571817934042,0.003626473254759746,0.005463734462505122,-0.40284208979453356,1.167699123125108,-0.39639393525474664,0.0,-0.30813263802980706,0.48856763587624646,-0.00861474844934528,0.0,0.006989480653873427,0.0,2.504633415099482,-0.2631006346328196,-1.0417369046890927,0.0,0.22033898305084737,0.7941719324295262,0.0,-0.9656548169459521,0.0,0.21768432403288854,0.17252685132843415,0.6737161591917162,0.0,-0.9033568558859257,Biotechnology,Healthcare,CYCC
2022Q4,2022,Q4,2023-03-08,2022-12-31,-7419000.0,0.0,-8845000.0,-0.59,0.0,0.0,27501000.0,15509000.0,24411000.0,7392000.0,11992000.0,-5640000.0,-406157000.0,8363639.063,-9875360.936999999,1.2368423508091313,3.302353896103896,0.0038544052943529326,0.006834741118060481,-0.4637890931450502,1.2368423508091313,-0.47836739957444063,0.0,-0.2818317516848632,0.5392764886839899,-0.0067394527564361775,0.0,0.005978258940082143,0.0,3.2447240259740258,-0.2697720082906076,-1.6180371893095287,0.0,-0.43902439024390244,0.8103028849297144,0.0,-0.9659125657142067,0.0,-0.45584772370486654,-0.36771300448430494,0.7792491247529848,0.0,-0.9090636959894715,Biotechnology,Healthcare,CYCC
2022Q3,2022,Q3,2022-11-10,2022-09-30,-5096000.0,0.0,-6467000.0,-0.41,0.0,0.0,31021000.0,26561000.0,27915000.0,4353000.0,4460000.0,0.0,-398738000.0,17979431.34,-5619568.66,2.1568568697568162,6.4128187456926256,0.0034492762967022338,0.004028462783780731,-0.20144736476150743,2.1568568697568162,-0.19186024622566922,0.0,-0.8820364668367348,0.6769109348292609,-0.009811616954474097,0.0,0.002780955584994603,0.0,6.373765219388927,-0.1642758131588279,-2.5802831914491473,0.0,0.08888888888888896,0.8904132070591546,0.0,-0.954783791603971,0.0,-0.11387978142076503,-0.11789109766637856,0.8127931878694482,0.0,-0.8660920737599537,Biotechnology,Healthcare,CYCC
2022Q2,2022,Q2,2022-08-11,2022-06-30,-4575000.0,0.0,-5785000.0,-0.45,0.0,0.0,35346000.0,30207000.0,32077000.0,5026000.0,5139000.0,921000.0,-393642000.0,10946976.120000001,-18017023.88,2.980143524785546,6.382212495025866,0.0031969671249929272,0.0037408547687622076,-0.1564418783122512,2.980143524785546,-0.1514549607706823,0.0,-0.5981954163934426,0.36239865329228327,-0.011147540983606558,0.0,0.004658820795892994,0.0,6.18324711500199,-0.1294347309455101,-5.707495370177268,0.0,-0.09756097560975618,0.9542405614125445,0.0,-0.9432138722411051,0.0,-0.11368062317429406,0.11800579356609239,0.782295813217543,0.0,-0.8370785410318149,Biotechnology,Healthcare,CYCC
2022Q1,2022,Q1,2022-05-12,2022-03-31,-4108000.0,0.0,-6559000.0,-0.41,0.0,0.0,39629000.0,33410000.0,36577000.0,6204000.0,6219000.0,667000.0,-389067000.0,30479061.75,855061.75,3.343295172135671,5.895712443584784,0.0003785106866183855,0.0004489673750374139,-0.15359373831417694,3.343295172135671,-0.12295719844357976,0.0,-1.854860135710808,0.9122736231667166,-0.012171372930866602,0.0,0.0016404704452557502,0.0,5.540135396518375,-0.10366146004188852,-4.496099977872842,0.0,0.2807017543859649,0.9435413615305428,0.0,-0.9442959762262189,0.0,0.22417374881964117,-6.46128226477935,0.8478163400325245,0.0,-0.8701317891930189,Biotechnology,Healthcare,CYCC
2021Q4,2021,Q4,2022-03-30,2021-12-31,-5295000.0,0.0,1201000.0,-0.57,0.0,0.0,42587000.0,37263000.0,40942000.0,5294000.0,5324000.0,0.0,-384959000.0,36441737.84,-117262.15999999642,3.977666230859423,7.733660748016622,0.0,0.0,-0.14209805973754125,3.977666230859423,-0.14209805973754125,0.0,-1.7205730802644004,0.9779603853688645,-0.06647780925401323,0.0,0.009659253945173543,0.0,6.905742349829996,-0.12433371686195317,-8.118007983960794,0.0,-0.05555555555555539,0.957626519141308,-1.0,-0.9406861492156544,0.0,-0.06176057750150391,1.2002334111370456,0.8090039901918745,-1.0,-0.8223924625141408,Biotechnology,Healthcare,CYCC
2021Q3,2021,Q3,2021-11-12,2021-09-30,-4987000.0,0.0,-5998000.0,-0.54,0.0,0.0,44999000.0,41364000.0,43375000.0,3591000.0,3635000.0,0.0,-379664000.0,49369655.12,9194655.119999997,4.415430479920274,12.078808131439711,0.0009777995066557034,0.001063726912290881,-0.12056914617593552,4.415430479920274,-0.12056377526351417,0.0,-2.474917541608181,1.1935416091287108,-0.010026067776218167,0.0,0.0010127678607125747,0.0,11.900027847396268,-0.11082468499299984,-7.9385198777938575,0.0,0.03571428571428574,0.9686153738293442,-1.0,-0.9547317379449576,0.0,0.02730641700799688,0.016721311475409836,0.8455819916829044,0.0,-0.840420947532791,Biotechnology,Healthcare,CYCC
2021Q2,2021,Q2,2021-08-12,2021-06-30,-5127000.0,0.0,-6100000.0,-0.56,0.0,0.0,46334000.0,43216000.0,46203000.0,3118000.0,3118000.0,0.0,-374677000.0,54665931.2,11026931.200000003,4.680039549019884,14.818152661962797,0.0,0.0,-0.11881191233221965,4.680039549019884,-0.11863661606812292,0.0,-2.6655905597815486,1.2649465753424658,-0.00994733762434172,0.0,0.0009329393807161562,0.0,14.504490057729313,-0.11065308412828592,-13.162998121839635,0.0,-0.1200000000000001,0.9719094079964243,-1.0,-0.9466609897653151,0.0,-0.4741230592294422,-0.4169570267131243,0.8201601704009929,0.0,-0.8492576952131843,Biotechnology,Healthcare,CYCC
2021Q1,2021,Q1,2021-05-14,2021-03-31,-3478000.0,0.0,-4305000.0,-0.5,0.0,0.0,51817000.0,48049000.0,50463000.0,2772000.0,3768000.0,0.0,-369550000.0,50474153.07,3693153.0700000003,6.768382810231866,18.204545454545453,0.01922149101646178,0.020728839309871173,-0.07183924308117763,6.768382810231866,-0.072384440883265,0.0,-3.628101859545716,1.050472498283003,-0.01437607820586544,0.0,0.0009906060222676263,0.0,17.96067821067821,-0.06712082907154023,-13.851304355104281,0.0,0.12062357346647655,0.9761144753925108,-1.0,-0.9368844790828249,-1.0,-0.24037089871611983,-0.35890151515151514,0.7821403611830765,0.0,-0.8009235923932626,Biotechnology,Healthcare,CYCC
2020Q4,2020,Q4,2021-03-01,2020-12-31,-2804000.0,5.877e-06,-3168000.0,-0.5685847208470047,5.877e-06,1.0,36802000.0,33259000.0,35469000.0,2486000.0,3543000.0,0.0,-366072000.0,38515350.83,6166350.829999998,6.744136672842557,14.267497988736928,0.0,0.0,-0.08135164660698889,6.744136672842557,-0.08430800685528729,6553573392887.527,-3.433964945613409,1.1580429607023661,-0.01783166904422254,0.0,0.0012981836831940394,1.5969240802130318e-13,13.96580852775543,-0.07619151133090593,-32.25741275544389,1.0,-0.20975472520639313,0.9754411508230005,-0.9999999999995874,-0.9478182495490648,0.0,-0.2429078014184397,-0.2317262830482115,0.8177028040278277,0.0,-0.8141312710552508,Biotechnology,Healthcare,CYCC
2020Q3,2020,Q3,2020-11-12,2020-09-30,-2256000.0,0.0,-2572000.0,-0.47,0.0,0.0,27213000.0,24438000.0,25934000.0,1712000.0,2775000.0,0.0,-363269000.0,17753541.599999998,-4313458.400000002,5.024276395646038,15.148364485981308,0.0,0.0,-0.08968759554777675,5.024276395646038,-0.09231524674686963,0.0,-1.967369414893617,0.7264727719125952,-0.022163120567375887,0.0,0.0028163394733589386,0.0,14.77570093457944,-0.08290155440414508,-8.147563836622302,0.0,0.1896551724137931,0.9752630765232781,-1.0,-0.9663931734424565,0.0,-0.04155124653739612,-0.040453074433656956,0.8771715838853543,0.0,-0.8946713934845407,Biotechnology,Healthcare,CYCC
2020Q2,2020,Q2,2020-08-13,2020-06-30,-2166000.0,0.0,-2472000.0,-0.58,0.0,0.0,29171000.0,26578000.0,27933000.0,1512000.0,2593000.0,0.0,-361013000.0,17903560.200000003,-6357439.799999997,6.902967824243135,18.474206349206348,0.0,0.0,-0.07894960810009244,6.902967824243135,-0.08149597411392881,0.0,-2.0664312326869805,0.6736233049890888,-0.023545706371191136,0.0,0.002848595443044898,0.0,17.95436507936508,-0.07425182544307703,-9.698569989165765,0.0,0.6081081081081081,0.9759168112763627,-1.0,-0.9589591351979728,0.0,-0.7754098360655738,-0.019801980198019802,0.9429662393584607,0.0,-0.8684651227288728,Biotechnology,Healthcare,CYCC
2020Q1,2020,Q1,2020-05-12,2020-03-31,-1220000.0,0.0,-2424000.0,-1.48,0.0,0.0,12987000.0,10391000.0,11811000.0,1523000.0,2596000.0,0.0,-358847000.0,6634024.572000001,-1215975.4279999994,12.082586238572647,7.755088640840446,0.0,0.0,-0.17083597140255935,12.082586238572647,-0.11740929650659224,0.0,-1.3594312647540985,0.6384394737753826,-0.040983606557377046,0.0,0.0075369030454052405,0.0,6.860144451739987,-0.09394009394009394,-2.360022971184632,0.0,0.4714285714285714,0.9686323602010044,-1.0,-0.95144793160887,0.0,0.47071583514099785,0.1324266284896206,0.8051662858499581,0.0,-0.7986870328735368,Biotechnology,Healthcare,CYCC
2019Q4,2019,Q4,2020-03-05,2019-12-31,-2305000.0,0.0,-2794000.0,-2.8,0.0,0.0,15308000.0,11697000.0,14017000.0,2420000.0,3611000.0,0.0,-357627000.0,11523973.200000001,829973.2000000011,13.601194421382376,5.792148760330578,0.0,0.0,-0.18151210473400387,13.601194421382376,-0.1970590749764897,0.0,-1.24988863340564,0.985207591690177,-0.021691973969631236,0.0,0.00433878135016836,0.0,5.459090909090909,-0.1505748628168278,-10.289261785714286,0.0,-0.27272727272727254,0.9465091580597942,-1.0,-0.9399360016182995,0.0,-0.21251972645975803,-0.1899488926746167,0.7990670577187979,-1.0,-0.7971827776448597,Biotechnology,Healthcare,CYCC
2019Q3,2019,Q3,2019-11-13,2019-09-30,-1901000.0,0.0,-2348000.0,-2.2,0.0,0.0,17077000.0,13852000.0,15836000.0,2071000.0,3225000.0,0.0,-355323000.0,6819784.14,-4993215.86,16.10701420235861,7.646547561564462,0.0,0.0,-0.13682193482619218,16.10701420235861,-0.1372365001443835,0.0,-0.8968679826407153,0.49233209211666185,-0.026301946344029457,0.0,0.007331610352112992,0.0,7.192660550458716,-0.11131931838144873,-3.384508258064516,0.0,0.0,0.9574375235880058,-1.0,-0.9382439179525361,0.0,-0.06618059450364554,-0.004706889174154899,0.8696797976575916,-1.0,-0.8348662620434182,Biotechnology,Healthcare,CYCC
2019Q2,2019,Q2,2019-08-13,2019-06-30,-1783000.0,0.0,-2337000.0,-2.2,0.0,0.0,19464000.0,15731000.0,18150000.0,2500000.0,3733000.0,0.0,-353422000.0,9631977.6,-4294022.4,18.291903004425592,7.26,0.0,0.0,-0.1175264195837174,18.291903004425592,-0.11334308054160575,0.0,-1.3505296690970274,0.6122927722331701,-0.02860347728547392,0.0,0.005294862811973318,0.0,6.7476,-0.09160501438553227,-3.6540127465857357,0.0,0.21428571428571416,0.9594602577484391,-1.0,-0.9418323790093477,0.0,0.03203040173724213,-0.0603448275862069,0.8951069967388882,-1.0,-0.7915248383383316,Biotechnology,Healthcare,CYCC
2019Q1,2019,Q1,2019-05-14,2019-03-31,-1842000.0,0.0,-2204000.0,-2.8,0.0,0.0,21510000.0,17555000.0,20124000.0,2487000.0,3955000.0,0.0,-351639000.0,12132596.096,-4333403.903999999,25.743753235383398,8.09167671893848,0.0,0.0,-0.1011439133421179,25.743753235383398,-0.10492737111933922,0.0,-1.6466607079261675,0.6911191168328112,-0.02714440825190011,0.0,0.004121129526143586,0.0,7.790510655408122,-0.08563458856345886,-3.2915344807379276,0.0,0.053837264618434154,0.9548542138665158,-1.0,-0.916119172641339,0.0,0.08721506442021804,0.10588235294117647,0.8683062081988892,-1.0,-0.7599381652352534,Biotechnology,Healthcare,CYCC
2018Q4,2018,Q4,2019-03-28,2018-12-31,-2018000.0,150000.0,-2465000.0,-2.95932179031636,0.0,0.0,19823000.0,15272000.0,19787000.0,4451000.0,4551000.0,0.0,-349797000.0,8251147.3,-9252852.7,22.395818821462562,4.445517861154797,0.0,0.0,-0.13743388523825625,22.395818821462562,-0.1321372446306967,55.00764866666667,-1.0221936694747273,0.5402794198533263,-0.024777006937561942,0.0,0.006059763349516255,0.00756696766382485,4.270501011008762,-0.10180093830399031,-4.040718560235064,0.0,0.1779661693565667,0.9340417977816649,-0.9416426306150031,-0.9366047199731043,0.0,0.024177949709864602,-0.004073319755600814,0.8721781735423314,-0.923855577274569,-0.8267156960813271,Biotechnology,Healthcare,CYCC
2018Q3,2018,Q3,2018-11-13,2018-09-30,-2068000.0,0.0,-2455000.0,-3.6,0.0,0.0,20707000.0,16598000.0,20669000.0,4003000.0,4109000.0,0.0,-347778000.0,16796416.0,-2176584.0,27.669236103702122,5.163377466899825,0.0,0.0,-0.1291163409202012,27.669236103702122,-0.12459332449692734,0.0,-2.030514506769826,1.0119542113507651,-0.024177949709864602,0.0,0.0029768255323040344,0.0,4.9435423432425685,-0.09986960931086106,-23.167470344827585,0.0,-0.12499999999999997,0.9489379396941211,-1.0,-0.9293099706478855,0.0,-0.11663066954643629,0.004056795131845842,0.8161385540026316,-1.0,-0.8149235540619036,Biotechnology,Healthcare,CYCC
2018Q2,2018,Q2,2018-08-09,2018-06-30,-1852000.0,0.0,-2465000.0,-3.2,0.0,0.0,22730000.0,18624000.0,22687000.0,3994000.0,4106000.0,0.0,-345710000.0,17036364.8,-2787635.1999999993,31.04662327963299,5.680270405608413,0.0,0.0,-0.10413062725725314,31.04662327963299,-0.09944158075601374,0.0,-2.299725269978402,0.9147532646048109,-0.0275377969762419,0.0,0.002993596380373353,0.0,5.387330996494742,-0.08147822261328641,-9.401967328918323,0.0,-0.3333333333333335,-1.1197166253376234,-1.0,-0.9419287320214941,0.0,-0.37286879169755377,-0.14014801110083255,0.8678325910603185,-1.0,-0.8154155863070982,Biotechnology,Healthcare,CYCC
2018Q1,2018,Q1,2018-05-14,2018-03-31,-1349000.0,0.0,-2162000.0,-2.4,0.0,0.0,24777000.0,20395000.0,24732000.0,4258000.0,4382000.0,0.0,-343857000.0,16196544.0,-5528456.0,33.99891976955084,5.808360732738374,0.0,0.0,-0.093404701943923,33.99891976955084,-0.06614366266241727,0.0,-3.001583395107487,0.7941428781564108,-0.037064492216456635,0.0,0.0030870783297967767,0.0,5.402301550023485,-0.05444565524478347,-7.494930124942156,0.0,0.23052228754676643,0.9702349669119117,-1.0,-0.8644793888841814,0.0,0.27899518973810794,0.01637852593266606,0.9502752267389247,-1.0,-0.8633804182910779,Biotechnology,Healthcare,CYCC
2017Q4,2017,Q4,2018-03-30,2017-12-31,-1871000.0,0.0,-2198000.0,-3.118998719726875,0.0,0.0,26003000.0,21766000.0,25974000.0,4113000.0,4237000.0,0.0,-342509000.0,20875545.599999998,-3034454.4000000022,36.28440734023258,6.3150984682713345,0.0,0.0,-0.09123106650416685,36.28440734023258,-0.08595975374437195,0.0,-2.7893567076429715,0.9590896627768077,-0.02672367717797969,0.0,0.0023951469800147407,0.0,6.175054704595186,-0.07195323616505787,-9.39493501350135,0.0,0.17402464275846813,0.979068533151052,-1.0,-0.884215112578643,0.0,-0.007539041464728056,-0.04071969696969697,0.9377526106729399,-1.0,-0.8397650591378589,Biotechnology,Healthcare,CYCC
2017Q3,2017,Q3,2017-11-13,2017-09-30,-1857000.0,0.0,-2112000.0,-3.776140162514336,0.0,0.0,27851000.0,23458000.0,27817000.0,4265000.0,4393000.0,0.0,-340635000.0,17998855.2,-8026144.800000001,47.70096711484184,6.522157092614303,0.0,0.0,-0.08053552357996113,47.70096711484184,-0.07916275897348453,0.0,-2.4231092084006463,0.767280040924205,-0.026925148088314487,0.0,0.002777954455681159,0.0,6.388276670574443,-0.06667624142759686,-14.307516057233704,0.0,0.6223859837485664,0.9298297255832455,-1.0,-0.8733611258568025,0.0,0.15089163237311384,0.15146645239051829,0.9272906404901152,-1.0,-0.8171091921893148,Biotechnology,Healthcare,CYCC
2017Q2,2017,Q2,2017-08-10,2017-06-30,-2187000.0,0.0,-2489000.0,-10.0,0.0,0.0,16083000.0,11636000.0,16051000.0,4319000.0,4447000.0,0.0,-338780000.0,16717838.8,3126838.8000000007,52.48013277888527,3.7163695299837927,0.0,0.0,-0.1905541759228856,52.48013277888527,-0.1879511859745617,0.0,-1.911046959304984,1.4367341698178069,-0.023319615912208505,0.0,0.0030506335543802466,0.0,3.3894420004630703,-0.13598209289311697,-83.17332736318409,0.0,-0.31578947368421056,0.9031636384875011,-1.0,-0.8775939942351146,0.0,-0.4064308681672026,0.07575194949870033,0.8071289357630811,-1.0,-0.8331149868724569,Biotechnology,Healthcare,CYCC
2017Q1,2017,Q1,2017-05-12,2017-03-31,-1555000.0,0.0,-2693000.0,-7.6,0.0,0.0,17073000.0,12818000.0,17034000.0,4128000.0,4255000.0,0.0,-336594000.0,15718457.6,2989457.5999999996,60.01891686878998,4.126453488372093,0.0,0.0,-0.17554970596912978,60.01891686878998,-0.12131377750039007,0.0,-2.527083215434083,1.2262800436885628,-0.03215434083601286,0.0,0.0031809736853570165,0.0,3.8905038759689923,-0.09107948222339367,-4.1234149003147955,0.0,0.44927536231884063,0.9196834391577979,-1.0,-0.8944552970298296,0.0,0.45227192673476574,0.1502051120227201,0.8783100132742435,-1.0,-0.8044404653007147,Biotechnology,Healthcare,CYCC
2016Q4,2016,Q4,2017-03-31,2016-12-31,-2839000.0,277000.0,-3169000.0,-13.8,0.0,0.0,19662000.0,14273000.0,19617000.0,5259000.0,5389000.0,0.0,-335039000.0,22517943.0,5997943.0,67.06133859562571,3.7301768397033657,0.0,0.0,-0.19400934729724167,67.06133859562571,-0.1989070272542563,81.29221299638989,-1.982911500528355,1.5776601275134872,-0.017611835153222965,0.0,0.0022204514861770457,0.014088088699013325,3.5324206122837043,-0.14439019428338928,-7.643565173116089,0.0,0.1976744186046511,0.8811380221060311,-0.7575830505857992,-0.8879009542121531,0.0,0.0363204344874406,0.08858211101524302,0.7026972251859428,-0.6547210209551214,-0.8101711585926056,Biotechnology,Healthcare,CYCC
2016Q3,2016,Q3,2016-11-14,2016-09-30,-2946000.0,205000.0,-3477000.0,-17.2,0.0,0.0,22652000.0,16941000.0,22579000.0,5570000.0,5711000.0,0.0,-332200000.0,20842080.0,2813080.0,97.53920913843533,4.053680430879712,0.0,0.0,-0.17783591495744747,97.53920913843533,-0.173897644767133,101.66868292682926,-1.7686761710794296,1.2302744820258544,-0.01697216564833673,0.0,0.002398992806859968,0.009049973512272647,3.5971274685816876,-0.1300547413031962,-7.057934304097528,0.0,0.1485148514851485,0.8425872434228099,-0.7699054029156399,-0.8644810718628083,0.0,0.0064080944350758855,0.07526595744680852,0.7487654748498017,-0.7168873590985348,-0.7508044844051377,Biotechnology,Healthcare,CYCC
2016Q2,2016,Q2,2016-08-11,2016-06-30,-2965000.0,222000.0,-3760000.0,-20.2,0.0,0.0,18877000.0,13162000.0,18768000.0,5565000.0,5715000.0,0.0,-329254000.0,15060903.600000001,-870096.3999999985,87.74140218253571,3.3725067385444745,0.0,0.0,-0.2358713816738913,87.74140218253571,-0.2252697158486552,67.84190810810811,-1.2698906913996628,1.1442716608418175,-0.016863406408094434,0.0,0.0033198539296141567,0.011760343274884781,3.133153638814016,-0.15706944959474492,-14.53755173745174,0.0,0.06481853822248679,0.8457101676752248,-0.755752988154044,-0.8539293990804463,0.0,0.024991779020059193,-0.004273504273504274,-1.7664422842404257,-0.6756808227869964,-0.8358837792741715,Biotechnology,Healthcare,CYCC
2016Q1,2016,Q1,2016-05-13,2016-03-31,-3041000.0,139000.0,-3744000.0,-21.600086,0.0,0.0,21461000.0,15899000.0,21310000.0,5396000.0,5562000.0,0.0,-326289000.0,13699131.600000001,-3415868.3999999985,107.2380091596463,3.9492216456634543,0.0,0.0,-0.20263567419590836,107.2380091596463,-0.19126989118812504,98.55490359712232,-1.1262028609010195,0.8616347946411724,-0.01644195988161789,0.0,0.0036498663900710313,0.006476865010950096,3.1717939214232764,-0.14169889567121755,-4.353076453765492,0.0,0.10000001666659993,0.8760687479608205,-0.8646365552288,-0.8541628310481478,-1.0,0.0986959098992294,0.030303030303030304,0.728513421224522,-0.8195970984993497,-0.5725464033955978,Biotechnology,Healthcare,CYCC
2015Q4,2015,Q4,2016-03-29,2015-12-31,-3374000.0,421000.0,-3861000.0,-24.000096,421000.0,1.0,24764000.0,18835000.0,24566000.0,5753000.0,5929000.0,0.0,-323159000.0,17487960.0,-2952040.0,129.2432050393528,4.270119937423953,0.0,0.0,-0.17862568477447693,129.2432050393528,-0.1791345898593045,41.5390973871734,-1.2957883817427387,0.9284820812317494,-0.015115589804386485,0.0,0.0029162921232665216,0.017000484574382167,4.078915348513819,-0.13624616378614118,-6.530231516056759,1.0,-0.24999998697921882,0.7976687860365208,-0.4196980939035124,-0.856252973563798,-0.4111888111888112,-0.2454780361757106,-0.1375957572186211,0.8446283990488731,17.47185057605347,-0.5875801468895949,Biotechnology,Healthcare,CYCC
2015Q3,2015,Q3,2015-11-12,2015-09-30,-2709000.0,715000.0,-3394000.0,-19.200077,715000.0,1.0,27049000.0,21600000.0,26794000.0,5263000.0,5449000.0,0.0,-319785000.0,17528313.599999998,-5199686.400000002,149.5016611295681,5.0910127303819115,0.0,0.0,-0.13356265035038176,149.5016611295681,-0.12541666666666668,24.515123916083912,-1.6176,0.811496,-0.01845699520118125,0.0,0.0028525276955336993,0.026433509556730378,4.318449553486604,-0.10015157676808754,-4.258579591836734,1.0,0.19999999166669996,0.891445035460993,-0.31398678931862345,-0.7348168265767897,1.4155405405405406,0.19061846429638482,0.06165330384296378,0.6515773809523809,3.5738464985137264,-0.6030956353064055,Biotechnology,Healthcare,CYCC
2015Q2,2015,Q2,2015-08-12,2015-06-30,-3347000.0,296000.0,-3617000.0,-24.000096,296000.0,1.0,30788000.0,24100000.0,30479000.0,6490000.0,6688000.0,0.0,-317076000.0,27510528.0,608528.0,168.19742609084057,4.696302003081664,0.0,0.0,-0.13388266506825683,168.19742609084057,-0.13887966804979254,92.94097297297297,-2.0548646549148493,1.141515684647303,-0.014938751120406334,0.0,0.0018174860184435573,0.009614135377419774,4.472573189522342,-0.10871118617643237,-9.874561378320172,1.0,0.47368420590952903,0.8707314907663072,-0.6221619213554606,-0.7413581334698922,-0.421875,0.3186074918566775,0.31728954322385805,0.7706723172218164,-0.5031119344166753,-0.6076920156726854,Biotechnology,Healthcare,CYCC
2015Q1,2015,Q1,2015-05-12,2015-03-31,-4912000.0,512000.0,-5298000.0,-45.600182,512000.0,1.0,35357000.0,27029000.0,35024000.0,8136000.0,8328000.0,0.0,-313729000.0,23460192.0,-5902808.0,248.85832136412182,4.304818092428712,0.0,0.0,-0.16965804879503707,248.85832136412182,-0.18173073365644307,45.8206875,-1.1940244299674267,0.8679637426467868,-0.01017915309446254,0.0,0.002131269854909968,0.014480866589359957,4.1627335299901675,-0.13892581384167207,-4.774153846153846,1.0,0.0952381103551927,0.8329295438056352,-0.6715661952774648,-0.727848597412338,1.0728744939271255,-0.023546572202542197,0.08370805949498443,0.5011300194429972,-0.04559966493070208,-0.5623766808812627,Biotechnology,Healthcare,CYCC
2014Q4,2014,Q4,2015-03-31,2014-12-31,-4799000.0,247000.0,-5782000.0,-50.400202,247000.0,1.0,29387000.0,21688000.0,29000000.0,7493000.0,7699000.0,0.0,-308817000.0,16088069.376,-8100930.624,226.44503842298698,3.870278926998532,0.0,0.0,-0.2165919751975115,226.44503842298698,-0.22127443747694578,65.13388411336032,-0.838094883100646,0.7417958952416082,-0.010418837257762034,0.0,0.003107893112059141,0.008405077074897063,3.689977312158014,-0.16330350154830367,-4.377705952653061,1.0,0.04545453426313007,0.7818628549429878,-0.7396103943961936,-0.07934780997751567,-0.6639455782312925,0.022009374363154678,-0.019753086419753086,0.5535069915277071,-0.5196403512958808,-0.6214767962853496,Biotechnology,Healthcare,CYCC
2014Q3,2014,Q3,2014-11-12,2014-09-30,-4907000.0,735000.0,-5670000.0,-52.800211,735000.0,1.0,31630000.0,24643000.0,31176000.0,6766000.0,6987000.0,0.0,-304018000.0,68935526.4,42228526.400000006,260.8166462046484,4.607744605379841,0.0,0.0,-0.19960263081445329,260.8166462046484,-0.19912348334212554,93.7898318367347,-3.512101406154473,2.797367463377024,-0.010189525168127165,0.0,0.0007253154158840222,0.023237432816945937,3.9472361809045227,-0.1551375276636105,-10.697629795158287,1.0,0.0,0.7707158623853066,-0.5335248848206184,-0.5473533176727683,1.0646067415730338,-0.01974231088944306,-0.017040358744394617,0.5180247011512044,0.5164965987272592,-0.637626830828351,Biotechnology,Healthcare,CYCC
2014Q2,2014,Q2,2014-08-12,2014-06-30,-4812000.0,356000.0,-5575000.0,-52.800211,356000.0,1.0,37610000.0,29589000.0,37281000.0,7783000.0,8021000.0,0.0,-299111000.0,69326985.6,35742985.599999994,314.46881775283765,4.790055248618785,0.0,0.0,-0.1611304388009849,314.46881775283765,-0.16262800365000507,194.7387235955056,-3.6017760598503736,2.3429986008313897,-0.010390689941812137,0.0,0.0007212198766074722,0.009465567668173358,4.56610561480149,-0.12794469555969157,-16.76589736396614,1.0,0.12000000333332002,0.9117129673336338,-0.8270101346977954,-0.5363033751806485,-0.10101010101010101,0.01170671595810228,-0.030499075785582256,0.6007886832438866,-0.37555973586135555,-0.4764769192535017,Biotechnology,Healthcare,CYCC
2014Q1,2014,Q1,2014-05-13,2014-03-31,-4869000.0,396000.0,-5410000.0,-60.00024,396000.0,1.0,33785000.0,24975000.0,33452000.0,8810000.0,8810000.0,0.0,-294299000.0,71871283.2,43717283.2,306.9086708611876,3.7970488081725313,0.0,0.0,-0.19398443614381916,306.9086708611876,-0.19495495495495496,181.4931393939394,-3.690248675292668,2.877729057057057,-0.010269049086054631,0.0,0.000695688149338622,0.011721178037590646,3.195686719636776,-0.1441172117803759,-15.108531259196974,1.0,-0.31578948522617745,0.8562722894440005,-0.7404213320363433,-0.7544488352730897,0.32441471571906355,-0.368080921607193,-0.36134876698540513,0.6384828374581437,-0.29740264328548965,-0.5826228775047596,Biotechnology,Healthcare,CYCC
2013Q4,2013,Q4,2014-03-26,2013-12-31,-3559000.0,299000.0,-3974000.0,-45.600182,299000.0,1.0,35520000.0,28023000.0,35173000.0,7497000.0,7497000.0,0.0,-289430000.0,76531795.2,45385795.2,353.27265392567193,4.691609977324263,0.0,0.0,-0.12589080586153248,353.27265392567193,-0.12700281911287156,255.95918127090303,-5.375933914020791,2.7310350497805373,-0.014048890137679123,0.0,0.0006533232347331636,0.008417792792792794,4.154461784713885,-0.10019707207207207,-13.947839475123018,1.0,0.4062500036620948,0.9313020434988379,-0.8173591750691751,-0.7918563115471359,-0.032362459546925564,0.2887689848121503,0.31423641069887837,0.6078979649475647,-0.2428247861092901,-0.6070826817736499,Biotechnology,Healthcare,CYCC
2013Q3,2013,Q3,2013-11-14,2013-09-30,-5004000.0,309000.0,-5795000.0,-76.800307,309000.0,1.0,37989000.0,29011000.0,37719000.0,8978000.0,8978000.0,0.0,-285871000.0,75778243.2,41291243.2,391.41639008068216,4.201269770550234,0.0,0.0,-0.17437436833824319,391.41639008068216,-0.17248629830064457,245.23703300970874,-3.7858834532374095,2.6120520905863294,-0.012589928057553957,0.0,0.0008313731928797209,0.008133933507067835,3.841278681220762,-0.13172234067756455,-35.31139012115564,1.0,-4.1999999916667,0.9534705710413028,-0.8115103505702903,-0.8401099608315838,0.17045454545454544,-4.353887399463807,-0.39504092441020705,0.6091212804423998,-0.4220783584768194,-0.30571312942472917,Biotechnology,Healthcare,CYCC
2013Q2,2013,Q2,2013-08-14,2013-06-30,1492000.0,264000.0,-4154000.0,24.000096,264000.0,1.0,37510000.0,30931000.0,37155000.0,6579000.0,6579000.0,0.0,-280206000.0,42766416.0,9098416.0,534.6296776423818,5.647514819881441,0.0,0.0,-0.15904952628223779,534.6296776423818,0.0482363971420258,161.994,7.165954423592494,1.3826392939122565,0.04222520107238606,0.0,0.00147311853300964,0.007038123167155425,5.11749506003952,0.03977605971740869,-8.047876552502823,1.0,1.317662529567813,1.0367089265200973,-0.6916843833722236,-0.8502081151058181,0.24528301886792453,1.4841012329656067,-0.025425820784991362,1.1427127090721887,-0.165406997644793,-0.1778850548335142,Biotechnology,Healthcare,CYCC
2013Q1,2013,Q1,2013-05-13,2013-03-31,-3082000.0,212000.0,-4051000.0,-75.55217806976687,212000.0,1.0,17486000.0,10234000.0,17030000.0,7252000.0,7252000.0,0.0,-281698000.0,53944663.2,39805663.2,250.87637584879758,2.3483177054605626,0.0,0.0,-0.365406519622013,250.87637584879758,-0.3011530193472738,254.45595849056605,-4.375783841661259,5.271122063709205,-0.0418559377027904,0.0,0.0023913394272521843,0.01212398490220748,2.1773303916161058,-0.1762552899462427,-9.879974945054945,1.0,0.37040103448113815,0.8530285365187933,-0.6429064973344131,-0.94125270071292,41.4,0.35306465155331657,0.12956596476149548,0.7208959745381984,-0.6379188492201152,-0.7256416534954447,Biotechnology,Healthcare,CYCC
2012Q4,2012,Q4,2013-04-01,2012-12-31,-4764000.0,5000.0,-4654000.0,-120.00048,5000.0,1.0,19354000.0,10019000.0,18872000.0,9335000.0,9335000.0,0.0,-270250000.0,46498622.400000006,30086622.400000006,313.37774858465485,2.021638993036958,0.0,0.0,-0.4061204177820972,313.37774858465485,-0.4754965565425691,9299.72448,-2.4401040302267005,4.641044255913764,0.0,0.0,0.0,0.0002583445282628914,1.758114622388859,-0.24615066652888293,-18.909565839772267,1.0,-1.0,0.8403857573784266,-0.8414969816396108,-0.9342527872089121,-0.868421052631579,-1.5206349206349206,-0.32140829074389554,0.35128923868325534,-0.9842094531859337,0.274092435621634,Biotechnology,Healthcare,CYCC
2012Q3,2012,Q3,2012-11-16,2012-09-30,-1890000.0,38000.0,-3522000.0,-60.00024,38000.0,1.0,20526000.0,13229000.0,19953000.0,7297000.0,7297000.0,0.0,-265486000.0,38773584.0,20936584.0,376.6692292360696,2.734411401946005,0.0,0.0,-0.23500378423086749,376.6692292360696,-0.14286794164335928,1020.3574736842105,-5.128780952380953,2.930953511225338,0.0,0.0,0.0,0.0018513105329825588,2.4444292174866384,-0.0920783396667641,-18.37610616113744,1.0,0.40476249999702385,0.8446878617359009,-0.6012434932739024,-0.933196483179452,-0.3333333333333333,0.47162426614481406,0.12169576059850375,0.7624193017583514,-0.9351192089954852,-0.3462914295175699,Biotechnology,Healthcare,CYCC
2012Q2,2012,Q2,2012-08-14,2012-06-30,-3577000.0,146000.0,-4010000.0,-100.800504,57000.0,0.3904109589041096,21802000.0,15056000.0,21653000.0,6746000.0,6746000.0,50000.0,-263596000.0,27138417.599999998,7174417.599999998,428.7382179571148,3.20975392825378,0.0,0.0,-0.25720696727896203,428.7382179571148,-0.23757970244420828,185.8795726027397,-1.8967303326810177,1.8024985122210413,0.0,1.78,0.0,0.006696633336391157,3.090868662911355,-0.16406751674158335,-7.322832595790609,0.3904109589041096,0.0,0.6558027302572054,0.6292155164257364,-0.9284867242655083,-0.14925373134328357,-0.2104906937394247,-0.22405372405372406,0.8241568179274906,-0.8099102013655318,-0.36780865582026795,Biotechnology,Healthcare,CYCC
2012Q1,2012,Q1,2012-05-15,2012-03-31,-2955000.0,161000.0,-3276000.0,-100.800504,67000.0,0.4161490683229814,25338000.0,18536000.0,25172000.0,6802000.0,6802000.0,109000.0,-260019000.0,39428121.599999994,15788121.599999994,568.6587311326543,3.7006762716847987,0.0,0.0,-0.1672296856090617,568.6587311326543,-0.15941950798446267,244.89516521739128,-3.3357124873096446,2.1271105740181264,0.0,0.8623853211009175,0.0,0.006354092667140264,3.4754483975301382,-0.11662325361117688,-10.430719999999999,0.4161490683229814,0.1017787784625478,0.7992977044870573,0.028315177888745248,-0.9191513746849196,-0.23863636363636365,0.19218151995626026,0.12476623029655357,0.7822339128284389,-0.7365296678313774,-0.5450281239368896,Biotechnology,Healthcare,CYCC
2011Q4,2011,Q4,2012-03-30,2011-12-31,-3658000.0,175000.0,-3743000.0,-112.22235857160388,88000.0,0.5028571428571429,25998000.0,19500000.0,25831000.0,6498000.0,6498000.0,182000.0,-257064000.0,32309155.200000003,7860155.200000003,598.232912013744,3.9752231455832563,0.0,0.0,-0.18575354768688102,598.232912013744,-0.1875897435897436,184.62374400000002,-2.208116129032258,1.656879753846154,0.0,0.47802197802197804,0.0,0.006731287022078622,3.762542320714066,-0.1407031310100777,-9.913824854249771,0.5028571428571429,0.04573301477366869,0.7805023931533543,-0.503229382662442,-0.8798852073395131,0.2753623188405797,-0.061828737300435414,0.07534584980237154,0.8281696682679281,-0.7398612691215748,-0.6475288888716619,Biotechnology,Healthcare,CYCC
2011Q3,2011,Q3,2011-11-14,2011-09-30,-3445000.0,164000.0,-4048000.0,-117.600588,69000.0,0.42073170731707316,28946000.0,23011000.0,28781000.0,5935000.0,5935000.0,165000.0,-253406000.0,23632963.200000003,-4042036.799999997,719.7460198304714,4.849368155012637,0.0,0.0,-0.1697088097140689,719.7460198304714,-0.14971100777888835,144.10343414634147,-1.715019100145138,1.0270289513710835,0.0,0.5757575757575758,0.0,0.0056657223796034,4.66301600673968,-0.11901471705935189,-10.420177777777779,0.42073170731707316,0.12499999999999989,0.8092287784829302,-0.4056405786418641,-0.8833457349213016,-0.28125,0.030123873873873875,-0.06610481959441665,0.9257379182975182,-0.7680788549195199,-0.7059902900890676,Biotechnology,Healthcare,CYCC
2011Q2,2011,Q2,2011-08-12,2011-06-30,-3552000.0,168000.0,-3797000.0,-134.400672,96000.0,0.5714285714285714,22695000.0,16655000.0,22449000.0,6040000.0,6040000.0,147000.0,-249961000.0,63350649.6,42736649.6,600.6780394561258,3.7167218543046356,0.0,0.0,-0.2201695183365713,600.6780394561258,-0.21326928850195137,377.0872,-4.458801351351351,3.8037015670969683,-0.051238738738738736,0.4897959183673469,0.002872898717679447,0.007402511566424323,3.4129139072847683,-0.1565102445472571,-13.880510429447853,0.5714285714285714,0.20000000000000012,0.8426999334385676,0.4346545485146848,-0.9203035269382683,0.11627906976744186,0.22580645161290322,0.20895833333333333,0.8176466130648623,-0.5906084322140874,-0.8317027664056071,Biotechnology,Healthcare,CYCC
2011Q1,2011,Q1,2011-05-16,2011-03-31,-4588000.0,192000.0,-4800000.0,-168.00084,86000.0,0.4479166666666667,27197000.0,20384000.0,26866000.0,6813000.0,6813000.0,115000.0,-246409000.0,66596930.400000006,41246930.400000006,735.3270084051802,3.9433436078086013,0.0,0.0,-0.2260675384162067,735.3270084051802,-0.22507849293563578,346.8590125,-3.6288649956408023,3.267117857142857,-0.03966870095902354,0.9217391304347826,0.0027328586904359783,0.0070596021620031625,3.720827829150154,-0.16869507666286723,-17.111235971223024,0.4479166666666667,-0.46820658437578827,0.9318812315338451,-0.7857478168820778,-0.8647324962090187,1.8666666666666667,-0.44640605296343,-0.3981939994174192,0.6780410175673549,-0.5240908348868477,-0.8278097102985579,Biotechnology,Healthcare,CYCC
2010Q4,2010,Q4,2011-03-31,2010-12-31,-3172000.0,138000.0,-3433000.0,-114.42588651203059,30000.0,0.21739130434782608,31459000.0,24924000.0,31051000.0,6535000.0,6535000.0,174000.0,-241821000.0,68459781.6,38964781.599999994,899.1017640056275,4.751491966335118,0.0,0.0,-0.13147975865288317,899.1017640056275,-0.1272668913497031,496.08537391304344,-5.395632219419924,2.7467413577274913,0.0,0.6206896551724138,0.0,0.004386662004513812,4.513389441469013,-0.10082965129215804,-18.294971031533937,0.21739130434782608,0.3808153983470852,0.8509527841891537,-0.9699572903759471,-0.7124081120543528,-0.6385542168674698,0.1667980036774363,0.14132066033016508,0.8774310699524999,4.0453807582699035,-0.8113668399690103,Biotechnology,Healthcare,CYCC
2010Q3,2010,Q3,2010-11-12,2010-09-30,-3807000.0,159000.0,-3998000.0,-184.800924,83000.0,0.5220125786163522,20391000.0,12426000.0,19683000.0,7965000.0,7965000.0,144000.0,-238049000.0,63689673.6,45207673.6,563.7675241595209,2.471186440677966,0.0,0.0,-0.31009675506848644,563.7675241595209,-0.30637373249637856,400.5639849056604,-4.182405673758865,5.125516948334138,0.0,0.5277777777777778,0.0,0.00779755774606444,2.3204017576898934,-0.1867000147123731,-25.213647505938244,0.5220125786163522,-0.02267788224256294,0.840076342583257,6.677481223010011,-0.637281468161381,2.074074074074074,0.032036613272311214,0.08846329229366165,0.5015035727415449,1.6586238043975898,-0.9000139901009393,Biotechnology,Healthcare,CYCC
2010Q2,2010,Q2,2010-08-13,2010-06-30,-3933000.0,119000.0,-4386000.0,-180.70296347346658,27000.0,0.226890756302521,22309000.0,14154000.0,21507000.0,8155000.0,8155000.0,39000.0,-234240000.0,62892144.0,43349144.0,650.3101309441764,2.637277743715512,0.0,0.0,-0.29275678663353466,650.3101309441764,-0.2778719796523951,528.5054117647059,-3.997720823798627,4.443418397626113,0.0,2.358974358974359,0.0,0.005334170065892689,2.396443899448191,-0.17629656192568022,-12.558335463258786,0.226890756302521,0.40244027789958087,0.6412000709993249,4.332173213875488,-0.7568427278047319,-0.7906976744186046,0.23048327137546468,0.014603459896652437,0.3893798052084362,1.1425520404911707,-0.8915286630411938,Biotechnology,Healthcare,CYCC
2010Q1,2010,Q1,2010-05-19,2010-03-31,-5111000.0,271000.0,-4451000.0,-302.401512,129000.0,0.47601476014760147,26776000.0,17265000.0,25865000.0,9511000.0,9511000.0,107000.0,-227815000.0,68198172.0,43998172.0,914.4113129601186,2.719482704237199,0.0,0.0,-0.25126627968957893,914.4113129601186,-0.2960324355632783,251.65377121771218,-3.3358526707102327,3.9500823631624677,0.0,1.3271028037383177,0.0,0.010121003884075292,2.544422247923457,-0.19087989244099193,-14.279349246231156,0.47601476014760147,-0.31649595297947897,0.567006138251403,9.463375880514803,-0.7128787370617593,0.13157894736842105,-0.17846437629697948,-0.031996290285184324,0.4007058306957287,1.9881952960444564,-0.869994262678194,Biotechnology,Healthcare,CYCC
2009Q4,2009,Q4,2010-03-29,2009-12-31,-4337000.0,187000.0,-4313000.0,-229.70181664106775,114000.0,0.6096256684491979,14466000.0,4644000.0,13369000.0,9822000.0,9822000.0,145000.0,-222285000.0,32988883.2,21495883.2,245.96154864678778,1.3611280798208105,0.0,0.0,-0.8972780913973079,245.96154864678778,-0.9338931955211025,176.41114010695188,-1.9015957574360156,7.103549354005168,-0.07078625778187687,0.503448275862069,0.009306165296314122,0.012926862989077838,1.1701282834453268,-0.29980644269321166,-12.801274039580909,0.6096256684491979,-0.05174298597860374,0.680586315057056,7.886295950752284,-0.9349751699135056,0.7014925373134329,-0.3882842509603073,-0.22702702702702704,0.5507223365932793,-0.08357110232010917,-0.9506151871204933,Biotechnology,Healthcare,CYCC
2009Q3,2009,Q3,2009-11-12,2009-09-30,-3124000.0,230000.0,-3515000.0,-218.401092,67000.0,0.29130434782608694,17542000.0,7947000.0,16225000.0,9328000.0,9595000.0,140000.0,-217948000.0,20158387.2,5725387.199999999,576.203596287703,1.7393867924528301,0.0,0.0,-0.4150680898380428,576.203596287703,-0.39310431609412355,87.64516173913043,-1.6131871959026887,2.5366033975084936,0.0,1.1642857142857144,0.0,0.013111389807319575,1.5472770154373927,-0.17808687720898414,-9.234258909757214,0.29130434782608694,0.6176470588235294,0.7077282478352295,10.305271729430663,-0.8111043300939803,-0.0945945945945946,0.5565649396735273,0.33174904942965777,0.598982217178258,0.9322446398121489,-0.9066106581923481,Biotechnology,Healthcare,CYCC
2009Q2,2009,Q2,2009-08-13,2009-06-30,-7045000.0,266000.0,-5260000.0,-571.202856,74000.0,0.2781954887218045,19460000.0,8248000.0,17967000.0,10686000.0,11212000.0,306000.0,-214824000.0,23108772.96,7244772.960000001,678.1779312613057,1.6813587871982032,0.0,0.0,-0.6173138744536303,678.1779312613057,-0.8541464597478177,86.87508631578947,-0.8200416238466997,2.8017425994180405,0.0,0.6274509803921569,0.0,0.013669064748201438,1.4845592363840538,-0.3620246659815005,-4.087877756943216,0.2781954887218045,-0.36000000000000004,0.16156256567665245,7.027716110288878,-0.819498160060403,-0.3392857142857143,-0.3914675093817895,-0.00862895493767977,0.2887294452955777,4.178662135248223,-0.9100210334328773,Biotechnology,Healthcare,CYCC
2009Q1,2009,Q1,2009-05-15,2009-03-31,-5063000.0,228000.0,-5215000.0,-420.0021,112000.0,0.49122807017543857,25167000.0,15201000.0,23431000.0,8549000.0,9966000.0,460000.0,-207778000.0,7355577.6,-12449422.4,1249.8766650222003,2.7407883963036612,0.025310923034132,0.04190513781988027,-0.30752646369989595,1249.8766650222003,-0.33307019275047695,32.261305263157894,-0.3632025281453683,0.4838877442273534,-0.06063598656922773,0.25217391304347825,0.041737035035834584,0.009059482655858863,2.391156860451515,-0.20117614336233958,-1.534009927007299,0.49122807017543857,0.3569097897268035,0.9537346960926493,2.1744778819273143,-0.9342306457601743,-0.18248175182481752,0.36258340677325945,0.395081777056026,0.8286614056783775,-0.4200871022651163,-0.7700782174575181,Biotechnology,Healthcare,CYCC
2008Q4,2008,Q4,2009-03-31,2008-12-31,-7943000.0,251000.0,-8621000.0,-653.0998191086992,137000.0,0.545816733067729,30957000.0,20642000.0,29014000.0,8627000.0,10315000.0,508000.0,-202715000.0,8581507.200000001,-13510492.799999999,1697.2537411609933,3.363162165295004,0.020221597700035534,0.030326518748183314,-0.3935583792011366,1697.2537411609933,-0.38479798469140586,34.18927171314741,-0.2700965378320534,0.41573041371960084,-0.03852448696965882,0.22440944881889763,0.03565807181283959,0.008108020803049391,2.981569491132491,-0.25658171011402914,-1.344010524667189,0.545816733067729,0.5479675016431816,0.5111314031156875,2.2707186318039794,1.1037094281690292,-0.08053691275167785,0.549895166317221,0.3812087281079529,0.14929468626415676,-0.8754517502093826,-0.4571066065217421,Biotechnology,Healthcare,CYCC
2008Q3,2008,Q3,2008-11-07,2008-09-30,-17647000.0,269000.0,-13932000.0,-1444.807224,149000.0,0.5539033457249071,41625000.0,29773000.0,37309000.0,9875000.0,11852000.0,571000.0,-194772000.0,24518592.0,-2204408.0,2448.034862687058,3.778126582278481,0.0,0.0,-0.457290422252414,2448.034862687058,-0.5927182346421254,91.14718215613382,-0.3473478778262594,0.8235176838074765,0.0,0.21015761821366025,0.0,0.006462462462462463,3.58126582278481,-0.42395195195195196,-5.305906080934863,0.5539033457249071,-1.0476190476190474,-0.44624951002141944,0.2004356709535428,0.0,0.8395061728395061,-1.0654260299625469,-0.4178709546102178,-0.3434670452008711,22.53966153892153,0.5750244085226087,Biotechnology,Healthcare,CYCC
2008Q2,2008,Q2,2008-08-08,2008-06-30,-8544000.0,180000.0,-9826000.0,-705.603528,81000.0,0.45,57218000.0,43408000.0,45814000.0,11615000.0,13810000.0,612000.0,-177125000.0,39025425.6,7344425.6000000015,3569.1498108863675,3.9443822643133877,0.0,0.0,-0.21563745574561058,3569.1498108863675,-0.19683007740508662,216.80792,-1.141895646067416,0.8990376336159234,0.0,0.16176470588235295,0.0,0.0031458631899052747,3.7234610417563494,-0.14932363941417037,-4.241894086956522,0.45,-0.3548387096774194,0.4793549336113607,-0.006129121269639491,0.0,0.0,-0.3666026871401152,-0.01487296013220409,-0.3949007703769722,13.433892451899357,0.33453976921956485,Biotechnology,Healthcare,CYCC
2008Q1,2008,Q1,2008-05-09,2008-03-31,-6252000.0,177000.0,-9682000.0,-520.802604,81000.0,0.4576271186440678,66121000.0,51937000.0,54308000.0,11181000.0,14184000.0,349000.0,-168581000.0,60887836.8,30463836.799999997,4270.432494655484,4.857168410696717,0.0,0.0,-0.16825268358866302,4270.432494655484,-0.12037661012380384,343.99907796610165,-2.4347343570057576,1.1723402737932493,-0.049104286628278954,0.27507163323782235,0.0050420579237920975,0.0026769105125451823,4.662194794741079,-0.09455392386685017,-6.04946217585693,0.4576271186440678,0.4421348185795315,0.4700217375090198,3.435467344692801,0.0,1.004141739530603,0.4493570547824555,0.2522397281433426,0.17772928872183824,9.609521460286137,0.34089763958493474,Biotechnology,Healthcare,CYCC
2007Q4,2007,Q4,2008-03-13,2007-12-31,-11354000.0,12000.0,-12948000.0,-933.5635586252262,-19557000.0,-1629.75,75912000.0,57969000.0,63777000.0,14712000.0,17943000.0,213000.0,-162329000.0,111968236.8,80991236.8,4766.403552047361,4.335032626427406,0.0,0.0,-0.21408391772105387,4766.403552047361,-0.19586330624989218,9330.6864,-2.46539186189889,1.9315192050923768,-0.02659855557512771,0.0,0.0026971934955038962,0.00015807777426493836,4.161228928765634,-0.1495679207503425,-17.271053031004165,-1629.75,-1.6461419808128461,0.301194252924023,-0.8436309817464233,1.2912475458545902,-593.6363636363636,-1.6943521594684385,-2.998148148148148,-0.2981742188608295,-0.11472050396569386,0.26009363171079825,Biotechnology,Healthcare,CYCC
2007Q3,2007,Q3,2007-11-07,2007-09-30,-4214000.0,33000.0,6480000.0,-352.801764,33000.0,1.0,80440000.0,68575000.0,75166000.0,10901000.0,11865000.0,0.0,-150976000.0,115033060.8,83920060.8,5638.464068409801,6.895330703605174,0.0,0.0,0.08569017867418609,5638.464068409801,-0.06145096609551586,3485.850327272727,-6.824457807308971,1.677478101348888,-0.07285239677266256,0.0,0.0026687979774245914,0.0004102436598707111,6.287771764058343,-0.052386872202884134,-19.10213563600133,1.0,-0.16666666666666655,0.6546441074839768,-0.8527346574666658,0.0,0.06451612903225806,-0.1721835883171071,2.0012360939431395,0.5529124269891843,0.8394558081287236,0.8484463726107793,Biotechnology,Healthcare,CYCC
2007Q2,2007,Q2,2007-08-09,2007-06-30,-3595000.0,31000.0,-6472000.0,-302.401512,31000.0,1.0,85539000.0,72830000.0,80246000.0,11652000.0,12709000.0,0.0,-146761000.0,132247987.2,88405987.2,5995.225551531116,6.88688637143838,0.0,0.0,-0.07683208314816169,5995.225551531116,-0.049361526843333794,4266.064103225806,-9.196661140472878,1.815844943017987,0.0,0.0,0.0,0.0003624077905984405,6.407140405080673,-0.04202761313552882,-21.32000438497501,1.0,0.33333333333333326,0.7806792975179175,-0.8286360871288013,0.0,0.0,0.26482617586912066,0.024860629802621666,0.5716598608399788,-0.06336090988914497,0.5956715679196787,Biotechnology,Healthcare,CYCC
2007Q1,2007,Q1,2007-05-09,2007-03-31,-4890000.0,52000.0,-6637000.0,-453.602268,0.0,0.0,90246000.0,76146000.0,85231000.0,6579000.0,14100000.0,0.0,-143166000.0,140954520.0,65758520.0,7033.622760022169,12.955008359933121,0.00021053564700928572,0.000249520657683923,-0.07830088899867844,7033.622760022169,-0.06421873768812544,2710.663846153846,-7.206263803680982,1.851108659680088,0.0,0.0,0.0,0.0005762028233938346,12.955008359933121,-0.054185227046074064,-22.716280419016922,0.0,0.11279166154146347,0.5343228556228227,0.4638832440421207,0.0,1.0,0.11653116531165311,0.017468541820873425,0.9498012009381468,-0.18664942422562975,-0.629886020085844,Biotechnology,Healthcare,CYCC
